2580 3816
229 173 294 238 290
507 174 580 226 mn.
599 174 673 226 ιον,
692 173 773 226 cAP.
791 175 839 226 m.
858 174 919 228 xn.

229 321 379 402 ποίηντο.
415 314 469 382 ἐπὶ
486 313 610 382 τούτου
627 318 688 382 τοῦ
705 315 869 400 βασιλέως
886 311 904 382 ὁ
922 313 1077 400 Χαγάνος
1095 311 1113 383 ὁ
1131 319 1206 382 τῶν

227 414 379 506 Ἀβάρων
401 412 547 504 άρχηγδς
570 411 716 504 ᾐτήσατο
747 419 907 501 σταλῆναι
937 413 1031 506 αὐτῷ
1062 414 1205 488 οἰκοδό-

230 543 333 606 μους,
355 520 412 584 ῗνα
431 511 524 608 αὐτῷ
544 515 755 603 δομῆσωνται
772 514 918 603 λοετρόν.
954 515 1145 585 σταλέντων
1165 515 1207 586 δὲ

229 619 383 706 γέφυραν
400 615 491 706 παρά
508 612 569 686 τδν
582 615 758 703 Λάνουβιν
776 613 982 710 ᾠκοδόμησε,
999 613 1206 706 βιασάμενος

230 717 316 808 πρός
331 723 432 787 τοῦτο
449 714 593 804 αὐτούς,
618 721 676 786 ἵνα
694 714 741 786 δι’
761 714 867 804 αὐτῆς
884 715 1019 798 ἀπόνως
1038 717 1230 805 περαιοά·τ

229 843 329 908 μενος
352 817 416 907 τῆν
438 815 507 888 ὑπό
527 817 709 906 Ῥωμαίους
733 825 888 906 ληλζηται.
932 820 965 901 έξ
991 820 1139 888 ἐθνικῶν
1165 819 1206 888 δὲ
1282 863 1284 882 ι

231 925 363 1009 πλῆθος
387 921 420 1000 ές
438 917 595 1008 ’χιλιάδας
619 917 751 988 δάδεκα
776 919 1019 1009 συνιστάμενον
1036 915 1207 1008 άθροίσας

128 1023 339 1092 ΨιΙΙοονέων
357 1020 413 1088 καὶ
427 1019 650 1110 σφριγάντων
667 1017 818 1110 ἀνδρῶν,
838 1020 892 1090 ἐπὶ
910 1047 957 1113 τρι
943 1018 1137 1090 έαυτοῦ’
1121 1019 1205 1092 ονό-
1282 1081 1284 1092 ,

233 1149 311 1211 ματι
328 1120 471 1202 τοάτους
490 1115 717 1210 συνεκρότησε
730 1121 932 1212 στράτευμα,
945 1122 1002 1190 καὶ
1016 1121 1206 1211 στρατηγόν
1281 1139 1284 1182 Ι

231 1220 348 1303 αάτολς
366 1222 545 1348 ἐπιστήσας
563 1219 808 1311 Μαυρίκιον
774 1249 834 1293 τον
853 1222 981 1346 κόμητα
999 1250 1068 1292 των
1085 1227 1204 1311 φοιδε-
1217 1251 1242 1292 ιο
1283 1235 1284 1242 ’

133 1313 140 1325 ’
200 1323 347 1413 θράτων
372 1321 474 1393 καὶ
453 1323 722 1445 υποστράτηγον
727 1330 873 1411 Ναρσήν
895 1322 955 1393 τὸν
978 1323 1204 1411 κουβιιιονλά-

234 1451 307 1515 ριου
339 1426 531 1514 ἐκπέπομφε
561 1421 645 1494 κατὰ
675 1429 745 1493 τῶν
775 1430 932 1514 Περσων.
985 1426 1133 1512 πολέμου
1162 1424 1204 1493 δὲ

233 1526 477 1617 συρραγέντος,
502 1523 540 1594 τὸ
559 1522 744 1613 Ῥωμαϊκόν
776 1523 984 1615 όπερτέρησε
1015 1524 1203 1613 στράτευμα

233 1628 291 1696 καὶ
318 1627 431 1708 πόλεις
455 1631 524 1696 τῶν
548 1625 730 1716 βαρβάρων
747 1627 805 1696 καὶ
823 1625 954 1714 πολλήν
970 1625 1084 1717 χάραν
1102 1623 1203 1715 άφεί-

207 1769 209 1774 ·
234 1737 317 1798 λετο.
353 1726 614 1816 ὑποστρέψαντα
639 1726 678 1796 δὲ
701 1726 762 1796 τόν
787 1733 981 1816 Μαυρίκιου
1003 1727 1084 1816 μετά
1109 1733 1203 1816 τιμῆς
1215 1757 1238 1797 ιι

234 1827 252 1896 ὁ
271 1827 429 1916 βασιλεύς
446 1825 643 1915 ὑπεδέξατο,
663 1827 719 1896 καὶ
736 1825 903 1916 κηδεστήν
922 1829 977 1898 ἐπὶ
995 1834 1037 1920 τῆ
1054 1829 1201 1917 θυγατρὶ
1283 1823 1284 1828 ¹

234 1935 477 2020 Κωνσταντίνςι
506 1926 613 1998 ου’τὸν
638 1928 824 2016 ἐποιήσατο.
860 1928 923 2019 τήν
947 1927 978 1999 δ’
1001 1931 1118 2019 ἑτέραν
1141 1927 1204 2018 τῆν

234 2027 368 2118 Χαριτά
385 2035 434 2124 τῷ
452 2035 629 2122 στρατηγῷ
650 2031 824 2113 συνέζευξα
838 2037 1016 2124 Γερμαυῷ,
1030 2031 1086 2099 καὶ
1103 2028 1204 2119 άμφω

234 2131 272 2200 δὲ
289 2138 443 2221 τετίμηκε
460 2138 621 2220 Καίσαρι.
657 2130 747 2224 νόσῳ
773 2131 811 2200 δὲ
835 2131 977 2220 φθινάδι
1001 2131 1202 2222 περιπεσών,

233 2236 275 2302 έν
294 2239 342 2327 τῷ
369 2239 594 2327 τριβουναλίςο
618 2232 773 2320 φοράδην
804 2232 1014 2322 ἐκκομισθεὶς
1047 2235 1119 2303 ἐκεῖ
1145 2229 1240 2302 τόνιο

168 2410 171 2417 f
231 2340 364 2404 οἰκεῖον
388 2332 545 2424 γαμβρόν
572 2340 770 2423 Μαυρίκιον
799 2330 1035 2424 ἀναρρηθῆναι
1065 2335 1206 2422 βασιλέα

233 2442 394 2522 πεποίηκε
407 2441 577 2523 παρουσίᾳ
594 2439 657 2503 τοῦ
675 2433 880 2524 πατριάρχου
890 2431 1053 2504 Ἰωάννου
1070 2437 1128 2504 καὶ
1144 2439 1207 2522 τῆς

232 2533 423 2621 συγκλήτου
449 2535 585 2621 βουλῆς.
621 2533 710 2604 οὕτω
728 2530 766 2604 δ’
784 2533 852 2604 δπδ
871 2541 929 2624 τῆς
947 2535 1053 2606 νόσου
1070 2543 1208 2624 κατείρ-
1282 2581 1283 2584 =

194 2655 334 2721 Βγαστο
366 2631 410 2714 ὡς
433 2633 519 2723 μηδὲ
544 2633 715 2705 δυ’νασθαι
738 2650 809 2717 τοῖς
836 2639 1105 2726 συνειλεγμένοις
1130 2635 1209 2726 ὁμι-
1281 2669 1283 2696 2

231 2741 346 2824 λῆσαι·
375 2732 427 2804 διὸ
452 2736 509 2805 καὶ
533 2734 590 2806 διά
618 2743 751 2827 γραφῆς
768 2736 899 2819 τοάτοις
916 2735 954 2806 τό
974 2739 1098 2808 ἑαυτοῦ
1115 2762 1211 2827 παρ·
1225 2765 1248 2808 ιτ

232 2839 349 2926 έστησε
366 2835 531 2926 βούλημα.
567 2834 785 2926 ὑποστρέψας
808 2836 844 2907 δ’
865 2841 1000 2909 ἐκεῖθεν
1018 2845 1066 2921 εἰς
1082 2835 1124 2908 τά
1142 2846 1210 2927 βοι-

225 2942 341 3008 σίλεια
364 2936 428 3027 τῆν
452 2937 539 3026 ζωήν
565 2939 777 3028 έξεμέτρήσε,
805 2939 1010 3026 βασιλεύσας
1037 2947 1094 3028 ἔτη
1116 2947 1215 3030 τρία,

227 3045 339 3129 μῆνας
357 3040 438 3108 δέκα
455 3041 513 3108 καὶ
529 3035 656 3130 ἡμέρας
673 3034 771 3110 όκτιό.

179 3147 219 3212 12
303 3137 339 3210 ‘0
364 3141 405 3209 δέ
425 3165 465 3226 γε
483 3148 675 3265 Μαυρίκιος
699 3143 759 3231 τῆς
782 3147 853 3211 τάν
870 3146 995 3210 κοινάν
1012 3140 1217 3229 διοικήσεως

231 3250 357 3327 εἴχετο,
382 3239 585 3328 στεφθελς’
564 3240 633 3311 υπὸ
661 3245 724 3311 τοῦ
741 3239 949 3412 πατριάρχου
964 3240 1126 3314 Ἰωάννου
1144 3249 1218 3314 τοῦ
1232 3271 1255 3312 ιο

232 3345 428 3424 νηστευτου.
462 3332 507 3427 ῆν
532 3342 628 3430 δέ,”
608 3369 664 3412 οτε
686 3347 745 3430 τῆς
769 3339 917 3433 αυταρχί
915 3371 955 3425 ας
981 3344 1095 3432 ἐπέβη,
1121 3345 1220 3416 έτῶν

231 3438 478 3525 τεσσαράκοντα
510 3440 597 3532 πρός
627 3450 745 3533 τρισιν.
800 3443 966 3535 ἐγράφετο
997 3440 1033 3515 δ’
1066 3447 1104 3515 έν
1136 3461 1220 3529 τοῖς
