<?xml version="1.0" encoding="UTF-8"?>
<!DOCTYPE html PUBLIC "-//W3C//DTD XHTML 1.0 Transitional//EN"
    "http://www.w3.org/TR/xhtml1/DTD/xhtml1-transitional.dtd">
<html xmlns="http://www.w3.org/1999/xhtml" xml:lang="en" lang="en">
 <head>
  <title>
</title>
<meta http-equiv="Content-Type" content="text/html;charset=utf-8" />
  <meta name='ocr-system' content='tesseract 3.04.00' />
  <meta name='ocr-capabilities' content='ocr_page ocr_carea ocr_par ocr_line ocrx_word'/>
</head>
<body>
  <div class='ocr_page' id='page_1' title='image "./iannoutouznapae01canggoog_0639.png"; bbox 0 0 2566 3800; ppageno 0'>
   <div class='ocr_carea' id='block_1_1' title="bbox 223 139 1053 218">
    <p class='ocr_par' dir='ltr' id='par_1_1' title="bbox 223 139 1053 218">
     <span class='ocr_line' id='line_1_1' title="bbox 223 139 1053 218; baseline -0.004 -15"><span class='ocrx_word' id='word_1_1' title='bbox 223 150 284 216; x_wconf 82' lang='lat'><strong><em>154</em></strong></span> <span class='ocrx_word' id='word_1_2' title='bbox 442 149 517 202; x_wconf 83' lang='lat' dir='ltr'><strong>LIB.</strong></span> <span class='ocrx_word' id='word_1_3' title='bbox 530 150 592 202; x_wconf 87' lang='lat' dir='ltr'>XII.</span> <span class='ocrx_word' id='word_1_4' title='bbox 611 149 690 202; x_wconf 80' lang='lat' dir='ltr'><strong>CAP.</strong></span> <span class='ocrx_word' id='word_1_5' title='bbox 703 149 831 218; x_wconf 86' lang='lat' dir='ltr'>XXVIII.</span> <span class='ocrx_word' id='word_1_6' title='bbox 843 149 944 202; x_wconf 83' lang='lat' dir='ltr'>XXIX.</span> <span class='ocrx_word' id='word_1_7' title='bbox 1049 139 1053 143; x_wconf 39' lang='lat'><strong><em>⁴</em></strong></span> 
     </span>
    </p>
   </div>
   <div class='ocr_carea' id='block_1_2' title="bbox 108 283 1271 3311">
    <p class='ocr_par' dir='ltr' id='par_1_2' title="bbox 214 283 1272 893">
     <span class='ocr_line' id='line_1_2' title="bbox 221 283 1186 383; baseline -0.005 -20"><span class='ocrx_word' id='word_1_8' title='bbox 221 289 377 381; x_wconf 76' lang='grc' dir='ltr'><strong><em>εἰσήλασε</em></strong></span> <span class='ocrx_word' id='word_1_9' title='bbox 402 287 483 380; x_wconf 80' lang='grc' dir='ltr'><strong><em>μετὰ</em></strong></span> <span class='ocrx_word' id='word_1_10' title='bbox 505 283 670 383; x_wconf 80' lang='grc' dir='ltr'><strong><em>σχήματος</em></strong></span> <span class='ocrx_word' id='word_1_11' title='bbox 695 291 883 378; x_wconf 75' lang='grc' dir='ltr'><strong><em>ἰδιωτικοῦ,</em></strong></span> <span class='ocrx_word' id='word_1_12' title='bbox 911 291 965 360; x_wconf 75' lang='grc' dir='ltr'><strong><em>καλ</em></strong></span> <span class='ocrx_word' id='word_1_13' title='bbox 988 285 1105 380; x_wconf 89' lang='grc' dir='ltr'><strong><em>γνώμῃ</em></strong></span> <span class='ocrx_word' id='word_1_14' title='bbox 1127 295 1186 380; x_wconf 83' lang='grc' dir='ltr'><strong><em>τῆς</em></strong></span> 
     </span>
     <span class='ocr_line' id='line_1_3' title="bbox 218 388 1186 484; baseline 0.002 -20"><span class='ocrx_word' id='word_1_15' title='bbox 218 390 409 484; x_wconf 70' lang='grc' dir='ltr'><strong><em>συγκλήτου</em></strong></span> <span class='ocrx_word' id='word_1_16' title='bbox 426 418 463 462; x_wconf 87' lang='grc' dir='ltr'><strong><em>τε</em></strong></span> <span class='ocrx_word' id='word_1_17' title='bbox 480 394 612 462; x_wconf 78' lang='grc' dir='ltr'><strong><em>καὶτοῦ</em></strong></span> <span class='ocrx_word' id='word_1_18' title='bbox 630 389 738 480; x_wconf 90' lang='grc' dir='ltr'><strong><em>δήμου</em></strong></span> <span class='ocrx_word' id='word_1_19' title='bbox 754 388 816 480; x_wconf 87' lang='grc' dir='ltr'><strong><em>τῆν</em></strong></span> <span class='ocrx_word' id='word_1_20' title='bbox 833 389 955 480; x_wconf 84' lang='grc' dir='ltr'><strong><em>στολήν</em></strong></span> <span class='ocrx_word' id='word_1_21' title='bbox 970 389 1186 483; x_wconf 69' lang='grc' dir='ltr'><em>περιεβάλετο</em></span> 
     </span>
     <span class='ocr_line' id='line_1_4' title="bbox 217 489 1185 586; baseline -0.004 -19"><span class='ocrx_word' id='word_1_22' title='bbox 217 494 280 585; x_wconf 84' lang='grc' dir='ltr'><strong><em>τήν</em></strong></span> <span class='ocrx_word' id='word_1_23' title='bbox 308 501 489 583; x_wconf 83' lang='grc' dir='ltr'><strong><em>βασίλειον.</em></strong></span> <span class='ocrx_word' id='word_1_24' title='bbox 543 493 681 564; x_wconf 79' lang='grc' dir='ltr'><strong><em>Σκύθαι</em></strong></span> <span class='ocrx_word' id='word_1_25' title='bbox 712 494 749 563; x_wconf 76' lang='grc' dir='ltr'><strong><em>δέ</em></strong></span> <span class='ocrx_word' id='word_1_26' title='bbox 771 489 834 582; x_wconf 87' lang='grc' dir='ltr'><strong><em>τήν</em></strong></span> <span class='ocrx_word' id='word_1_27' title='bbox 858 491 1039 565; x_wconf 85' lang='grc' dir='ltr'><strong><em>Μαιώτιδα</em></strong></span> <span class='ocrx_word' id='word_1_28' title='bbox 1062 501 1185 586; x_wconf 71' lang='grc' dir='ltr'><strong><em>λίμνην</em></strong></span> 
     </span>
     <span class='ocr_line' id='line_1_5' title="bbox 216 593 1187 690; baseline 0.002 -22"><span class='ocrx_word' id='word_1_29' title='bbox 216 599 271 668; x_wconf 77' lang='grc' dir='ltr'><strong><em>καὶ</em></strong></span> <span class='ocrx_word' id='word_1_30' title='bbox 301 593 361 667; x_wconf 88' lang='grc' dir='ltr'><strong><em>τὸν</em></strong></span> <span class='ocrx_word' id='word_1_31' title='bbox 386 598 496 668; x_wconf 81' lang='grc' dir='ltr'><strong><em>Φᾶσιν</em></strong></span> <span class='ocrx_word' id='word_1_32' title='bbox 525 593 674 685; x_wconf 85' lang='grc' dir='ltr'><strong><em>ποταμόν</em></strong></span> <span class='ocrx_word' id='word_1_33' title='bbox 703 597 951 686; x_wconf 74' lang='grc' dir='ltr'><strong><em>περαιωθέντες</em></strong></span> <span class='ocrx_word' id='word_1_34' title='bbox 977 593 1100 690; x_wconf 80' lang='grc' dir='ltr'><strong><em>Πόντῃ</em></strong></span> <span class='ocrx_word' id='word_1_35' title='bbox 1128 600 1187 670; x_wconf 80' lang='grc' dir='ltr'><strong><em>καὶ</em></strong></span> 
     </span>
     <span class='ocr_line' id='line_1_6' title="bbox 215 698 1208 794; baseline -0.005 -23"><span class='ocrx_word' id='word_1_36' title='bbox 215 703 443 790; x_wconf 80' lang='grc' dir='ltr'><strong><em>Καππαδοκίῃ</em></strong></span> <span class='ocrx_word' id='word_1_37' title='bbox 478 699 630 786; x_wconf 87' lang='grc' dir='ltr'><strong><em>ἐπῆλθον</em></strong></span> <span class='ocrx_word' id='word_1_38' title='bbox 671 699 727 767; x_wconf 75' lang='grc' dir='ltr'><strong><em>καὶ</em></strong></span> <span class='ocrx_word' id='word_1_39' title='bbox 762 704 910 789; x_wconf 78' lang='grc' dir='ltr'><strong><em>Γαλατία</em></strong></span> <span class='ocrx_word' id='word_1_40' title='bbox 945 698 1002 768; x_wconf 80' lang='grc' dir='ltr'><strong><em>καὶ</em></strong></span> <span class='ocrx_word' id='word_1_41' title='bbox 1036 707 1208 794; x_wconf 80' lang='grc' dir='ltr'><strong><em>Κιλικίᾳ.σ</em></strong></span> 
     </span>
     <span class='ocr_line' id='line_1_7' title="bbox 214 796 1186 893; baseline 0 -21"><span class='ocrx_word' id='word_1_42' title='bbox 214 797 343 882; x_wconf 78' lang='grc' dir='ltr'><strong><em>τούτοις</em></strong></span> <span class='ocrx_word' id='word_1_43' title='bbox 366 797 385 870; x_wconf 86' lang='grc' dir='ltr'>ὁ</span> <span class='ocrx_word' id='word_1_44' title='bbox 408 797 545 882; x_wconf 87' lang='grc' dir='ltr'><strong><em>Τάκιτος</em></strong></span> <span class='ocrx_word' id='word_1_45' title='bbox 567 801 736 892; x_wconf 77' lang='grc' dir='ltr'><strong><em>συμμίξας</em></strong></span> <span class='ocrx_word' id='word_1_46' title='bbox 750 799 805 868; x_wconf 78' lang='grc' dir='ltr'><strong><em>καὶ</em></strong></span> <span class='ocrx_word' id='word_1_47' title='bbox 822 796 841 869; x_wconf 84' lang='grc' dir='ltr'><strong><em>ό</em></strong></span> <span class='ocrx_word' id='word_1_48' title='bbox 861 797 1057 889; x_wconf 88' lang='grc' dir='ltr'><strong><em>Φλωριανὸς</em></strong></span> <span class='ocrx_word' id='word_1_49' title='bbox 1074 796 1186 893; x_wconf 83' lang='grc' dir='ltr'><strong><em>ύπαρ-</em></strong></span> 
     </span>
    </p>

    <p class='ocr_par' dir='ltr' id='par_1_3' title="bbox 181 895 1223 1602">
     <span class='ocr_line' id='line_1_8' title="bbox 181 895 1185 993; baseline -0.002 -17"><span class='ocrx_word' id='word_1_50' title='bbox 181 923 272 993; x_wconf 77' lang='grc' dir='ltr'><strong><em>οῃος</em></strong></span> <span class='ocrx_word' id='word_1_51' title='bbox 290 897 339 972; x_wconf 86' lang='grc' dir='ltr'><strong><em>ών</em></strong></span> <span class='ocrx_word' id='word_1_52' title='bbox 356 897 500 984; x_wconf 83' lang='grc' dir='ltr'><strong><em>πολλούς</em></strong></span> <span class='ocrx_word' id='word_1_53' title='bbox 517 895 671 990; x_wconf 77' lang='grc' dir='ltr'><strong><em>ἀνεῖλον,</em></strong></span> <span class='ocrx_word' id='word_1_54' title='bbox 691 905 727 971; x_wconf 76' lang='grc' dir='ltr'><strong><em>οἱ</em></strong></span> <span class='ocrx_word' id='word_1_55' title='bbox 742 900 781 972; x_wconf 73' lang='grc' dir='ltr'><strong><em>δὲ</em></strong></span> <span class='ocrx_word' id='word_1_56' title='bbox 798 901 910 970; x_wconf 74' lang='grc' dir='ltr'><strong><em>λοιποὶ</em></strong></span> <span class='ocrx_word' id='word_1_57' title='bbox 926 905 1020 993; x_wconf 80' lang='grc' dir='ltr'><strong><em>φυγή</em></strong></span> <span class='ocrx_word' id='word_1_58' title='bbox 1037 899 1099 989; x_wconf 87' lang='grc' dir='ltr'><strong><em>τήν</em></strong></span> <span class='ocrx_word' id='word_1_59' title='bbox 1115 926 1185 974; x_wconf 88' lang='grc' dir='ltr'><strong><em>σω-</em></strong></span> 
     </span>
     <span class='ocr_line' id='line_1_9' title="bbox 204 999 1187 1096; baseline 0.001 -22"><span class='ocrx_word' id='word_1_60' title='bbox 204 1009 334 1096; x_wconf 81' lang='grc' dir='ltr'><strong><em>τηρίαν</em></strong></span> <span class='ocrx_word' id='word_1_61' title='bbox 358 999 679 1094; x_wconf 85' lang='grc' dir='ltr'><strong><em>ἐπραγματεύσαντο.</em></strong></span> <span class='ocrx_word' id='word_1_62' title='bbox 724 1005 918 1091; x_wconf 76' lang='grc' dir='ltr'><strong><em>Μαξιμλνον</em></strong></span> <span class='ocrx_word' id='word_1_63' title='bbox 943 1008 984 1076; x_wconf 85' lang='grc' dir='ltr'><strong><em>δέ</em></strong></span> <span class='ocrx_word' id='word_1_64' title='bbox 1004 1029 1078 1074; x_wconf 87' lang='grc' dir='ltr'><strong><em>τινα</em></strong></span> <span class='ocrx_word' id='word_1_65' title='bbox 1101 1027 1187 1094; x_wconf 90' lang='grc' dir='ltr'><strong><em>συγ-</em></strong></span> 
     </span>
     <span class='ocr_line' id='line_1_10' title="bbox 213 1099 1186 1197; baseline 0.002 -21"><span class='ocrx_word' id='word_1_66' title='bbox 213 1109 296 1196; x_wconf 89' lang='grc' dir='ltr'><strong><em>γενῆ</em></strong></span> <span class='ocrx_word' id='word_1_67' title='bbox 330 1108 453 1177; x_wconf 82' lang='grc' dir='ltr'><strong><em>ἑαυτοῦ</em></strong></span> <span class='ocrx_word' id='word_1_68' title='bbox 489 1099 637 1194; x_wconf 76' lang='grc' dir='ltr'><strong><em>ἡγεμόνα</em></strong></span> <span class='ocrx_word' id='word_1_69' title='bbox 672 1107 730 1192; x_wconf 89' lang='grc' dir='ltr'><strong><em>τῆς</em></strong></span> <span class='ocrx_word' id='word_1_70' title='bbox 766 1109 896 1193; x_wconf 79' lang='grc' dir='ltr'><strong><em>Συρίας</em></strong></span> <span class='ocrx_word' id='word_1_71' title='bbox 936 1113 1186 1197; x_wconf 86' lang='grc' dir='ltr'><strong><em>προεχειρίσατο</em></strong></span> 
     </span>
     <span class='ocr_line' id='line_1_11' title="bbox 218 1201 1223 1299; baseline 0.001 -22"><span class='ocrx_word' id='word_1_72' title='bbox 218 1205 372 1289; x_wconf 85' lang='grc' dir='ltr'><strong><em>Τάκιτος’</em></strong></span> <span class='ocrx_word' id='word_1_73' title='bbox 426 1205 445 1278; x_wconf 85' lang='grc' dir='ltr'>ὁ</span> <span class='ocrx_word' id='word_1_74' title='bbox 470 1205 508 1277; x_wconf 72' lang='grc' dir='ltr'><strong><em>δὲ</em></strong></span> <span class='ocrx_word' id='word_1_75' title='bbox 533 1208 642 1288; x_wconf 73' lang='grc' dir='ltr'><strong><em>κακῶς</em></strong></span> <span class='ocrx_word' id='word_1_76' title='bbox 666 1209 707 1296; x_wconf 86' lang='grc' dir='ltr'><strong><em>τῆ</em></strong></span> <span class='ocrx_word' id='word_1_77' title='bbox 730 1201 815 1297; x_wconf 81' lang='grc' dir='ltr'><strong><em>ἀρχῇ</em></strong></span> <span class='ocrx_word' id='word_1_78' title='bbox 839 1204 1008 1296; x_wconf 87' lang='grc' dir='ltr'><strong><em>χρώμενος</em></strong></span> <span class='ocrx_word' id='word_1_79' title='bbox 1031 1204 1185 1299; x_wconf 77' lang='grc' dir='ltr'><strong><em>ἀνῃρέθη</em></strong></span> <span class='ocrx_word' id='word_1_80' title='bbox 1198 1236 1223 1278; x_wconf 82' lang='grc' dir='ltr'><strong><em>ιο</em></strong></span> 
     </span>
     <span class='ocr_line' id='line_1_12' title="bbox 211 1303 1185 1398; baseline 0.001 -18"><span class='ocrx_word' id='word_1_81' title='bbox 211 1305 540 1398; x_wconf 72' lang='grc' dir='ltr'><strong><em>παρόστρατιωτών,</em></strong></span> <span class='ocrx_word' id='word_1_82' title='bbox 575 1309 631 1378; x_wconf 77' lang='grc' dir='ltr'><strong><em>καὶ</em></strong></span> <span class='ocrx_word' id='word_1_83' title='bbox 657 1313 830 1389; x_wconf 88' lang='grc' dir='ltr'><strong><em>δείσαντες</em></strong></span> <span class='ocrx_word' id='word_1_84' title='bbox 853 1313 890 1378; x_wconf 79' lang='grc' dir='ltr'><strong><em>ολ</em></strong></span> <span class='ocrx_word' id='word_1_85' title='bbox 908 1315 1029 1380; x_wconf 84' lang='grc' dir='ltr'><strong><em>τοῦτον</em></strong></span> <span class='ocrx_word' id='word_1_86' title='bbox 1046 1303 1185 1381; x_wconf 83' lang='grc' dir='ltr'><strong><em>ἀνελόν-</em></strong></span> 
     </span>
     <span class='ocr_line' id='line_1_13' title="bbox 211 1403 1187 1502; baseline -0.002 -20"><span class='ocrx_word' id='word_1_87' title='bbox 211 1439 265 1494; x_wconf 88' lang='grc' dir='ltr'><strong><em>τες</em></strong></span> <span class='ocrx_word' id='word_1_88' title='bbox 284 1405 330 1493; x_wconf 85' lang='grc' dir='ltr'><strong><em>ώς</em></strong></span> <span class='ocrx_word' id='word_1_89' title='bbox 347 1406 411 1481; x_wconf 89' lang='grc' dir='ltr'><strong><em>ούκ</em></strong></span> <span class='ocrx_word' id='word_1_90' title='bbox 428 1406 655 1500; x_wconf 79' lang='grc' dir='ltr'><strong><em>ἀτιμωρήτους</em></strong></span> <span class='ocrx_word' id='word_1_91' title='bbox 673 1405 797 1492; x_wconf 84' lang='grc' dir='ltr'><strong><em>αύτούς</em></strong></span> <span class='ocrx_word' id='word_1_92' title='bbox 813 1403 832 1479; x_wconf 83' lang='grc' dir='ltr'>ὁ</span> <span class='ocrx_word' id='word_1_93' title='bbox 850 1405 1065 1500; x_wconf 70' lang='grc' dir='ltr'><strong><em>αὐτοκράτωρ</em></strong></span> <span class='ocrx_word' id='word_1_94' title='bbox 1080 1411 1187 1502; x_wconf 78' lang='grc' dir='ltr'><strong><em>παρό-</em></strong></span> 
     </span>
     <span class='ocr_line' id='line_1_14' title="bbox 211 1507 1187 1602; baseline -0.001 -19"><span class='ocrx_word' id='word_1_95' title='bbox 211 1528 320 1602; x_wconf 80' lang='grc' dir='ltr'><strong><em>ψεται,</em></strong></span> <span class='ocrx_word' id='word_1_96' title='bbox 340 1509 571 1596; x_wconf 73' lang='grc' dir='ltr'><strong><em>ἐπιδιώξαντες</em></strong></span> <span class='ocrx_word' id='word_1_97' title='bbox 589 1507 746 1582; x_wconf 79' lang='grc' dir='ltr'><strong><em>κάκείνου</em></strong></span> <span class='ocrx_word' id='word_1_98' title='bbox 763 1509 912 1601; x_wconf 69' lang='grc' dir='ltr'><strong><em>ἀνεῖλον,</em></strong></span> <span class='ocrx_word' id='word_1_99' title='bbox 930 1512 1024 1584; x_wconf 79' lang='grc' dir='ltr'><strong><em>οὕτω</em></strong></span> <span class='ocrx_word' id='word_1_100' title='bbox 1038 1515 1187 1602; x_wconf 76' lang='grc' dir='ltr'><strong><em>ἕβδομον</em></strong></span> 
     </span>
    </p>

    <p class='ocr_par' dir='ltr' id='par_1_4' title="bbox 157 1610 1220 1796">
     <span class='ocr_line' id='line_1_15' title="bbox 157 1610 1186 1710; baseline -0.002 -24"><span class='ocrx_word' id='word_1_101' title='bbox 157 1705 163 1710; x_wconf 84' lang='lat'><em>.</em></span> <span class='ocrx_word' id='word_1_102' title='bbox 210 1619 301 1703; x_wconf 88' lang='grc' dir='ltr'><strong><em>μῆνα</em></strong></span> <span class='ocrx_word' id='word_1_103' title='bbox 317 1611 408 1703; x_wconf 84' lang='grc' dir='ltr'><strong><em>παρά</em></strong></span> <span class='ocrx_word' id='word_1_104' title='bbox 425 1619 467 1704; x_wconf 80' lang='grc' dir='ltr'><strong><em>τῇ</em></strong></span> <span class='ocrx_word' id='word_1_105' title='bbox 486 1618 640 1704; x_wconf 80' lang='grc' dir='ltr'><strong><em>βασιλείῃ</em></strong></span> <span class='ocrx_word' id='word_1_106' title='bbox 656 1610 848 1703; x_wconf 82' lang='grc' dir='ltr'><strong><em>ἀνώσαντα,</em></strong></span> <span class='ocrx_word' id='word_1_107' title='bbox 868 1613 951 1684; x_wconf 88' lang='grc' dir='ltr'><strong><em>κατά</em></strong></span> <span class='ocrx_word' id='word_1_108' title='bbox 972 1615 1012 1684; x_wconf 79' lang='grc' dir='ltr'><strong><em>δέ</em></strong></span> <span class='ocrx_word' id='word_1_109' title='bbox 1026 1641 1120 1696; x_wconf 86' lang='grc' dir='ltr'><strong><em>τινας</em></strong></span> <span class='ocrx_word' id='word_1_110' title='bbox 1138 1615 1186 1706; x_wconf 84' lang='grc' dir='ltr'><strong><em>μή</em></strong></span> 
     </span>
     <span class='ocr_line' id='line_1_16' title="bbox 210 1711 1220 1796; baseline -0.005 -11"><span class='ocrx_word' id='word_1_111' title='bbox 210 1711 309 1796; x_wconf 81' lang='grc' dir='ltr'><strong><em>ὅλους</em></strong></span> <span class='ocrx_word' id='word_1_112' title='bbox 327 1713 389 1786; x_wconf 91' lang='grc' dir='ltr'><strong><em>δύο</em></strong></span> <span class='ocrx_word' id='word_1_113' title='bbox 407 1711 590 1796; x_wconf 84' lang='grc' dir='ltr'><strong><em>ἐνιαυτούς.</em></strong></span> <span class='ocrx_word' id='word_1_114' title='bbox 1196 1744 1220 1788; x_wconf 74' lang='grc' dir='ltr'><strong><em>ιι</em></strong></span> 
     </span>
    </p>

    <p class='ocr_par' dir='ltr' id='par_1_5' title="bbox 108 1811 1187 1910">
     <span class='ocr_line' id='line_1_17' title="bbox 108 1811 1187 1910; baseline 0.002 -24"><span class='ocrx_word' id='word_1_115' title='bbox 108 1811 234 1864; x_wconf 77' lang='lat' dir='ltr'>wn241</span> <span class='ocrx_word' id='word_1_116' title='bbox 291 1819 359 1887; x_wconf 83' lang='grc' dir='ltr'><strong><em>Καὶ</em></strong></span> <span class='ocrx_word' id='word_1_117' title='bbox 375 1813 497 1886; x_wconf 88' lang='grc' dir='ltr'><strong><em>τούτου</em></strong></span> <span class='ocrx_word' id='word_1_118' title='bbox 514 1818 699 1908; x_wconf 77' lang='grc' dir='ltr'><strong><em>σφαγέντος</em></strong></span> <span class='ocrx_word' id='word_1_119' title='bbox 719 1813 781 1888; x_wconf 89' lang='grc' dir='ltr'><strong><em>δύο</em></strong></span> <span class='ocrx_word' id='word_1_120' title='bbox 798 1813 881 1888; x_wconf 84' lang='grc' dir='ltr'><strong><em>κατά</em></strong></span> <span class='ocrx_word' id='word_1_121' title='bbox 898 1811 1021 1888; x_wconf 86' lang='grc' dir='ltr'><strong><em>ταύτόν</em></strong></span> <span class='ocrx_word' id='word_1_122' title='bbox 1038 1812 1187 1910; x_wconf 85' lang='grc' dir='ltr'><strong><em>ἀνερρή-</em></strong></span> 
     </span>
    </p>

    <p class='ocr_par' dir='ltr' id='par_1_6' title="bbox 181 1877 1186 2217">
     <span class='ocr_line' id='line_1_18' title="bbox 181 1877 1186 2014; baseline 0.005 -27"><span class='ocrx_word' id='word_1_123' title='bbox 181 1877 326 2007; x_wconf 83' lang='grc' dir='ltr'><strong><em>9θησαν</em></strong></span> <span class='ocrx_word' id='word_1_124' title='bbox 332 1924 493 2006; x_wconf 78' lang='grc' dir='ltr'><strong><em>βασιλεῖς,</em></strong></span> <span class='ocrx_word' id='word_1_125' title='bbox 504 1916 637 2009; x_wconf 85' lang='grc' dir='ltr'><strong><em>Πρόβος</em></strong></span> <span class='ocrx_word' id='word_1_126' title='bbox 644 1918 751 2008; x_wconf 67' lang='grc' dir='ltr'><strong><em>μὲνέν</em></strong></span> <span class='ocrx_word' id='word_1_127' title='bbox 763 1921 804 2009; x_wconf 83' lang='grc' dir='ltr'><strong><em>τῆ</em></strong></span> <span class='ocrx_word' id='word_1_128' title='bbox 815 1915 883 2014; x_wconf 76' lang='grc' dir='ltr'><strong><em>ἑώᾳ</em></strong></span> <span class='ocrx_word' id='word_1_129' title='bbox 900 1917 992 2009; x_wconf 82' lang='grc' dir='ltr'><strong><em>παρὰ</em></strong></span> <span class='ocrx_word' id='word_1_130' title='bbox 1003 1923 1072 1990; x_wconf 82' lang='grc' dir='ltr'><strong><em>τών</em></strong></span> <span class='ocrx_word' id='word_1_131' title='bbox 1082 1941 1186 2014; x_wconf 87' lang='grc' dir='ltr'><strong><em>στρα-</em></strong></span> 
     </span>
     <span class='ocr_line' id='line_1_19' title="bbox 210 2014 1184 2113; baseline 0.005 -24"><span class='ocrx_word' id='word_1_132' title='bbox 210 2022 351 2108; x_wconf 75' lang='grc' dir='ltr'><strong><em>τιωτοὶν,</em></strong></span> <span class='ocrx_word' id='word_1_133' title='bbox 370 2022 407 2091; x_wconf 87' lang='grc' dir='ltr'><strong><em>ἐν</em></strong></span> <span class='ocrx_word' id='word_1_134' title='bbox 425 2021 462 2090; x_wconf 78' lang='grc' dir='ltr'><strong><em>δδ</em></strong></span> <span class='ocrx_word' id='word_1_135' title='bbox 475 2014 584 2112; x_wconf 76' lang='grc' dir='ltr'><strong><em>Ῥώμῃ</em></strong></span> <span class='ocrx_word' id='word_1_136' title='bbox 595 2017 685 2109; x_wconf 74' lang='grc' dir='ltr'><strong><em>παρὰ</em></strong></span> <span class='ocrx_word' id='word_1_137' title='bbox 698 2023 756 2109; x_wconf 88' lang='grc' dir='ltr'><strong><em>τῆς</em></strong></span> <span class='ocrx_word' id='word_1_138' title='bbox 770 2019 963 2110; x_wconf 79' lang='grc' dir='ltr'><strong><em>συγκλήτου</em></strong></span> <span class='ocrx_word' id='word_1_139' title='bbox 977 2020 1184 2113; x_wconf 82' lang='grc' dir='ltr'><strong><em>Φλωριανός.</em></strong></span> 
     </span>
     <span class='ocr_line' id='line_1_20' title="bbox 210 2111 1185 2217; baseline 0.001 -25"><span class='ocrx_word' id='word_1_140' title='bbox 210 2124 266 2192; x_wconf 77' lang='grc' dir='ltr'><strong><em>καὶ</em></strong></span> <span class='ocrx_word' id='word_1_141' title='bbox 290 2111 394 2214; x_wconf 80' lang='grc' dir='ltr'><strong><em>ἦρχον</em></strong></span> <span class='ocrx_word' id='word_1_142' title='bbox 418 2118 536 2212; x_wconf 83' lang='grc' dir='ltr'><strong><em>ἀμφω,</em></strong></span> <span class='ocrx_word' id='word_1_143' title='bbox 569 2119 704 2212; x_wconf 78' lang='grc' dir='ltr'><strong><em>Πρόβος</em></strong></span> <span class='ocrx_word' id='word_1_144' title='bbox 727 2123 789 2212; x_wconf 72' lang='grc' dir='ltr'><strong><em>μὲν</em></strong></span> <span class='ocrx_word' id='word_1_145' title='bbox 813 2127 851 2194; x_wconf 87' lang='grc' dir='ltr'><strong><em>ἐν</em></strong></span> <span class='ocrx_word' id='word_1_146' title='bbox 873 2127 915 2214; x_wconf 85' lang='grc' dir='ltr'><strong><em>τῆ</em></strong></span> <span class='ocrx_word' id='word_1_147' title='bbox 940 2121 1103 2217; x_wconf 73' lang='grc' dir='ltr'><strong><em>Αἰγύπτῳ</em></strong></span> <span class='ocrx_word' id='word_1_148' title='bbox 1125 2126 1185 2194; x_wconf 80' lang='grc' dir='ltr'><strong><em>καὶ</em></strong></span> 
     </span>
    </p>

    <p class='ocr_par' dir='ltr' id='par_1_7' title="bbox 174 2221 1271 3311">
     <span class='ocr_line' id='line_1_21' title="bbox 174 2221 1227 2316; baseline 0.003 -23"><span class='ocrx_word' id='word_1_149' title='bbox 174 2243 199 2293; x_wconf 89' lang='lat' dir='ltr'>D</span> <span class='ocrx_word' id='word_1_150' title='bbox 212 2229 324 2316; x_wconf 84' lang='grc' dir='ltr'><strong><em>Συρίῃ</em></strong></span> <span class='ocrx_word' id='word_1_151' title='bbox 348 2225 403 2294; x_wconf 77' lang='grc' dir='ltr'><strong><em>καὶ</em></strong></span> <span class='ocrx_word' id='word_1_152' title='bbox 429 2229 570 2315; x_wconf 78' lang='grc' dir='ltr'><strong><em>Φοινίκῃ</em></strong></span> <span class='ocrx_word' id='word_1_153' title='bbox 595 2225 650 2295; x_wconf 84' lang='grc' dir='ltr'><strong><em>καὶ</em></strong></span> <span class='ocrx_word' id='word_1_154' title='bbox 674 2230 901 2316; x_wconf 87' lang='grc' dir='ltr'><strong><em>Παλαιστίνῃ,</em></strong></span> <span class='ocrx_word' id='word_1_155' title='bbox 927 2221 945 2295; x_wconf 86' lang='grc' dir='ltr'>ὁ</span> <span class='ocrx_word' id='word_1_156' title='bbox 970 2228 1010 2296; x_wconf 87' lang='grc' dir='ltr'><strong><em>δί</em></strong></span> <span class='ocrx_word' id='word_1_157' title='bbox 1031 2253 1068 2314; x_wconf 88' lang='grc' dir='ltr'><strong><em>γε</em></strong></span> <span class='ocrx_word' id='word_1_158' title='bbox 1086 2233 1184 2296; x_wconf 86' lang='grc' dir='ltr'><strong><em>Φλω·</em></strong></span> <span class='ocrx_word' id='word_1_159' title='bbox 1199 2255 1227 2296; x_wconf 76' lang='grc' dir='ltr'><strong><em>το</em></strong></span> 
     </span>
     <span class='ocr_line' id='line_1_22' title="bbox 209 2321 1184 2417; baseline 0.002 -22"><span class='ocrx_word' id='word_1_160' title='bbox 209 2323 324 2412; x_wconf 87' lang='grc' dir='ltr'><strong><em>ριανὸς</em></strong></span> <span class='ocrx_word' id='word_1_161' title='bbox 342 2329 379 2396; x_wconf 84' lang='grc' dir='ltr'><strong><em>ἐκ</em></strong></span> <span class='ocrx_word' id='word_1_162' title='bbox 392 2331 545 2407; x_wconf 85' lang='grc' dir='ltr'><strong><em>Κιλικίας</em></strong></span> <span class='ocrx_word' id='word_1_163' title='bbox 558 2328 671 2415; x_wconf 82' lang='grc' dir='ltr'><strong><em>μέχρις</em></strong></span> <span class='ocrx_word' id='word_1_164' title='bbox 687 2321 827 2408; x_wconf 86' lang='grc' dir='ltr'><strong><em>Ἰταλίας</em></strong></span> <span class='ocrx_word' id='word_1_165' title='bbox 840 2329 899 2397; x_wconf 77' lang='grc' dir='ltr'><strong><em>καὶ</em></strong></span> <span class='ocrx_word' id='word_1_166' title='bbox 909 2333 977 2397; x_wconf 82' lang='grc' dir='ltr'><strong><em>τιδν</em></strong></span> <span class='ocrx_word' id='word_1_167' title='bbox 986 2325 1184 2417; x_wconf 77' lang='grc' dir='ltr'><strong><em>Ἑσπερίαν.</em></strong></span> 
     </span>
     <span class='ocr_line' id='line_1_23' title="bbox 208 2415 1187 2520; baseline 0.002 -24"><span class='ocrx_word' id='word_1_168' title='bbox 208 2423 286 2496; x_wconf 89' lang='grc' dir='ltr'><strong><em>ἀλλ’</em></strong></span> <span class='ocrx_word' id='word_1_169' title='bbox 312 2415 409 2507; x_wconf 76' lang='grc' dir='ltr'><strong><em>οὗτος</em></strong></span> <span class='ocrx_word' id='word_1_170' title='bbox 434 2421 514 2497; x_wconf 79' lang='grc' dir='ltr'><strong><em>οὐδ’</em></strong></span> <span class='ocrx_word' id='word_1_171' title='bbox 539 2421 618 2498; x_wconf 84' lang='grc' dir='ltr'><strong><em>όλον</em></strong></span> <span class='ocrx_word' id='word_1_172' title='bbox 641 2433 803 2518; x_wconf 81' lang='grc' dir='ltr'><strong><em>τρίμηνον</em></strong></span> <span class='ocrx_word' id='word_1_173' title='bbox 826 2425 955 2510; x_wconf 80' lang='grc' dir='ltr'><strong><em>ἀνύσας</em></strong></span> <span class='ocrx_word' id='word_1_174' title='bbox 980 2431 1017 2500; x_wconf 89' lang='grc' dir='ltr'><strong><em>ἐν</em></strong></span> <span class='ocrx_word' id='word_1_175' title='bbox 1038 2432 1080 2519; x_wconf 80' lang='grc' dir='ltr'><strong><em>τῆ</em></strong></span> <span class='ocrx_word' id='word_1_176' title='bbox 1096 2424 1187 2520; x_wconf 71' lang='grc' dir='ltr'><strong><em>ἀρχῇ</em></strong></span> 
     </span>
     <span class='ocr_line' id='line_1_24' title="bbox 209 2522 1189 2616; baseline 0.005 -20"><span class='ocrx_word' id='word_1_177' title='bbox 209 2529 266 2596; x_wconf 76' lang='grc' dir='ltr'><strong><em>καλ</em></strong></span> <span class='ocrx_word' id='word_1_178' title='bbox 282 2529 340 2614; x_wconf 85' lang='grc' dir='ltr'><strong><em>τῆς</em></strong></span> <span class='ocrx_word' id='word_1_179' title='bbox 359 2529 441 2615; x_wconf 74' lang='grc' dir='ltr'><strong><em>ζωῆς</em></strong></span> <span class='ocrx_word' id='word_1_180' title='bbox 459 2522 527 2616; x_wconf 83' lang='grc' dir='ltr'><strong><em>ἀμα</em></strong></span> <span class='ocrx_word' id='word_1_181' title='bbox 544 2529 602 2597; x_wconf 79' lang='grc' dir='ltr'><strong><em>καὶ</em></strong></span> <span class='ocrx_word' id='word_1_182' title='bbox 617 2531 678 2616; x_wconf 88' lang='grc' dir='ltr'><strong><em>τῆς</em></strong></span> <span class='ocrx_word' id='word_1_183' title='bbox 692 2533 844 2612; x_wconf 84' lang='grc' dir='ltr'><strong><em>ἐξουσίας</em></strong></span> <span class='ocrx_word' id='word_1_184' title='bbox 859 2531 1073 2601; x_wconf 69' lang='grc' dir='ltr'><strong><em>ἐκπέπτωκεν</em></strong></span> <span class='ocrx_word' id='word_1_185' title='bbox 1085 2525 1189 2601; x_wconf 87' lang='grc' dir='ltr'><strong><em>ἀναι-</em></strong></span> 
     </span>
     <span class='ocr_line' id='line_1_25' title="bbox 208 2625 1189 2722; baseline 0.005 -25"><span class='ocrx_word' id='word_1_186' title='bbox 208 2629 322 2716; x_wconf 85' lang='grc' dir='ltr'><strong><em>ρεθεὶς</em></strong></span> <span class='ocrx_word' id='word_1_187' title='bbox 351 2625 418 2698; x_wconf 77' lang='grc' dir='ltr'><strong><em>ὑπὸ</em></strong></span> <span class='ocrx_word' id='word_1_188' title='bbox 450 2631 662 2716; x_wconf 70' lang='grc' dir='ltr'><strong><em>στρατιωτῶν</em></strong></span> <span class='ocrx_word' id='word_1_189' title='bbox 692 2630 783 2722; x_wconf 81' lang='grc' dir='ltr'><strong><em>παρὰ</em></strong></span> <span class='ocrx_word' id='word_1_190' title='bbox 814 2630 955 2722; x_wconf 80' lang='grc' dir='ltr'><strong><em>Πρόβου</em></strong></span> <span class='ocrx_word' id='word_1_191' title='bbox 990 2634 1189 2721; x_wconf 77' lang='grc' dir='ltr'><strong><em>λεγομένων</em></strong></span> 
     </span>
     <span class='ocr_line' id='line_1_26' title="bbox 207 2727 1233 2824; baseline 0.007 -26"><span class='ocrx_word' id='word_1_192' title='bbox 207 2733 378 2818; x_wconf 87' lang='grc' dir='ltr'><strong><em>σταλῆναι.</em></strong></span> <span class='ocrx_word' id='word_1_193' title='bbox 414 2733 474 2800; x_wconf 82' lang='grc' dir='ltr'><strong><em>τού</em></strong></span> <span class='ocrx_word' id='word_1_194' title='bbox 498 2731 536 2801; x_wconf 77' lang='grc' dir='ltr'><strong><em>δέ</em></strong></span> <span class='ocrx_word' id='word_1_195' title='bbox 558 2728 741 2821; x_wconf 87' lang='grc' dir='ltr'><strong><em>θανόντος,</em></strong></span> <span class='ocrx_word' id='word_1_196' title='bbox 769 2727 814 2815; x_wconf 83' lang='grc' dir='ltr'><strong><em>ώς</em></strong></span> <span class='ocrx_word' id='word_1_197' title='bbox 838 2744 983 2824; x_wconf 82' lang='grc' dir='ltr'><strong><em>ελρῃται,</em></strong></span> <span class='ocrx_word' id='word_1_198' title='bbox 1008 2731 1233 2823; x_wconf 73' lang='grc' dir='ltr'><strong><em>ὅΠρόβοςεε</em></strong></span> 
     </span>
     <span class='ocr_line' id='line_1_27' title="bbox 206 2827 1189 2924; baseline 0.004 -22"><span class='ocrx_word' id='word_1_199' title='bbox 206 2828 269 2919; x_wconf 84' lang='grc' dir='ltr'><strong><em>τὴν</em></strong></span> <span class='ocrx_word' id='word_1_200' title='bbox 290 2827 375 2920; x_wconf 85' lang='grc' dir='ltr'><strong><em>όλῃν</em></strong></span> <span class='ocrx_word' id='word_1_201' title='bbox 399 2835 553 2916; x_wconf 78' lang='grc' dir='ltr'><strong><em>ἐξουσίαν</em></strong></span> <span class='ocrx_word' id='word_1_202' title='bbox 575 2832 803 2924; x_wconf 75' lang='grc' dir='ltr'><strong><em>περιεζώσατο.</em></strong></span> <span class='ocrx_word' id='word_1_203' title='bbox 828 2891 831 2898; x_wconf 94' lang='grc'><em>.</em></span> <span class='ocrx_word' id='word_1_204' title='bbox 856 2830 894 2916; x_wconf 83' lang='grc' dir='ltr'><strong><em>δς</em></strong></span> <span class='ocrx_word' id='word_1_205' title='bbox 920 2833 1189 2924; x_wconf 73' lang='grc' dir='ltr'><strong><em>ἐλλογιμώτατος</em></strong></span> 
     </span>
     <span class='ocr_line' id='line_1_28' title="bbox 208 2929 1271 3025; baseline 0.002 -21"><span class='ocrx_word' id='word_1_206' title='bbox 208 2933 295 3004; x_wconf 84' lang='grc' dir='ltr'><strong><em>εἶναι</em></strong></span> <span class='ocrx_word' id='word_1_207' title='bbox 319 2930 506 3025; x_wconf 82' lang='grc' dir='ltr'><strong><em>ἱστόρηται,</em></strong></span> <span class='ocrx_word' id='word_1_208' title='bbox 537 2936 593 3005; x_wconf 84' lang='grc' dir='ltr'><strong><em>καὶ</em></strong></span> <span class='ocrx_word' id='word_1_209' title='bbox 624 2934 709 3005; x_wconf 88' lang='grc' dir='ltr'><strong><em>κατδι</em></strong></span> <span class='ocrx_word' id='word_1_210' title='bbox 739 2940 873 3007; x_wconf 77' lang='grc' dir='ltr'><strong><em>πολλῶν</em></strong></span> <span class='ocrx_word' id='word_1_211' title='bbox 898 2939 1011 3007; x_wconf 81' lang='grc' dir='ltr'><strong><em>ἐθνών</em></strong></span> <span class='ocrx_word' id='word_1_212' title='bbox 1036 2933 1190 3025; x_wconf 84' lang='grc' dir='ltr'><strong><em>τρόπαια</em></strong></span> <span class='ocrx_word' id='word_1_213' title='bbox 1270 2929 1271 2938; x_wconf 37' lang='grc'><strong>“</strong></span> 
     </span>
     <span class='ocr_line' id='line_1_29' title="bbox 206 3033 1191 3128; baseline 0.006 -24"><span class='ocrx_word' id='word_1_214' title='bbox 206 3033 482 3124; x_wconf 49' lang='grc' dir='ltr'><strong><em>στήσασθαι,.καλ</em></strong></span> <span class='ocrx_word' id='word_1_215' title='bbox 499 3033 579 3118; x_wconf 81' lang='grc' dir='ltr'><strong><em>τούς</em></strong></span> <span class='ocrx_word' id='word_1_216' title='bbox 596 3035 816 3127; x_wconf 85' lang='grc' dir='ltr'><strong><em>στρατιώτας,</em></strong></span> <span class='ocrx_word' id='word_1_217' title='bbox 834 3045 869 3108; x_wconf 77' lang='grc' dir='ltr'><strong><em>οἳ</em></strong></span> <span class='ocrx_word' id='word_1_218' title='bbox 884 3037 944 3109; x_wconf 86' lang='grc' dir='ltr'><strong><em>τόν</em></strong></span> <span class='ocrx_word' id='word_1_219' title='bbox 962 3033 1191 3128; x_wconf 82' lang='grc' dir='ltr'><strong><em>Αύρῃλιανδν</em></strong></span> 
     </span>
     <span class='ocr_line' id='line_1_30' title="bbox 205 3132 1187 3230; baseline 0.006 -26"><span class='ocrx_word' id='word_1_220' title='bbox 205 3137 263 3205; x_wconf 75' lang='grc' dir='ltr'><strong><em>καὶ</em></strong></span> <span class='ocrx_word' id='word_1_221' title='bbox 286 3132 344 3206; x_wconf 83' lang='grc' dir='ltr'><strong><em>τόν</em></strong></span> <span class='ocrx_word' id='word_1_222' title='bbox 365 3132 508 3208; x_wconf 88' lang='grc' dir='ltr'><strong><em>Τάκιτον</em></strong></span> <span class='ocrx_word' id='word_1_223' title='bbox 530 3133 734 3228; x_wconf 84' lang='grc' dir='ltr'><strong><em>ἀνῃρήκασι,</em></strong></span> <span class='ocrx_word' id='word_1_224' title='bbox 758 3156 965 3229; x_wconf 74' lang='grc' dir='ltr'><strong><em>συναγαγεῖν</em></strong></span> <span class='ocrx_word' id='word_1_225' title='bbox 987 3140 1044 3230; x_wconf 83' lang='grc' dir='ltr'><strong><em>καὶ</em></strong></span> <span class='ocrx_word' id='word_1_226' title='bbox 1068 3139 1187 3212; x_wconf 82' lang='grc' dir='ltr'><strong><em>πολλοὶ</em></strong></span> 
     </span>
     <span class='ocr_line' id='line_1_31' title="bbox 205 3230 665 3311; baseline 0.015 -7"><span class='ocrx_word' id='word_1_227' title='bbox 205 3230 371 3306; x_wconf 87' lang='grc' dir='ltr'><strong><em>ὀνειδίσαι</em></strong></span> <span class='ocrx_word' id='word_1_228' title='bbox 387 3240 445 3308; x_wconf 80' lang='grc' dir='ltr'><strong><em>καὶ</em></strong></span> <span class='ocrx_word' id='word_1_229' title='bbox 460 3234 665 3311; x_wconf 77' lang='grc' dir='ltr'><strong><em>ἀποκτεῖναι.</em></strong></span> 
     </span>
    </p>
   </div>
   <div class='ocr_carea' id='block_1_3' title="bbox 206 3379 410 3396">
    <p class='ocr_par' dir='ltr' id='par_1_8' title="bbox 206 3379 410 3396">
     <span class='ocr_line' id='line_1_32' title="bbox 206 3379 410 3396; baseline 0.01 -6"><span class='ocrx_word' id='word_1_230' title='bbox 206 3379 410 3396; x_wconf 46' lang='grc' dir='ltr'><strong>-ϋ-ῃ-</strong></span> 
     </span>
    </p>
   </div>
   <div class='ocr_carea' id='block_1_4' title="bbox 275 3463 849 3528">
    <p class='ocr_par' dir='ltr' id='par_1_9' title="bbox 275 3463 849 3528">
     <span class='ocr_line' id='line_1_33' title="bbox 275 3463 849 3528; baseline 0.028 -17"><span class='ocrx_word' id='word_1_231' title='bbox 275 3463 341 3528; x_wconf 79' lang='lat' dir='ltr'><strong><em>Gap,</em></strong></span> <span class='ocrx_word' id='word_1_232' title='bbox 360 3469 402 3520; x_wconf 77' lang='lat'><strong><em>29.</em></strong></span> <span class='ocrx_word' id='word_1_233' title='bbox 437 3469 569 3522; x_wconf 74' lang='lat' dir='ltr'><strong><em>Fortasse</em></strong></span> <span class='ocrx_word' id='word_1_234' title='bbox 587 3471 642 3522; x_wconf 86' lang='lat' dir='ltr'><strong><em>Dio</em></strong></span> <span class='ocrx_word' id='word_1_235' title='bbox 662 3474 849 3527; x_wconf 65' lang='lat' dir='ltr'><strong>continuatus.</strong></span> 
     </span>
    </p>
   </div>
   <div class='ocr_carea' id='block_1_5' title="bbox 0 0 1288 3800">
    <p class='ocr_par' dir='ltr' id='par_1_10' title="bbox 0 0 1288 3800">
     <span class='ocr_line' id='line_1_34' title="bbox 0 0 1288 3800; baseline 0 5"><span class='ocrx_word' id='word_1_236' title='bbox 0 0 1288 3800; x_wconf 95' lang='lat' dir='ltr'><strong><em> </em></strong></span> 
     </span>
    </p>
   </div>
  </div>
 </body>
</html>
