2538 3824
1172 96 1188 125 Φ

327 177 398 230 xm.
411 177 446 230 x.
465 175 544 228 οΑΡ.
557 177 684 230 xxx1v.
695 177 807 233 xxxv
993 177 1057 242 445

86 317 202 386 λευταὶ
223 313 407 437 πενθήρεις
426 344 565 405 χιτωνας
589 323 711 405 ἔλαβον
718 369 728 404 ,
753 321 896 410 δημοσία
920 316 956 387 τὸ
974 320 1056 389 πέν-

85 429 146 499 θος
164 414 374 540 ποιήσμντες.

167 522 222 612 Τῷ
246 515 278 588 6
306 519 450 613 ἐχομένῳ
475 515 572 590 ἕποι’
557 547 575 590 ο
594 522 750 650 Δροῦσος
766 517 958 600 ὑπατεύσας
975 548 1037 590 κατ
1042 483 1107 622 {5
1140 515 1160 522 '⁵

85 622 200 690 ἐθνων
222 647 326 691 τινων
349 618 592 712 ἐξεστράτευσε.
632 627 693 690 καί
712 624 787 691 τινα
810 619 1055 712 χειρωσάμενος

59 724 286 813 ιπροσωτέρω
303 737 426 812 χωρεῖν
442 725 647 846 ἐπεχείρησε.
684 723 740 792 καλ
758 729 897 810 γυναικί
906 752 973 793 τινι
985 732 1055 814 μεί-

84 817 200 906 ξονι
178 851 201 912 η
225 819 311 894 κατά
331 821 517 915 ιἰνθράπον
540 821 649 946 φόσιμ
666 821 859 948 ηἰπήντησεν
876 822 1006 948 άπιιόν,
1032 822 1056 942 6

78 918 165 995 “ποῖ
188 930 272 1048 θήτμ
296 927 430 1048 ἐπείγη,
458 928 595 1016 Δροῦσε
618 921 790 1014 άκόρεστε’
790 921 938 1014 ’λέγειν
963 922 1056 1018 αὐτῷ

83 1020 268 1110 ἐσοξεν·“
271 1022 312 1096 06
332 1024 441 1096 πάντα
459 1049 512 1098 σοι
528 1031 634 1097 ταῦτα
654 1033 740 1096 ἰδεῖν
757 1028 936 1150 πέπρωται.
977 997 1051 1097 ἀλλ’
1129 1119 1131 1122 ¹

82 1127 202 1198 άπιθι
229 1124 295 1217 ήδη
313 1125 379 1250 γάρ
395 1150 448 1198 σοι
466 1127 558 1198 καὶ
539 1157 560 1216 η
578 1155 638 1198 του
626 1131 734 1216 βίον
751 1123 845 1196 καῖ’
826 1155 847 1214 η
864 1133 932 1198 τῶν
945 1135 1055 1252 ἐρχων

50 1227 225 1320 ιοπάρεστι
241 1225 407 1318 τελευτή.”
459 1225 703 1319 ὑποστρέφοντι
735 1225 817 1298 (Υέ
801 1231 933 1300 ἐκεῖθεν
964 1226 1067 1324 6619>-

83 1329 184 1412 νόσος
203 1331 403 1420 ἐνέσκηψεν,
423 1321 495 1414 ἐξ
475 1359 513 1420 ης
531 1327 736 1420 ἐτελεύτησε.
771 1327 1052 1453 πνθόμεηοςθ”
1028 1359 1054 1401 ο
1139 1413 1141 1416 ,

84 1429 304 1556 αὐτοκράτωρ
335 1429 386 1502 ότι
419 1449 524 1520 νοσεῖ,
559 1431 618 1503 τόν
653 1433 807 1522 Τιβέριον
841 1430 924 1502 κατά
957 1431 1054 1522 τάχος

84 1539 249 1659 ἐπεμμεη
285 1529 321 1614 ὃς
340 1539 490 1622 ἔμπνουν
506 1563 543 1604 τε
561 1530 665 1605 αὐτόν
683 1523 761 1624 εὗρε
778 1535 834 1603 καὶ
852 1531 1002 1605 θανόντα
1021 1538 1054 1616 ἐς

83 1633 145 1724 τήν
168 1632 298 1724 Ῥώμην
317 1632 457 1725 ἐκόμισε.
501 1637 558 1705 καὶ
577 1639 672 1707 ἐν
631 1664 672 1727 τη
689 1633 795 1729 ιἰγορμ
784 1632 1055 1720 προτεθένταὸ
1166 1637 1174 1654 ’“

52 1763 74 1804 15
85 1765 119 1806 τε
137 1733 336 1824 Αὔγουστος
353 1731 444 1806 καὶὸ
467 1739 618 1829 Τιβέριος
637 1741 820 1827 ἐπιταφίοις
838 1735 1014 1829 ἐπήνεσαν.
1060 1753 1156 1804 P1538

163 1837 303 1927 Νόμους
321 1838 359 1908 δέ
376 1837 458 1928 μετά
475 1845 580 1908 ταῦτα
597 1832 615 1906 6
633 1847 766 1928 Καῖσαρ
785 1837 979 1932 εἰσήνεγκε,
998 1842 1054 1910 καὶ

85 1957 156 2023 τοῖς
174 1945 372 2027 βουλευταῖς
390 1935 514 2020 αὐτους
532 1936 727 2062 ιἰνμγνῶναι
742 1942 934 2030 ἐπέτρεψεν,
952 1939 1054 2029 ὅπως,

87 2048 117 2112 ἐ
87 2069 188 2132 μη
211 2069 243 2110 τι
267 2035 442 2130 άρέσκει
421 2069 442 2128 η
467 2037 606 2130 ἄμεινόν
622 2069 653 2110 τι
677 2037 876 2129 νοήσουσιν,
904 2051 1053 2110 εἴπωσιν.

84 2139 175 2214 οὕτω
193 2139 257 2233 γάρ
276 2139 516 2233 δημοκρατικός
533 2139 629 2230 ήξλου
654 2137 792 2212 εἶναι“
765 2162 850 2212 ωστε
873 2139 963 2221 τινὸς
986 2169 1055 2212 των

53 2271 75 2312 ιο
86 2239 490 2335 συστρατευσαμένων’
449 2250 539 2338 αυτῷ
557 2241 828 2333 συνηγορήματος
846 2239 924 2332 παρ’
951 2239 1054 2312 αὐτοῦ

85 2348 306 2472 δεηθέντος,
298 2349 367 2416 τοῖιν
384 2353 495 2434 φίλων
512 2343 588 2415 τινά
600 2359 774 2415 συνειπεῖν
786 2339 878 2438 αότιμ
867 2345 1053 2432 ἐπεμψεν,

86 2445 130 2531 ὦς
150 2444 251 2530 αὐτός
268 2444 331 2518 οὐκ
348 2443 441 2536 άγων
454 2444 591 2537 σχολήν,
610 2447 682 2517 ἐπεὶ
696 2439 765 2516 δὲ
748 2473 766 2516 ο
780 2447 839 2535 τής
852 2452 1055 2537 συνηγορίας

86 2546 245 2638 δεόμενος
269 2545 451 2638 ἀχθεσθεὶς
477 2557 541 2638 ἐφη
559 2546 648 2637 “ἐγά
673 2544 705 2618 6’
731 2543 846 2631 όσάκις
864 2551 1055 2644 ἐπικουρίας

87 2647 232 2740 ἐθεήθης
250 2645 313 2719 οὐκ
330 2646 432 2720 ἄλλον
446 2647 519 2720 ἀντ’
541 2654 686 2739 ἐμαυτοῦ
700 2655 842 2740 ἔπεμψα,
859 2645 936 2720 ἀλλ’Ι
955 2647 1055 2732 αὐτός

52 2775 151 2822 εεσου
173 2747 501 2843 προεκινδύνευσα”,
529 2757 578 2833 εἰς
600 2751 637 2821 τό
663 2750 876 2840 δικαστήριόν
899 2779 936 2821 τε
950 2750 1054 2839 ,ἐφοί-

87 2873 168 2944 τησε
185 2855 241 2922 καὶ
260 2851 351 2946 αὐτῷ
369 2850 609 2942 συνηγόρησεν.
655 2854 877 2922 αἰτιαθέντων
896 2855 935 2921 δέ
950 2867 1086 2922 τινωνΒ

87 2951 261 3046 ἀρχόντων
280 2951 324 3036 ὥς
344 2954 379 3024 ἐκ
398 2957 568 3044 δεκασμοῦ
583 2951 642 3034 τάς
659 2951 762 3042 άρχάς
775 2949 960 3040 λαβόντων,
979 2949 1051 3022 οὔτ’

89 3054 240 3146 ἐξήλεγξε
253 3057 308 3126 καὶ
322 3053 588 3147 προσεποιήσατο
600 3053 685 3143 μηδὲ
698 3057 825 3141 γνάναι
836 3059 948 3123 τοῦτο·
975 3052 1053 3123 οὔτε

88 3155 153 3250 γάρ
176 3155 314 3228 κολάσαι
339 3157 433 3239 τινάς
456 3155 513 3228 διά
535 3158 633 3227 τοῦτο
656 3151 737 3226 οὔτε
754 3157 947 3244 συγγνῶναι
966 3156 1059 3244 ἐλεγ-“

89 3323 293 3336 -ι--ι--ι--ι

159 3423 226 3490 Cap.
249 3426 291 3479 35.
326 3425 423 3476 Dionis
440 3425 513 3479 Hiat
536 3424 615 3474 Rom.
639 3423 720 3486 1.55,
745 3439 769 3478 ο.
789 3425 883 3476 1-10.
916 3402 1054 3475 Nonnulla

91 3491 214 3542 Zonaras
231 3493 317 3544 habet
335 3507 408 3557 quae
428 3491 500 3558 apud
517 3489 636 3542 Dionem
654 3491 856 3547 desiderantur
