<?xml version="1.0" encoding="UTF-8"?>
<!DOCTYPE html PUBLIC "-//W3C//DTD XHTML 1.0 Transitional//EN"
    "http://www.w3.org/TR/xhtml1/DTD/xhtml1-transitional.dtd">
<html xmlns="http://www.w3.org/1999/xhtml" xml:lang="en" lang="en">
 <head>
  <title>
</title>
<meta http-equiv="Content-Type" content="text/html;charset=utf-8" />
  <meta name='ocr-system' content='tesseract 3.04.00' />
  <meta name='ocr-capabilities' content='ocr_page ocr_carea ocr_par ocr_line ocrx_word'/>
</head>
<body>
  <div class='ocr_page' id='page_1' title='image "./iannoutouznapae01canggoog_0211.png"; bbox 0 0 2566 3812; ppageno 0'>
   <div class='ocr_carea' id='block_1_1' title="bbox 212 149 861 216">
    <p class='ocr_par' dir='ltr' id='par_1_1' title="bbox 212 149 861 216">
     <span class='ocr_line' id='line_1_1' title="bbox 212 149 861 216; baseline -0.008 -11"><span class='ocrx_word' id='word_1_1' title='bbox 212 151 276 216; x_wconf 75' lang='lat'><strong><em>204</em></strong></span> <span class='ocrx_word' id='word_1_2' title='bbox 543 153 614 206; x_wconf 83' lang='lat' dir='ltr'><strong>LIB.</strong></span> <span class='ocrx_word' id='word_1_3' title='bbox 626 149 702 206; x_wconf 82' lang='lat' dir='ltr'>VIII.</span> <span class='ocrx_word' id='word_1_4' title='bbox 722 150 800 203; x_wconf 80' lang='lat' dir='ltr'><strong>GAP.</strong></span> <span class='ocrx_word' id='word_1_5' title='bbox 812 151 861 204; x_wconf 84' lang='lat' dir='ltr'><strong><em>1x.</em></strong></span> 
     </span>
    </p>
   </div>
   <div class='ocr_carea' id='block_1_2' title="bbox 100 277 1225 3528">
    <p class='ocr_par' dir='ltr' id='par_1_2' title="bbox 100 277 1225 3528">
     <span class='ocr_line' id='line_1_2' title="bbox 212 277 1180 382; baseline -0.002 -20"><span class='ocrx_word' id='word_1_6' title='bbox 212 296 273 363; x_wconf 84' lang='grc' dir='ltr'><strong><em>τού</em></strong></span> <span class='ocrx_word' id='word_1_7' title='bbox 298 296 473 382; x_wconf 77' lang='grc' dir='ltr'><strong><em>αἰφνιδίου</em></strong></span> <span class='ocrx_word' id='word_1_8' title='bbox 499 292 738 379; x_wconf 78' lang='grc' dir='ltr'><strong><em>προσέβαλλον.</em></strong></span> <span class='ocrx_word' id='word_1_9' title='bbox 786 286 911 381; x_wconf 89' lang='grc' dir='ltr'><strong><em>χρόνον</em></strong></span> <span class='ocrx_word' id='word_1_10' title='bbox 933 289 995 378; x_wconf 72' lang='grc' dir='ltr'><strong><em>μὲν</em></strong></span> <span class='ocrx_word' id='word_1_11' title='bbox 1018 277 1082 361; x_wconf 84' lang='grc' dir='ltr'><strong><em>ούν</em></strong></span> <span class='ocrx_word' id='word_1_12' title='bbox 1104 317 1180 362; x_wconf 89' lang='grc' dir='ltr'><strong><em>τινα</em></strong></span> 
     </span>
     <span class='ocr_line' id='line_1_3' title="bbox 214 385 1182 482; baseline -0.002 -18"><span class='ocrx_word' id='word_1_13' title='bbox 214 389 375 482; x_wconf 84' lang='grc' dir='ltr'><strong><em>ίσοπαλής</em></strong></span> <span class='ocrx_word' id='word_1_14' title='bbox 397 387 418 482; x_wconf 85' lang='grc' dir='ltr'><strong><em>ή</em></strong></span> <span class='ocrx_word' id='word_1_15' title='bbox 443 398 611 482; x_wconf 80' lang='grc' dir='ltr'><strong><em>ναυμαχία</em></strong></span> <span class='ocrx_word' id='word_1_16' title='bbox 630 395 777 481; x_wconf 90' lang='grc' dir='ltr'><strong><em>ἐγίνετο,</em></strong></span> <span class='ocrx_word' id='word_1_17' title='bbox 802 385 1089 482; x_wconf 80' lang='grc' dir='ltr'><strong><em>ελθόίῬυμαίοι</em></strong></span> <span class='ocrx_word' id='word_1_18' title='bbox 1108 393 1182 462; x_wconf 88' lang='grc' dir='ltr'><strong><em>ἐπι-</em></strong></span> 
     </span>
     <span class='ocr_line' id='line_1_4' title="bbox 213 489 1182 583; baseline 0 -19"><span class='ocrx_word' id='word_1_19' title='bbox 213 495 423 583; x_wconf 84' lang='grc' dir='ltr'><strong><em>κρατέστεροι</em></strong></span> <span class='ocrx_word' id='word_1_20' title='bbox 440 491 614 582; x_wconf 85' lang='grc' dir='ltr'><strong><em>γεγονότες</em></strong></span> <span class='ocrx_word' id='word_1_21' title='bbox 630 489 775 575; x_wconf 82' lang='grc' dir='ltr'><strong><em>πολλούς</em></strong></span> <span class='ocrx_word' id='word_1_22' title='bbox 791 494 854 582; x_wconf 74' lang='grc' dir='ltr'><strong><em>μὲν</em></strong></span> <span class='ocrx_word' id='word_1_23' title='bbox 871 495 1078 582; x_wconf 76' lang='grc' dir='ltr'><strong><em>κατέδυσαν,</em></strong></span> <span class='ocrx_word' id='word_1_24' title='bbox 1097 514 1182 564; x_wconf 87' lang='grc' dir='ltr'><strong><em>συν-</em></strong></span> 
     </span>
     <span class='ocr_line' id='line_1_5' title="bbox 213 590 1182 696; baseline -0.005 -27"><span class='ocrx_word' id='word_1_25' title='bbox 213 598 312 696; x_wconf 85' lang='grc' dir='ltr'><strong><em>έσχον</em></strong></span> <span class='ocrx_word' id='word_1_26' title='bbox 335 595 373 666; x_wconf 70' lang='grc' dir='ltr'><strong><em>δέ</em></strong></span> <span class='ocrx_word' id='word_1_27' title='bbox 398 597 455 665; x_wconf 82' lang='grc' dir='ltr'><strong><em>καί</em></strong></span> <span class='ocrx_word' id='word_1_28' title='bbox 481 593 635 677; x_wconf 87' lang='grc' dir='ltr'><strong><em>πολλούς.</em></strong></span> <span class='ocrx_word' id='word_1_29' title='bbox 676 590 694 664; x_wconf 87' lang='grc' dir='ltr'>ὁ</span> <span class='ocrx_word' id='word_1_30' title='bbox 721 590 753 664; x_wconf 89' lang='grc' dir='ltr'><strong><em>δ’</em></strong></span> <span class='ocrx_word' id='word_1_31' title='bbox 770 591 926 682; x_wconf 82' lang='grc' dir='ltr'><strong><em>Ἀννίβας</em></strong></span> <span class='ocrx_word' id='word_1_32' title='bbox 944 595 1035 664; x_wconf 85' lang='grc' dir='ltr'><strong><em>ἐπίέ</em></strong></span> <span class='ocrx_word' id='word_1_33' title='bbox 1035 591 1182 686; x_wconf 90' lang='grc' dir='ltr'><strong><em>πτήρους</em></strong></span> 
     </span>
     <span class='ocr_line' id='line_1_6' title="bbox 213 691 1208 788; baseline -0.002 -20"><span class='ocrx_word' id='word_1_34' title='bbox 213 703 414 788; x_wconf 80' lang='grc' dir='ltr'><strong><em>ναυμαχῶν,</em></strong></span> <span class='ocrx_word' id='word_1_35' title='bbox 433 700 708 786; x_wconf 77' lang='grc' dir='ltr'><strong><em>συσχεθείσης</em></strong></span> <span class='ocrx_word' id='word_1_36' title='bbox 669 725 727 785; x_wconf 92' lang='grc' dir='ltr'><strong><em>της</em></strong></span> <span class='ocrx_word' id='word_1_37' title='bbox 740 691 845 767; x_wconf 85' lang='grc' dir='ltr'><strong><em>αύτού</em></strong></span> <span class='ocrx_word' id='word_1_38' title='bbox 861 693 940 785; x_wconf 87' lang='grc' dir='ltr'><strong><em>νηδς</em></strong></span> <span class='ocrx_word' id='word_1_39' title='bbox 957 695 1085 788; x_wconf 76' lang='grc' dir='ltr'><strong><em>τριήρει</em></strong></span> <span class='ocrx_word' id='word_1_40' title='bbox 1101 703 1208 786; x_wconf 83' lang='grc' dir='ltr'><strong><em>τινί,ε</em></strong></span> 
     </span>
     <span class='ocr_line' id='line_1_7' title="bbox 192 792 1183 892; baseline 0 -22"><span class='ocrx_word' id='word_1_41' title='bbox 192 840 194 844; x_wconf 92' lang='grc'><strong><em>·</em></strong></span> <span class='ocrx_word' id='word_1_42' title='bbox 214 795 437 889; x_wconf 80' lang='grc' dir='ltr'><strong><em>φοβηθείς</em></strong></span> <span class='ocrx_word' id='word_1_43' title='bbox 395 827 440 889; x_wconf 94' lang='grc' dir='ltr'><strong><em>μη</em></strong></span> <span class='ocrx_word' id='word_1_44' title='bbox 458 792 530 892; x_wconf 76' lang='grc' dir='ltr'><strong><em>αλῷ</em></strong></span> <span class='ocrx_word' id='word_1_45' title='bbox 537 797 641 886; x_wconf 84' lang='grc' dir='ltr'><strong><em>,τὴν</em></strong></span> <span class='ocrx_word' id='word_1_46' title='bbox 645 797 771 889; x_wconf 84' lang='grc' dir='ltr'><strong><em>ἐπτήρη</em></strong></span> <span class='ocrx_word' id='word_1_47' title='bbox 788 825 824 868; x_wconf 88' lang='grc' dir='ltr'><strong><em>τε</em></strong></span> <span class='ocrx_word' id='word_1_48' title='bbox 843 798 1035 886; x_wconf 73' lang='grc' dir='ltr'><strong><em>ἐγκατέλιπε</em></strong></span> <span class='ocrx_word' id='word_1_49' title='bbox 1052 799 1108 868; x_wconf 86' lang='grc' dir='ltr'><strong><em>καὶ</em></strong></span> <span class='ocrx_word' id='word_1_50' title='bbox 1122 827 1183 888; x_wconf 89' lang='grc' dir='ltr'><strong><em>με·</em></strong></span> 
     </span>
     <span class='ocr_line' id='line_1_8' title="bbox 100 900 687 990; baseline 0.002 -23"><span class='ocrx_word' id='word_1_51' title='bbox 100 963 102 967; x_wconf 89' lang='grc'>.</span> <span class='ocrx_word' id='word_1_52' title='bbox 213 900 317 990; x_wconf 83' lang='grc' dir='ltr'><strong><em>ταβας</em></strong></span> <span class='ocrx_word' id='word_1_53' title='bbox 336 901 419 982; x_wconf 66' lang='grc' dir='ltr'><strong><em>εἰς’</em></strong></span> <span class='ocrx_word' id='word_1_54' title='bbox 402 901 520 990; x_wconf 90' lang='grc' dir='ltr'><strong><em>ετέραν</em></strong></span> <span class='ocrx_word' id='word_1_55' title='bbox 538 901 687 988; x_wconf 89' lang='grc' dir='ltr'><strong><em>διέφυγε.</em></strong></span> 
     </span>
     <span class='ocr_line' id='line_1_9' title="bbox 181 991 1183 1096; baseline -0.003 -23"><span class='ocrx_word' id='word_1_56' title='bbox 181 1021 202 1073; x_wconf 84' lang='lat' dir='ltr'>c</span> <span class='ocrx_word' id='word_1_57' title='bbox 297 1004 362 1091; x_wconf 83' lang='grc' dir='ltr'><strong><em>Της</em></strong></span> <span class='ocrx_word' id='word_1_58' title='bbox 384 991 503 1091; x_wconf 70' lang='grc' dir='ltr'><strong><em>μέν</em></strong></span> <span class='ocrx_word' id='word_1_59' title='bbox 463 1029 525 1072; x_wconf 89' lang='grc' dir='ltr'><strong><em>ουν</em></strong></span> <span class='ocrx_word' id='word_1_60' title='bbox 543 1007 729 1091; x_wconf 87' lang='grc' dir='ltr'><strong><em>ναυμαχίας</em></strong></span> <span class='ocrx_word' id='word_1_61' title='bbox 746 1003 844 1070; x_wconf 79' lang='grc' dir='ltr'><strong><em>τοῦτο</em></strong></span> <span class='ocrx_word' id='word_1_62' title='bbox 861 1001 954 1096; x_wconf 82' lang='grc' dir='ltr'><strong><em>τέλος</em></strong></span> <span class='ocrx_word' id='word_1_63' title='bbox 978 1000 1108 1088; x_wconf 86' lang='grc' dir='ltr'><strong><em>ἐγένετο</em></strong></span> <span class='ocrx_word' id='word_1_64' title='bbox 1126 1002 1183 1071; x_wconf 81' lang='grc' dir='ltr'><strong><em>καὶ</em></strong></span> 
     </span>
     <span class='ocr_line' id='line_1_10' title="bbox 214 1092 1183 1194; baseline -0.001 -21"><span class='ocrx_word' id='word_1_65' title='bbox 214 1101 350 1194; x_wconf 82' lang='grc' dir='ltr'><strong><em>λάφυρα</em></strong></span> <span class='ocrx_word' id='word_1_66' title='bbox 363 1101 470 1173; x_wconf 88' lang='grc' dir='ltr'><strong><em>πολλα</em></strong></span> <span class='ocrx_word' id='word_1_67' title='bbox 485 1099 633 1192; x_wconf 74' lang='grc' dir='ltr'><strong><em>ἐλήφθη</em></strong></span> <span class='ocrx_word' id='word_1_68' title='bbox 660 1098 770 1173; x_wconf 78' lang='grc' dir='ltr'><strong><em>τόνδ’</em></strong></span> <span class='ocrx_word' id='word_1_69' title='bbox 789 1092 948 1190; x_wconf 87' lang='grc' dir='ltr'><strong><em>’Λννίβαν</em></strong></span> <span class='ocrx_word' id='word_1_70' title='bbox 964 1129 997 1172; x_wconf 95' lang='grc' dir='ltr'><strong><em>οι</em></strong></span> <span class='ocrx_word' id='word_1_71' title='bbox 990 1099 1183 1192; x_wconf 86' lang='grc' dir='ltr'><strong><em>Καρχηδο</em></strong></span> 
     </span>
     <span class='ocr_line' id='line_1_11' title="bbox 190 1193 1225 1322; baseline -0.002 -46"><span class='ocrx_word' id='word_1_72' title='bbox 190 1221 192 1239; x_wconf 87' lang='grc'><strong>“</strong></span> <span class='ocrx_word' id='word_1_73' title='bbox 213 1231 280 1276; x_wconf 90' lang='grc' dir='ltr'><strong><em>νιοι</em></strong></span> <span class='ocrx_word' id='word_1_74' title='bbox 299 1201 433 1292; x_wconf 90' lang='grc' dir='ltr'><strong><em>διατην</em></strong></span> <span class='ocrx_word' id='word_1_75' title='bbox 450 1193 553 1293; x_wconf 87' lang='grc' dir='ltr'><strong><em>ήτταν</em></strong></span> <span class='ocrx_word' id='word_1_76' title='bbox 570 1199 770 1274; x_wconf 78' lang='grc' dir='ltr'><strong><em>ἀπέκτειναν</em></strong></span> <span class='ocrx_word' id='word_1_77' title='bbox 787 1200 882 1322; x_wconf 47' lang='lat' dir='ltr'><strong><em>&amp;v&#39;f</em></strong></span> <span class='ocrx_word' id='word_1_78' title='bbox 867 1199 959 1293; x_wconf 86' lang='grc' dir='ltr'><strong><em>είμή</em></strong></span> <span class='ocrx_word' id='word_1_79' title='bbox 977 1198 1081 1284; x_wconf 79' lang='grc' dir='ltr'><strong><em>εὐθύς</em></strong></span> <span class='ocrx_word' id='word_1_80' title='bbox 1102 1205 1181 1292; x_wconf 88' lang='grc' dir='ltr'><strong><em>ἐπη-</em></strong></span> <span class='ocrx_word' id='word_1_81' title='bbox 1198 1233 1225 1274; x_wconf 85' lang='grc' dir='ltr'><strong><em>ιο</em></strong></span> 
     </span>
     <span class='ocr_line' id='line_1_12' title="bbox 214 1300 1183 1398; baseline -0.001 -22"><span class='ocrx_word' id='word_1_82' title='bbox 214 1303 343 1398; x_wconf 82' lang='grc' dir='ltr'><strong><em>ρύτησε</em></strong></span> <span class='ocrx_word' id='word_1_83' title='bbox 368 1308 474 1396; x_wconf 79' lang='grc' dir='ltr'><strong><em>σφοῖς,</em></strong></span> <span class='ocrx_word' id='word_1_84' title='bbox 498 1300 542 1386; x_wconf 72' lang='grc' dir='ltr'><strong><em>ὥς</em></strong></span> <span class='ocrx_word' id='word_1_85' title='bbox 566 1301 733 1397; x_wconf 83' lang='grc' dir='ltr'><strong><em>ακεραίων</em></strong></span> <span class='ocrx_word' id='word_1_86' title='bbox 752 1310 800 1375; x_wconf 85' lang='grc' dir='ltr'><strong><em>ἐτι</em></strong></span> <span class='ocrx_word' id='word_1_87' title='bbox 816 1307 885 1376; x_wconf 75' lang='grc' dir='ltr'><strong><em>ταῖν</em></strong></span> <span class='ocrx_word' id='word_1_88' title='bbox 902 1301 1107 1396; x_wconf 78' lang='grc' dir='ltr'><strong><em>πραγμάτων</em></strong></span> <span class='ocrx_word' id='word_1_89' title='bbox 1123 1301 1183 1375; x_wconf 81' lang='grc' dir='ltr'><strong><em>ὅν·</em></strong></span> 
     </span>
     <span class='ocr_line' id='line_1_13' title="bbox 214 1401 1184 1498; baseline -0.001 -20"><span class='ocrx_word' id='word_1_90' title='bbox 214 1435 301 1496; x_wconf 84' lang='grc' dir='ltr'><strong><em>των,</em></strong></span> <span class='ocrx_word' id='word_1_91' title='bbox 328 1413 358 1478; x_wconf 91' lang='grc' dir='ltr'><strong><em>εί</em></strong></span> <span class='ocrx_word' id='word_1_92' title='bbox 380 1413 592 1498; x_wconf 79' lang='grc' dir='ltr'><strong><em>ναυμαχῆσαι</em></strong></span> <span class='ocrx_word' id='word_1_93' title='bbox 616 1401 852 1478; x_wconf 87' lang='grc' dir='ltr'><strong><em>κελεύουσιν</em></strong></span> <span class='ocrx_word' id='word_1_94' title='bbox 832 1435 853 1495; x_wconf 90' lang='grc' dir='ltr'><strong><em>η</em></strong></span> <span class='ocrx_word' id='word_1_95' title='bbox 870 1404 926 1496; x_wconf 86' lang='grc' dir='ltr'><strong><em>μή.</em></strong></span> <span class='ocrx_word' id='word_1_96' title='bbox 961 1407 1184 1496; x_wconf 83' lang='grc' dir='ltr'><strong><em>συνθεμένων</em></strong></span> 
     </span>
     <span class='ocr_line' id='line_1_14' title="bbox 214 1502 1183 1602; baseline 0 -24"><span class='ocrx_word' id='word_1_97' title='bbox 214 1507 278 1598; x_wconf 80' lang='grc' dir='ltr'><strong><em>γὰρ</em></strong></span> <span class='ocrx_word' id='word_1_98' title='bbox 304 1504 417 1580; x_wconf 77' lang='grc' dir='ltr'><strong><em>αὐτῶν</em></strong></span> <span class='ocrx_word' id='word_1_99' title='bbox 439 1514 668 1598; x_wconf 79' lang='grc' dir='ltr'><strong><em>ναυμαχῆσαι,</em></strong></span> <span class='ocrx_word' id='word_1_100' title='bbox 705 1502 750 1588; x_wconf 72' lang='grc' dir='ltr'><strong><em>ὥς</em></strong></span> <span class='ocrx_word' id='word_1_101' title='bbox 780 1510 828 1602; x_wconf 74' lang='grc' dir='ltr'><strong><em>τῷ</em></strong></span> <span class='ocrx_word' id='word_1_102' title='bbox 850 1511 998 1601; x_wconf 76' lang='grc' dir='ltr'><strong><em>ναυτικῷ</em></strong></span> <span class='ocrx_word' id='word_1_103' title='bbox 1028 1508 1183 1599; x_wconf 77' lang='grc' dir='ltr'><strong><em>προέχειν</em></strong></span> 
     </span>
     <span class='ocr_line' id='line_1_15' title="bbox 217 1603 1183 1700; baseline -0.001 -20"><span class='ocrx_word' id='word_1_104' title='bbox 217 1611 465 1700; x_wconf 83' lang='grc' dir='ltr'><strong><em>ἐπαιρομένων,</em></strong></span> <span class='ocrx_word' id='word_1_105' title='bbox 495 1604 641 1680; x_wconf 84' lang='grc' dir='ltr'><strong><em>ύπείπεν</em></strong></span> <span class='ocrx_word' id='word_1_106' title='bbox 664 1607 715 1679; x_wconf 78' lang='grc' dir='ltr'><strong><em>ὅτι</em></strong></span> <span class='ocrx_word' id='word_1_107' title='bbox 735 1603 859 1682; x_wconf 78' lang='grc' dir='ltr'><strong><em>“ούδέν</em></strong></span> <span class='ocrx_word' id='word_1_108' title='bbox 881 1605 947 1698; x_wconf 79' lang='grc' dir='ltr'><strong><em>ἄρα</em></strong></span> <span class='ocrx_word' id='word_1_109' title='bbox 969 1605 1115 1698; x_wconf 87' lang='grc' dir='ltr'><strong><em>ήδίκηκα</em></strong></span> <span class='ocrx_word' id='word_1_110' title='bbox 1131 1606 1183 1679; x_wconf 79' lang='grc' dir='ltr'><strong><em>ὅτι</em></strong></span> 
     </span>
     <span class='ocr_line' id='line_1_16' title="bbox 215 1705 1224 1800; baseline -0.001 -20"><span class='ocrx_word' id='word_1_111' title='bbox 215 1708 255 1780; x_wconf 76' lang='grc' dir='ltr'><strong><em>τοί</em></strong></span> <span class='ocrx_word' id='word_1_112' title='bbox 280 1707 364 1781; x_wconf 79' lang='grc' dir='ltr'><strong><em>αύτδι</em></strong></span> <span class='ocrx_word' id='word_1_113' title='bbox 380 1705 463 1800; x_wconf 78' lang='grc' dir='ltr'><strong><em>ὑμῖν</em></strong></span> <span class='ocrx_word' id='word_1_114' title='bbox 488 1714 624 1792; x_wconf 81' lang='grc' dir='ltr'><strong><em>ἐλπίσας</em></strong></span> <span class='ocrx_word' id='word_1_115' title='bbox 642 1711 844 1799; x_wconf 88' lang='grc' dir='ltr'><strong><em>συνέβαλον·</em></strong></span> <span class='ocrx_word' id='word_1_116' title='bbox 878 1715 937 1799; x_wconf 80' lang='grc' dir='ltr'><strong><em>τῆς</em></strong></span> <span class='ocrx_word' id='word_1_117' title='bbox 954 1707 1017 1800; x_wconf 75' lang='grc' dir='ltr'><strong><em>γὰρ</em></strong></span> <span class='ocrx_word' id='word_1_118' title='bbox 1035 1708 1181 1800; x_wconf 70' lang='grc' dir='ltr'><strong><em>γνώμης,</em></strong></span> <span class='ocrx_word' id='word_1_119' title='bbox 1198 1739 1224 1780; x_wconf 87' lang='lat'><strong><em>15</em></strong></span> 
     </span>
     <span class='ocr_line' id='line_1_17' title="bbox 215 1806 1183 1903; baseline 0.004 -23"><span class='ocrx_word' id='word_1_120' title='bbox 215 1807 289 1881; x_wconf 80' lang='grc' dir='ltr'><strong><em>ἀλλ’</em></strong></span> <span class='ocrx_word' id='word_1_121' title='bbox 324 1807 365 1883; x_wconf 86' lang='grc' dir='ltr'><strong><em>ού</em></strong></span> <span class='ocrx_word' id='word_1_122' title='bbox 395 1817 454 1900; x_wconf 84' lang='grc' dir='ltr'><strong><em>τῆς</em></strong></span> <span class='ocrx_word' id='word_1_123' title='bbox 476 1808 577 1901; x_wconf 87' lang='grc' dir='ltr'><strong><em>τύχης</em></strong></span> <span class='ocrx_word' id='word_1_124' title='bbox 604 1810 787 1902; x_wconf 79' lang='grc' dir='ltr'><strong><em>ἐτύγχανον</em></strong></span> <span class='ocrx_word' id='word_1_125' title='bbox 810 1807 952 1903; x_wconf 86' lang='grc' dir='ltr'><strong><em>κύριος.”</em></strong></span> <span class='ocrx_word' id='word_1_126' title='bbox 993 1813 1049 1882; x_wconf 82' lang='grc' dir='ltr'><strong><em>καί</em></strong></span> <span class='ocrx_word' id='word_1_127' title='bbox 1078 1806 1183 1901; x_wconf 77' lang='grc' dir='ltr'><strong><em>ὁμέν</em></strong></span> 
     </span>
     <span class='ocr_line' id='line_1_18' title="bbox 216 1907 1183 2004; baseline 0.001 -22"><span class='ocrx_word' id='word_1_128' title='bbox 216 1911 348 2003; x_wconf 77' lang='grc' dir='ltr'><strong><em>ἐσύθη,</em></strong></span> <span class='ocrx_word' id='word_1_129' title='bbox 366 1911 428 2002; x_wconf 82' lang='grc' dir='ltr'><strong><em>τήν</em></strong></span> <span class='ocrx_word' id='word_1_130' title='bbox 446 1913 485 1984; x_wconf 80' lang='grc' dir='ltr'><strong><em>δέ</em></strong></span> <span class='ocrx_word' id='word_1_131' title='bbox 501 1907 686 2004; x_wconf 78' lang='grc' dir='ltr'><strong><em>ἡγεμονίαν</em></strong></span> <span class='ocrx_word' id='word_1_132' title='bbox 703 1910 879 2004; x_wconf 80' lang='grc' dir='ltr'><strong><em>ύφηρέθη·</em></strong></span> <span class='ocrx_word' id='word_1_133' title='bbox 913 1919 1071 1994; x_wconf 88' lang='grc' dir='ltr'><strong><em>Δουίλιος</em></strong></span> <span class='ocrx_word' id='word_1_134' title='bbox 1091 1913 1128 1984; x_wconf 76' lang='grc' dir='ltr'><strong><em>δέ</em></strong></span> <span class='ocrx_word' id='word_1_135' title='bbox 1145 1910 1183 1983; x_wconf 88' lang='grc' dir='ltr'><strong><em>τδ</em></strong></span> 
     </span>
     <span class='ocr_line' id='line_1_19' title="bbox 180 2009 1179 2106; baseline 0.001 -22"><span class='ocrx_word' id='word_1_136' title='bbox 180 2011 315 2098; x_wconf 78' lang='grc' dir='ltr'><strong><em>Βιτεζδν</em></strong></span> <span class='ocrx_word' id='word_1_137' title='bbox 327 2011 530 2106; x_wconf 81' lang='grc' dir='ltr'><strong><em>προσλαβοδν</em></strong></span> <span class='ocrx_word' id='word_1_138' title='bbox 542 2012 620 2096; x_wconf 85' lang='grc' dir='ltr'><strong><em>τούς</em></strong></span> <span class='ocrx_word' id='word_1_139' title='bbox 639 2043 674 2084; x_wconf 87' lang='grc' dir='ltr'><strong><em>τε</em></strong></span> <span class='ocrx_word' id='word_1_140' title='bbox 684 2009 893 2104; x_wconf 75' lang='grc' dir='ltr'><strong><em>Ἐγεσταίους</em></strong></span> <span class='ocrx_word' id='word_1_141' title='bbox 907 2012 1081 2105; x_wconf 88' lang='grc' dir='ltr'><strong><em>ἐρρύσατο,</em></strong></span> <span class='ocrx_word' id='word_1_142' title='bbox 1099 2012 1179 2105; x_wconf 90' lang='grc' dir='ltr'><strong><em>μηδ’</em></strong></span> 
     </span>
     <span class='ocr_line' id='line_1_20' title="bbox 216 2110 1183 2210; baseline -0.002 -22"><span class='ocrx_word' id='word_1_143' title='bbox 216 2121 263 2197; x_wconf 85' lang='grc' dir='ltr'><strong><em>είς</em></strong></span> <span class='ocrx_word' id='word_1_144' title='bbox 286 2131 400 2207; x_wconf 87' lang='grc' dir='ltr'><strong><em>χείρας</em></strong></span> <span class='ocrx_word' id='word_1_145' title='bbox 424 2112 515 2210; x_wconf 75' lang='grc' dir='ltr'><strong><em>αὐτῷ</em></strong></span> <span class='ocrx_word' id='word_1_146' title='bbox 538 2123 598 2188; x_wconf 85' lang='grc' dir='ltr'><strong><em>τού</em></strong></span> <span class='ocrx_word' id='word_1_147' title='bbox 613 2113 770 2206; x_wconf 90' lang='grc' dir='ltr'><strong><em>Ἀμίλκου</em></strong></span> <span class='ocrx_word' id='word_1_148' title='bbox 797 2118 912 2188; x_wconf 75' lang='grc' dir='ltr'><strong><em>ἐλθεῖν</em></strong></span> <span class='ocrx_word' id='word_1_149' title='bbox 928 2110 1183 2206; x_wconf 72' lang='grc' dir='ltr'><strong><em>ὑπομείναντος,</em></strong></span> 
     </span>
     <span class='ocr_line' id='line_1_21' title="bbox 215 2211 1224 2308; baseline 0.005 -21"><span class='ocrx_word' id='word_1_150' title='bbox 215 2218 271 2288; x_wconf 82' lang='grc' dir='ltr'><strong><em>καὶ</em></strong></span> <span class='ocrx_word' id='word_1_151' title='bbox 295 2215 336 2288; x_wconf 82' lang='grc' dir='ltr'><strong><em>τὰ</em></strong></span> <span class='ocrx_word' id='word_1_152' title='bbox 352 2224 447 2308; x_wconf 91' lang='grc' dir='ltr'><strong><em>φίλια</em></strong></span> <span class='ocrx_word' id='word_1_153' title='bbox 464 2215 504 2289; x_wconf 77' lang='grc' dir='ltr'><strong><em>τὰ</em></strong></span> <span class='ocrx_word' id='word_1_154' title='bbox 521 2215 607 2288; x_wconf 75' lang='grc' dir='ltr'><strong><em>ἄλλα</em></strong></span> <span class='ocrx_word' id='word_1_155' title='bbox 625 2218 865 2306; x_wconf 78' lang='grc' dir='ltr'><strong><em>ἐβεβαιώσατο,</em></strong></span> <span class='ocrx_word' id='word_1_156' title='bbox 889 2219 944 2287; x_wconf 85' lang='grc' dir='ltr'><strong><em>καί</em></strong></span> <span class='ocrx_word' id='word_1_157' title='bbox 963 2224 1010 2299; x_wconf 86' lang='grc' dir='ltr'><strong><em>είς</em></strong></span> <span class='ocrx_word' id='word_1_158' title='bbox 1027 2213 1088 2306; x_wconf 89' lang='grc' dir='ltr'><strong><em>τήν</em></strong></span> <span class='ocrx_word' id='word_1_159' title='bbox 1102 2211 1183 2287; x_wconf 68' lang='grc' dir='ltr'><strong><em>Ῥοδ-</em></strong></span> <span class='ocrx_word' id='word_1_160' title='bbox 1197 2250 1224 2292; x_wconf 81' lang='grc' dir='ltr'><strong><em>εο</em></strong></span> 
     </span>
     <span class='ocr_line' id='line_1_22' title="bbox 214 2315 1183 2409; baseline 0 -20"><span class='ocrx_word' id='word_1_161' title='bbox 214 2347 282 2408; x_wconf 90' lang='grc' dir='ltr'><strong><em>μην</em></strong></span> <span class='ocrx_word' id='word_1_162' title='bbox 294 2322 358 2390; x_wconf 82' lang='grc' dir='ltr'><strong><em>τού</em></strong></span> <span class='ocrx_word' id='word_1_163' title='bbox 370 2321 494 2406; x_wconf 73' lang='grc' dir='ltr'><strong><em>δέρους</em></strong></span> <span class='ocrx_word' id='word_1_164' title='bbox 507 2316 735 2408; x_wconf 79' lang='grc' dir='ltr'><strong><em>παρελθόντος</em></strong></span> <span class='ocrx_word' id='word_1_165' title='bbox 748 2315 964 2409; x_wconf 78' lang='grc' dir='ltr'><strong><em>ἀνεκομίσθη.</em></strong></span> <span class='ocrx_word' id='word_1_166' title='bbox 993 2316 1183 2408; x_wconf 80' lang='grc' dir='ltr'><strong><em>ἀπάραντος</em></strong></span> 
     </span>
     <span class='ocr_line' id='line_1_23' title="bbox 217 2415 1182 2511; baseline 0 -21"><span class='ocrx_word' id='word_1_167' title='bbox 217 2415 249 2490; x_wconf 90' lang='grc' dir='ltr'><strong><em>δ’</em></strong></span> <span class='ocrx_word' id='word_1_168' title='bbox 283 2418 389 2490; x_wconf 79' lang='grc' dir='ltr'><strong><em>αὐτού</em></strong></span> <span class='ocrx_word' id='word_1_169' title='bbox 419 2415 614 2510; x_wconf 84' lang='grc' dir='ltr'><strong><em>δἈμίλκας</em></strong></span> <span class='ocrx_word' id='word_1_170' title='bbox 637 2419 674 2492; x_wconf 87' lang='grc' dir='ltr'><strong><em>τό</em></strong></span> <span class='ocrx_word' id='word_1_171' title='bbox 702 2449 738 2492; x_wconf 86' lang='grc' dir='ltr'><strong><em>τε</em></strong></span> <span class='ocrx_word' id='word_1_172' title='bbox 761 2422 943 2511; x_wconf 87' lang='grc' dir='ltr'><strong><em>Δρέπανον</em></strong></span> <span class='ocrx_word' id='word_1_173' title='bbox 965 2421 1182 2510; x_wconf 79' lang='grc' dir='ltr'><strong><em>κεκλημένον,</em></strong></span> 
     </span>
     <span class='ocr_line' id='line_1_24' title="bbox 216 2516 1183 2613; baseline 0.002 -23"><span class='ocrx_word' id='word_1_174' title='bbox 216 2526 286 2591; x_wconf 87' lang='grc' dir='ltr'><strong><em>ἐστι</em></strong></span> <span class='ocrx_word' id='word_1_175' title='bbox 314 2520 352 2590; x_wconf 77' lang='grc' dir='ltr'><strong><em>δέ</em></strong></span> <span class='ocrx_word' id='word_1_176' title='bbox 375 2518 476 2610; x_wconf 82' lang='grc' dir='ltr'><strong><em>λιμήν</em></strong></span> <span class='ocrx_word' id='word_1_177' title='bbox 498 2524 687 2613; x_wconf 82' lang='grc' dir='ltr'><strong><em>ἐπίκαιρος,</em></strong></span> <span class='ocrx_word' id='word_1_178' title='bbox 712 2519 915 2612; x_wconf 86' lang='grc' dir='ltr'><strong><em>ἐκρατύνατο</em></strong></span> <span class='ocrx_word' id='word_1_179' title='bbox 939 2524 994 2592; x_wconf 81' lang='grc' dir='ltr'><strong><em>καὶ</em></strong></span> <span class='ocrx_word' id='word_1_180' title='bbox 1021 2525 1055 2603; x_wconf 87' lang='grc' dir='ltr'><strong><em>ἐς</em></strong></span> <span class='ocrx_word' id='word_1_181' title='bbox 1078 2516 1183 2592; x_wconf 86' lang='grc' dir='ltr'><strong><em>αύτόν</em></strong></span> 
     </span>
     <span class='ocr_line' id='line_1_25' title="bbox 215 2620 1183 2714; baseline 0.004 -25"><span class='ocrx_word' id='word_1_182' title='bbox 215 2620 256 2690; x_wconf 79' lang='grc' dir='ltr'><strong><em>τὰ</em></strong></span> <span class='ocrx_word' id='word_1_183' title='bbox 285 2626 445 2693; x_wconf 89' lang='grc' dir='ltr'><strong><em>πλείστου</em></strong></span> <span class='ocrx_word' id='word_1_184' title='bbox 476 2625 636 2695; x_wconf 82' lang='grc' dir='ltr'><strong><em>κατέθετο</em></strong></span> <span class='ocrx_word' id='word_1_185' title='bbox 666 2620 759 2711; x_wconf 76' lang='grc' dir='ltr'><strong><em>ἄξια,</em></strong></span> <span class='ocrx_word' id='word_1_186' title='bbox 798 2624 854 2694; x_wconf 84' lang='grc' dir='ltr'><strong><em>καί</em></strong></span> <span class='ocrx_word' id='word_1_187' title='bbox 884 2621 961 2705; x_wconf 84' lang='grc' dir='ltr'><strong><em>τούς</em></strong></span> <span class='ocrx_word' id='word_1_188' title='bbox 988 2620 1183 2714; x_wconf 85' lang='grc' dir='ltr'><strong><em>Ἐρυκίνους</em></strong></span> 
     </span>
     <span class='ocr_line' id='line_1_26' title="bbox 215 2719 1221 2814; baseline 0.004 -24"><span class='ocrx_word' id='word_1_189' title='bbox 215 2719 364 2804; x_wconf 79' lang='grc' dir='ltr'><strong><em>ἅπαντας</em></strong></span> <span class='ocrx_word' id='word_1_190' title='bbox 378 2725 619 2813; x_wconf 80' lang='grc' dir='ltr'><strong><em>μετανέστησε,</em></strong></span> <span class='ocrx_word' id='word_1_191' title='bbox 637 2726 692 2794; x_wconf 89' lang='grc' dir='ltr'><strong><em>καί</em></strong></span> <span class='ocrx_word' id='word_1_192' title='bbox 706 2724 768 2814; x_wconf 83' lang='grc' dir='ltr'><strong><em>τήν</em></strong></span> <span class='ocrx_word' id='word_1_193' title='bbox 781 2725 881 2795; x_wconf 91' lang='grc' dir='ltr'><strong><em>πόλιν</em></strong></span> <span class='ocrx_word' id='word_1_194' title='bbox 895 2722 1006 2796; x_wconf 77' lang='grc' dir='ltr'><strong><em>αὐτῶν</em></strong></span> <span class='ocrx_word' id='word_1_195' title='bbox 1023 2725 1181 2794; x_wconf 90' lang='grc' dir='ltr'><strong><em>κατέσκα-</em></strong></span> <span class='ocrx_word' id='word_1_196' title='bbox 1195 2752 1221 2794; x_wconf 82' lang='grc' dir='ltr'><strong><em>ει</em></strong></span> 
     </span>
     <span class='ocr_line' id='line_1_27' title="bbox 216 2815 1181 2917; baseline 0.002 -23"><span class='ocrx_word' id='word_1_197' title='bbox 216 2839 300 2914; x_wconf 80' lang='grc' dir='ltr'><strong><em>ψεν,</em></strong></span> <span class='ocrx_word' id='word_1_198' title='bbox 326 2830 383 2896; x_wconf 80' lang='grc' dir='ltr'><strong><em>ἵνα</em></strong></span> <span class='ocrx_word' id='word_1_199' title='bbox 406 2825 452 2916; x_wconf 81' lang='grc' dir='ltr'><strong><em>μή</em></strong></span> <span class='ocrx_word' id='word_1_200' title='bbox 478 2829 513 2896; x_wconf 86' lang='grc' dir='ltr'><strong><em>οί</em></strong></span> <span class='ocrx_word' id='word_1_201' title='bbox 525 2820 677 2916; x_wconf 64' lang='grc' dir='ltr'><strong><em>Ῥωμαῖοι</em></strong></span> <span class='ocrx_word' id='word_1_202' title='bbox 694 2825 860 2917; x_wconf 71' lang='grc' dir='ltr'><strong><em>καρτερὰν</em></strong></span> <span class='ocrx_word' id='word_1_203' title='bbox 877 2823 984 2915; x_wconf 84' lang='grc' dir='ltr'><strong><em>αύτήν</em></strong></span> <span class='ocrx_word' id='word_1_204' title='bbox 1001 2815 1107 2896; x_wconf 78' lang='grc' dir='ltr'><strong><em>οὖσαν</em></strong></span> <span class='ocrx_word' id='word_1_205' title='bbox 1124 2853 1181 2896; x_wconf 86' lang='grc' dir='ltr'><strong><em>κα·</em></strong></span> 
     </span>
     <span class='ocr_line' id='line_1_28' title="bbox 213 2922 1182 3050; baseline -0.001 -53"><span class='ocrx_word' id='word_1_206' title='bbox 213 2923 414 3016; x_wconf 86' lang='grc' dir='ltr'><strong><em>ταλαβόντες</em></strong></span> <span class='ocrx_word' id='word_1_207' title='bbox 432 2922 633 3050; x_wconf 85' lang='grc' dir='ltr'><strong><em>ὁρμητήριον</em></strong></span> <span class='ocrx_word' id='word_1_208' title='bbox 650 2935 711 2998; x_wconf 81' lang='grc' dir='ltr'><strong><em>τοῦ</em></strong></span> <span class='ocrx_word' id='word_1_209' title='bbox 723 2929 871 3018; x_wconf 88' lang='grc' dir='ltr'><strong><em>πολέμου</em></strong></span> <span class='ocrx_word' id='word_1_210' title='bbox 888 2925 1107 3018; x_wconf 80' lang='grc' dir='ltr'><strong><em>ποιήσωνται,</em></strong></span> <span class='ocrx_word' id='word_1_211' title='bbox 1125 2928 1182 2998; x_wconf 85' lang='grc' dir='ltr'><strong><em>καί</em></strong></span> 
     </span>
     <span class='ocr_line' id='line_1_29' title="bbox 214 3025 1182 3122; baseline 0.001 -25"><span class='ocrx_word' id='word_1_212' title='bbox 214 3025 328 3110; x_wconf 85' lang='grc' dir='ltr'><strong><em>πόλεις</em></strong></span> <span class='ocrx_word' id='word_1_213' title='bbox 347 3057 362 3100; x_wconf 88' lang='grc' dir='ltr'><strong><em>ε</em></strong></span> <span class='ocrx_word' id='word_1_214' title='bbox 365 3025 415 3098; x_wconf 85' lang='grc' dir='ltr'><strong><em>ίλε</em></strong></span> <span class='ocrx_word' id='word_1_215' title='bbox 432 3025 490 3111; x_wconf 82' lang='grc' dir='ltr'><strong><em>τδς</em></strong></span> <span class='ocrx_word' id='word_1_216' title='bbox 508 3058 531 3119; x_wconf 88' lang='grc' dir='ltr'><strong><em>μ</em></strong></span> <span class='ocrx_word' id='word_1_217' title='bbox 533 3028 623 3120; x_wconf 79' lang='grc' dir='ltr'><strong><em>ἐνβί</em></strong></span> <span class='ocrx_word' id='word_1_218' title='bbox 620 3058 654 3122; x_wconf 92' lang='grc' dir='ltr'><strong><em>α,</em></strong></span> <span class='ocrx_word' id='word_1_219' title='bbox 672 3027 787 3112; x_wconf 80' lang='grc' dir='ltr'><strong><em>τδςδέ</em></strong></span> <span class='ocrx_word' id='word_1_220' title='bbox 804 3035 985 3122; x_wconf 89' lang='grc' dir='ltr'><strong><em>προδοσία</em></strong></span> <span class='ocrx_word' id='word_1_221' title='bbox 1013 3031 1121 3100; x_wconf 84' lang='grc' dir='ltr'><strong><em>καίεί</em></strong></span> <span class='ocrx_word' id='word_1_222' title='bbox 1107 3028 1182 3118; x_wconf 85' lang='grc' dir='ltr'><strong><em>ίμή</em></strong></span> 
     </span>
     <span class='ocr_line' id='line_1_30' title="bbox 128 3125 1183 3222; baseline 0.003 -25"><span class='ocrx_word' id='word_1_223' title='bbox 128 3185 131 3190; x_wconf 94' lang='grc'>.</span> <span class='ocrx_word' id='word_1_224' title='bbox 213 3125 314 3210; x_wconf 87' lang='grc' dir='ltr'><strong><em>Γαιος</em></strong></span> <span class='ocrx_word' id='word_1_225' title='bbox 333 3133 470 3220; x_wconf 78' lang='grc' dir='ltr'><strong><em>Φλοῐρος</em></strong></span> <span class='ocrx_word' id='word_1_226' title='bbox 488 3126 590 3201; x_wconf 86' lang='grc' dir='ltr'><strong><em>αύτδν</em></strong></span> <span class='ocrx_word' id='word_1_227' title='bbox 608 3133 747 3220; x_wconf 83' lang='grc' dir='ltr'><strong><em>ἐπέσχεν</em></strong></span> <span class='ocrx_word' id='word_1_228' title='bbox 765 3133 836 3201; x_wconf 80' lang='grc' dir='ltr'><strong><em>ἐκεί</em></strong></span> <span class='ocrx_word' id='word_1_229' title='bbox 850 3128 1025 3222; x_wconf 85' lang='grc' dir='ltr'><strong><em>χειμασας,</em></strong></span> <span class='ocrx_word' id='word_1_230' title='bbox 1042 3127 1105 3219; x_wconf 81' lang='grc' dir='ltr'><strong><em>τήν</em></strong></span> <span class='ocrx_word' id='word_1_231' title='bbox 1122 3139 1183 3202; x_wconf 91' lang='grc' dir='ltr'><strong><em>Σι-</em></strong></span> 
     </span>
     <span class='ocr_line' id='line_1_31' title="bbox 214 3227 1221 3322; baseline 0.007 -25"><span class='ocrx_word' id='word_1_232' title='bbox 214 3227 367 3300; x_wconf 82' lang='grc' dir='ltr'><strong><em>κελίαν’“</em></strong></span> <span class='ocrx_word' id='word_1_233' title='bbox 347 3259 390 3300; x_wconf 89' lang='grc' dir='ltr'><strong><em>αν</em></strong></span> <span class='ocrx_word' id='word_1_234' title='bbox 407 3233 649 3322; x_wconf 79' lang='grc' dir='ltr'><strong><em>κατεστρέψατο</em></strong></span> <span class='ocrx_word' id='word_1_235' title='bbox 667 3229 811 3303; x_wconf 88' lang='grc' dir='ltr'><strong><em>απασαν.</em></strong></span> <span class='ocrx_word' id='word_1_236' title='bbox 1195 3262 1221 3304; x_wconf 80' lang='grc' dir='ltr'><strong><em>ει</em></strong></span> 
     </span>
     <span class='ocr_line' id='line_1_32' title="bbox 290 3327 1181 3428; baseline 0.002 -28"><span class='ocrx_word' id='word_1_237' title='bbox 290 3329 434 3414; x_wconf 87' lang='grc' dir='ltr'><strong><em>Λούκιος</em></strong></span> <span class='ocrx_word' id='word_1_238' title='bbox 450 3333 487 3403; x_wconf 66' lang='grc' dir='ltr'><strong><em>δὲ</em></strong></span> <span class='ocrx_word' id='word_1_239' title='bbox 498 3327 681 3405; x_wconf 63' lang='grc' dir='ltr'><strong><em>Σκιπίον’</em></strong></span> <span class='ocrx_word' id='word_1_240' title='bbox 665 3362 683 3404; x_wconf 93' lang='grc' dir='ltr'><strong><em>ο</em></strong></span> <span class='ocrx_word' id='word_1_241' title='bbox 697 3331 876 3426; x_wconf 79' lang='grc' dir='ltr'><strong><em>συνάρχων</em></strong></span> <span class='ocrx_word' id='word_1_242' title='bbox 888 3329 979 3428; x_wconf 82' lang='grc' dir='ltr'><strong><em>αύτφ</em></strong></span> <span class='ocrx_word' id='word_1_243' title='bbox 967 3331 1181 3422; x_wconf 85' lang='grc' dir='ltr'><strong><em>ἐπίΣαρδα</em></strong></span> 
     </span>
     <span class='ocr_line' id='line_1_33' title="bbox 112 3431 1184 3528; baseline 0.006 -30"><span class='ocrx_word' id='word_1_244' title='bbox 112 3431 273 3501; x_wconf 82' lang='grc' dir='ltr'><strong><em>Ρ1388καὶ</em></strong></span> <span class='ocrx_word' id='word_1_245' title='bbox 298 3434 352 3502; x_wconf 87' lang='grc' dir='ltr'><strong><em>ἐπὶ</em></strong></span> <span class='ocrx_word' id='word_1_246' title='bbox 370 3432 507 3525; x_wconf 85' lang='grc' dir='ltr'><strong><em>Κύρνον</em></strong></span> <span class='ocrx_word' id='word_1_247' title='bbox 526 3432 740 3526; x_wconf 78' lang='grc' dir='ltr'><strong><em>ἐστράτευσε,</em></strong></span> <span class='ocrx_word' id='word_1_248' title='bbox 768 3449 895 3506; x_wconf 86' lang='grc' dir='ltr'><strong><em>κείνται</em></strong></span> <span class='ocrx_word' id='word_1_249' title='bbox 913 3435 951 3506; x_wconf 79' lang='grc' dir='ltr'><strong><em>δέ</em></strong></span> <span class='ocrx_word' id='word_1_250' title='bbox 969 3437 1006 3505; x_wconf 91' lang='grc' dir='ltr'><strong><em>ἐν</em></strong></span> <span class='ocrx_word' id='word_1_251' title='bbox 1023 3437 1070 3528; x_wconf 75' lang='grc' dir='ltr'><strong><em>τῷ</em></strong></span> <span class='ocrx_word' id='word_1_252' title='bbox 1091 3443 1184 3526; x_wconf 77' lang='grc' dir='ltr'><strong><em>Τυρ-</em></strong></span> 
     </span>
    </p>
   </div>
   <div class='ocr_carea' id='block_1_3' title="bbox 0 0 1288 3812">
    <p class='ocr_par' dir='ltr' id='par_1_3' title="bbox 0 0 1288 3812">
     <span class='ocr_line' id='line_1_34' title="bbox 0 0 1288 3812; baseline 0 0"><span class='ocrx_word' id='word_1_253' title='bbox 0 0 1288 3812; x_wconf 95' lang='lat' dir='ltr'><strong><em> </em></strong></span> 
     </span>
    </p>
   </div>
  </div>
 </body>
</html>
