<?xml version="1.0" encoding="UTF-8"?>
<!DOCTYPE html PUBLIC "-//W3C//DTD XHTML 1.0 Transitional//EN"
    "http://www.w3.org/TR/xhtml1/DTD/xhtml1-transitional.dtd">
<html xmlns="http://www.w3.org/1999/xhtml" xml:lang="en" lang="en">
 <head>
  <title>
</title>
<meta http-equiv="Content-Type" content="text/html;charset=utf-8" />
  <meta name='ocr-system' content='tesseract 3.04.00' />
  <meta name='ocr-capabilities' content='ocr_page ocr_carea ocr_par ocr_line ocrx_word'/>
</head>
<body>
  <div class='ocr_page' id='page_1' title='image "./iannoutouznapae01canggoog_0501.png"; bbox 0 0 2538 3824; ppageno 0'>
   <div class='ocr_carea' id='block_1_1' title="bbox 169 169 790 236">
    <p class='ocr_par' dir='ltr' id='par_1_1' title="bbox 169 169 790 236">
     <span class='ocr_line' id='line_1_1' title="bbox 169 169 790 236; baseline -0.005 -11"><span class='ocrx_word' id='word_1_1' title='bbox 169 171 208 236; x_wconf 89' lang='grc'><strong><em>16</em></strong></span> <span class='ocrx_word' id='word_1_2' title='bbox 515 170 587 224; x_wconf 88' lang='lat' dir='ltr'>LIB.</span> <span class='ocrx_word' id='word_1_3' title='bbox 599 169 647 224; x_wconf 89' lang='lat' dir='ltr'><strong><em>XI.</em></strong></span> <span class='ocrx_word' id='word_1_4' title='bbox 666 169 745 224; x_wconf 78' lang='lat' dir='ltr'>CAP.</span> <span class='ocrx_word' id='word_1_5' title='bbox 757 170 790 222; x_wconf 82' lang='lat' dir='ltr'><strong><em>V.</em></strong></span> 
     </span>
    </p>
   </div>
   <div class='ocr_carea' id='block_1_2' title="bbox 81 309 1168 909">
    <p class='ocr_par' dir='ltr' id='par_1_2' title="bbox 81 309 1168 909">
     <span class='ocr_line' id='line_1_2' title="bbox 167 309 1141 401; baseline -0.005 -16"><span class='ocrx_word' id='word_1_6' title='bbox 167 317 236 384; x_wconf 86' lang='grc' dir='ltr'><strong><em>τῶν</em></strong></span> <span class='ocrx_word' id='word_1_7' title='bbox 253 327 321 394; x_wconf 76' lang='grc' dir='ltr'><strong><em>τοῖς</em></strong></span> <span class='ocrx_word' id='word_1_8' title='bbox 339 315 472 401; x_wconf 76' lang='grc' dir='ltr'><strong><em>θηρίοις</em></strong></span> <span class='ocrx_word' id='word_1_9' title='bbox 490 313 527 380; x_wconf 91' lang='grc' dir='ltr'><strong><em>ἐκ</em></strong></span> <span class='ocrx_word' id='word_1_10' title='bbox 545 315 726 399; x_wconf 76' lang='grc' dir='ltr'><strong><em>καταδίκης</em></strong></span> <span class='ocrx_word' id='word_1_11' title='bbox 745 310 942 399; x_wconf 72' lang='grc' dir='ltr'><em>διδομένων,</em></span> <span class='ocrx_word' id='word_1_12' title='bbox 962 309 1141 382; x_wconf 86' lang='grc' dir='ltr'><strong><em>ἐκέλευσεν</em></strong></span> 
     </span>
     <span class='ocr_line' id='line_1_3' title="bbox 170 408 1140 503; baseline -0.002 -19"><span class='ocrx_word' id='word_1_13' title='bbox 170 418 208 484; x_wconf 89' lang='grc' dir='ltr'><strong><em>ἐκ</em></strong></span> <span class='ocrx_word' id='word_1_14' title='bbox 230 415 292 484; x_wconf 82' lang='grc' dir='ltr'><strong><em>τοῶ</em></strong></span> <span class='ocrx_word' id='word_1_15' title='bbox 316 408 418 502; x_wconf 78' lang='grc' dir='ltr'><strong><em>ὄχλου</em></strong></span> <span class='ocrx_word' id='word_1_16' title='bbox 435 417 495 482; x_wconf 80' lang='grc' dir='ltr'><strong><em>τοῦ</em></strong></span> <span class='ocrx_word' id='word_1_17' title='bbox 512 427 582 494; x_wconf 78' lang='grc' dir='ltr'><strong><em>τοῖς</em></strong></span> <span class='ocrx_word' id='word_1_18' title='bbox 601 417 718 503; x_wconf 78' lang='grc' dir='ltr'><strong><em>ἰκρίοις</em></strong></span> <span class='ocrx_word' id='word_1_19' title='bbox 736 408 997 502; x_wconf 86' lang='grc' dir='ltr'><strong><em>προστετηκότος</em></strong></span> <span class='ocrx_word' id='word_1_20' title='bbox 1014 433 1140 502; x_wconf 87' lang='grc' dir='ltr'><strong><em>συναρ-</em></strong></span> 
     </span>
     <span class='ocr_line' id='line_1_4' title="bbox 170 509 1141 604; baseline -0.002 -18"><span class='ocrx_word' id='word_1_21' title='bbox 170 520 347 604; x_wconf 86' lang='grc' dir='ltr'><strong><em>πασθήναί</em></strong></span> <span class='ocrx_word' id='word_1_22' title='bbox 362 541 455 596; x_wconf 85' lang='grc' dir='ltr'><strong><em>τινας</em></strong></span> <span class='ocrx_word' id='word_1_23' title='bbox 472 515 525 584; x_wconf 76' lang='grc' dir='ltr'><strong><em>καὶ</em></strong></span> <span class='ocrx_word' id='word_1_24' title='bbox 546 515 807 604; x_wconf 75' lang='grc' dir='ltr'><strong><em>παραβληθῆναι</em></strong></span> <span class='ocrx_word' id='word_1_25' title='bbox 820 509 943 596; x_wconf 72' lang='grc' dir='ltr'><strong><em>αὐτοῖς.</em></strong></span> <span class='ocrx_word' id='word_1_26' title='bbox 980 515 1036 584; x_wconf 82' lang='grc' dir='ltr'><strong><em>καὶ</em></strong></span> <span class='ocrx_word' id='word_1_27' title='bbox 1048 510 1141 595; x_wconf 82' lang='grc' dir='ltr'><strong><em>ὅπως</em></strong></span> 
     </span>
     <span class='ocr_line' id='line_1_5' title="bbox 81 611 1140 708; baseline -0.004 -18"><span class='ocrx_word' id='word_1_28' title='bbox 81 687 83 690; x_wconf 83' lang='grc'>.</span> <span class='ocrx_word' id='word_1_29' title='bbox 170 615 252 708; x_wconf 80' lang='grc' dir='ltr'><strong><em>μήτε</em></strong></span> <span class='ocrx_word' id='word_1_30' title='bbox 276 612 522 704; x_wconf 78' lang='grc' dir='ltr'><strong><em>ἐπιβοήσασθαι</em></strong></span> <span class='ocrx_word' id='word_1_31' title='bbox 544 611 627 706; x_wconf 85' lang='grc' dir='ltr'><strong><em>μήτε</em></strong></span> <span class='ocrx_word' id='word_1_32' title='bbox 648 645 679 686; x_wconf 91' lang='grc' dir='ltr'><strong><em>τι</em></strong></span> <span class='ocrx_word' id='word_1_33' title='bbox 709 613 923 686; x_wconf 84' lang='grc' dir='ltr'><strong><em>αίτιάσασθαι</em></strong></span> <span class='ocrx_word' id='word_1_34' title='bbox 951 615 1140 705; x_wconf 89' lang='grc' dir='ltr'><strong><em>δυνηθῶσι,</em></strong></span> 
     </span>
     <span class='ocr_line' id='line_1_6' title="bbox 170 714 1168 808; baseline -0.002 -18"><span class='ocrx_word' id='word_1_35' title='bbox 170 719 229 801; x_wconf 88' lang='grc' dir='ltr'><strong><em>τάς</em></strong></span> <span class='ocrx_word' id='word_1_36' title='bbox 252 715 406 808; x_wconf 86' lang='grc' dir='ltr'><strong><em>γλῶσσας</em></strong></span> <span class='ocrx_word' id='word_1_37' title='bbox 429 714 545 788; x_wconf 79' lang='grc' dir='ltr'><strong><em>αὐτῶν</em></strong></span> <span class='ocrx_word' id='word_1_38' title='bbox 567 719 806 808; x_wconf 83' lang='grc' dir='ltr'><strong><em>προνπέτεμον.</em></strong></span> <span class='ocrx_word' id='word_1_39' title='bbox 851 715 995 798; x_wconf 79' lang='grc' dir='ltr'><strong><em>πολλοὺς</em></strong></span> <span class='ocrx_word' id='word_1_40' title='bbox 1021 714 1060 787; x_wconf 72' lang='grc' dir='ltr'><strong><em>δὲ</em></strong></span> <span class='ocrx_word' id='word_1_41' title='bbox 1083 719 1168 788; x_wconf 77' lang='grc' dir='ltr'><strong><em>καλε</em></strong></span> 
     </span>
     <span class='ocr_line' id='line_1_7' title="bbox 174 813 1142 909; baseline -0.003 -18"><span class='ocrx_word' id='word_1_42' title='bbox 174 819 229 891; x_wconf 83' lang='grc' dir='ltr'><strong><em>διὰ</em></strong></span> <span class='ocrx_word' id='word_1_43' title='bbox 246 817 304 907; x_wconf 88' lang='grc' dir='ltr'><strong><em>τάς</em></strong></span> <span class='ocrx_word' id='word_1_44' title='bbox 322 815 441 902; x_wconf 82' lang='grc' dir='ltr'><strong><em>οάσίας</em></strong></span> <span class='ocrx_word' id='word_1_45' title='bbox 460 813 640 909; x_wconf 75' lang='grc' dir='ltr'><strong><em>ἐφόνευεν,</em></strong></span> <span class='ocrx_word' id='word_1_46' title='bbox 659 817 745 908; x_wconf 76' lang='grc' dir='ltr'><strong><em>ἕτερ’</em></strong></span> <span class='ocrx_word' id='word_1_47' title='bbox 765 815 847 900; x_wconf 77' lang='grc' dir='ltr'><strong><em>ἅττα</em></strong></span> <span class='ocrx_word' id='word_1_48' title='bbox 864 825 983 908; x_wconf 89' lang='grc' dir='ltr'><strong><em>σφίσιν</em></strong></span> <span class='ocrx_word' id='word_1_49' title='bbox 1001 822 1142 907; x_wconf 84' lang='grc' dir='ltr'><strong><em>ἐπεγκα-</em></strong></span> 
     </span>
    </p>
   </div>
   <div class='ocr_carea' id='block_1_3' title="bbox 34 913 1141 1013">
    <p class='ocr_par' dir='ltr' id='par_1_3' title="bbox 34 913 1141 1013">
     <span class='ocr_line' id='line_1_8' title="bbox 34 913 1141 1013; baseline -0.005 -18"><span class='ocrx_word' id='word_1_50' title='bbox 34 1005 36 1010; x_wconf 39' lang='grc'><strong><em>,</em></strong></span> <span class='ocrx_word' id='word_1_51' title='bbox 137 929 255 996; x_wconf 84' lang='grc' dir='ltr'><strong><em>Βλῶν.</em></strong></span> <span class='ocrx_word' id='word_1_52' title='bbox 296 923 353 992; x_wconf 84' lang='grc' dir='ltr'><strong><em>καί</em></strong></span> <span class='ocrx_word' id='word_1_53' title='bbox 370 913 389 990; x_wconf 83' lang='grc' dir='ltr'><strong><em>ό</em></strong></span> <span class='ocrx_word' id='word_1_54' title='bbox 406 923 466 1010; x_wconf 78' lang='grc' dir='ltr'><strong><em>τῆς</em></strong></span> <span class='ocrx_word' id='word_1_55' title='bbox 482 927 696 1013; x_wconf 85' lang='grc' dir='ltr'><strong><em>Δρουσίλλης</em></strong></span> <span class='ocrx_word' id='word_1_56' title='bbox 713 923 771 1010; x_wconf 82' lang='grc' dir='ltr'><strong><em>τῆς</em></strong></span> <span class='ocrx_word' id='word_1_57' title='bbox 789 915 938 1009; x_wconf 76' lang='grc' dir='ltr'><em>ἀδελφῆς</em></span> <span class='ocrx_word' id='word_1_58' title='bbox 955 915 1061 990; x_wconf 82' lang='grc' dir='ltr'><strong><em>αάτοῶ</em></strong></span> <span class='ocrx_word' id='word_1_59' title='bbox 1078 918 1141 992; x_wconf 85' lang='grc' dir='ltr'><strong><em>θά-</em></strong></span> 
     </span>
    </p>
   </div>
   <div class='ocr_carea' id='block_1_4' title="bbox 46 1011 1268 3562">
    <p class='ocr_par' dir='ltr' id='par_1_4' title="bbox 171 1011 1185 1725">
     <span class='ocr_line' id='line_1_9' title="bbox 171 1011 1141 1118; baseline -0.001 -23"><span class='ocrx_word' id='word_1_60' title='bbox 171 1051 270 1106; x_wconf 87' lang='grc' dir='ltr'><strong><em>νατος</em></strong></span> <span class='ocrx_word' id='word_1_61' title='bbox 288 1020 329 1094; x_wconf 87' lang='grc' dir='ltr'><strong><em>οὐ</em></strong></span> <span class='ocrx_word' id='word_1_62' title='bbox 347 1027 461 1113; x_wconf 82' lang='grc' dir='ltr'><strong><em>μείους</em></strong></span> <span class='ocrx_word' id='word_1_63' title='bbox 480 1025 699 1113; x_wconf 86' lang='grc' dir='ltr'><strong><em>διέφθειρεν,</em></strong></span> <span class='ocrx_word' id='word_1_64' title='bbox 715 1011 738 1115; x_wconf 85' lang='grc' dir='ltr'><strong><em>ή</em></strong></span> <span class='ocrx_word' id='word_1_65' title='bbox 755 1019 902 1118; x_wconf 77' lang='grc' dir='ltr'><strong><em>συνῴκει</em></strong></span> <span class='ocrx_word' id='word_1_66' title='bbox 919 1022 982 1112; x_wconf 73' lang='grc' dir='ltr'><strong><em>μὲν</em></strong></span> <span class='ocrx_word' id='word_1_67' title='bbox 999 1020 1141 1114; x_wconf 88' lang='grc' dir='ltr'><strong><em>Μάρκος</em></strong></span> 
     </span>
     <span class='ocr_line' id='line_1_10' title="bbox 172 1121 1141 1217; baseline -0.003 -20"><span class='ocrx_word' id='word_1_68' title='bbox 172 1127 318 1208; x_wconf 88' lang='grc' dir='ltr'><strong><em>Λέπιδος</em></strong></span> <span class='ocrx_word' id='word_1_69' title='bbox 343 1122 481 1195; x_wconf 83' lang='grc' dir='ltr'><strong><em>παιδικὰ</em></strong></span> <span class='ocrx_word' id='word_1_70' title='bbox 498 1122 566 1215; x_wconf 76' lang='grc' dir='ltr'><strong><em>ἅμα</em></strong></span> <span class='ocrx_word' id='word_1_71' title='bbox 584 1122 687 1196; x_wconf 81' lang='grc' dir='ltr'><strong><em>αὐτοῦ</em></strong></span> <span class='ocrx_word' id='word_1_72' title='bbox 704 1125 770 1195; x_wconf 76' lang='grc' dir='ltr'><strong><em>καί</em></strong></span> <span class='ocrx_word' id='word_1_73' title='bbox 781 1123 920 1217; x_wconf 84' lang='grc' dir='ltr'><strong><em>ἐραστής</em></strong></span> <span class='ocrx_word' id='word_1_74' title='bbox 939 1121 1003 1213; x_wconf 85' lang='grc' dir='ltr'><strong><em>ῶν,</em></strong></span> <span class='ocrx_word' id='word_1_75' title='bbox 1031 1127 1141 1210; x_wconf 87' lang='grc' dir='ltr'><strong><em>συνήν</em></strong></span> 
     </span>
     <span class='ocr_line' id='line_1_11' title="bbox 174 1217 1185 1316; baseline -0.002 -18"><span class='ocrx_word' id='word_1_76' title='bbox 174 1229 212 1298; x_wconf 81' lang='grc' dir='ltr'><strong><em>δέ</em></strong></span> <span class='ocrx_word' id='word_1_77' title='bbox 229 1229 286 1298; x_wconf 83' lang='grc' dir='ltr'><strong><em>καί</em></strong></span> <span class='ocrx_word' id='word_1_78' title='bbox 302 1225 321 1298; x_wconf 83' lang='grc' dir='ltr'><em>ὃ</em></span> <span class='ocrx_word' id='word_1_79' title='bbox 337 1223 447 1308; x_wconf 86' lang='grc' dir='ltr'><strong><em>Γάιος.</em></strong></span> <span class='ocrx_word' id='word_1_80' title='bbox 488 1223 732 1300; x_wconf 77' lang='grc' dir='ltr'><strong><em>ἀποθανοῦσαν</em></strong></span> <span class='ocrx_word' id='word_1_81' title='bbox 755 1217 819 1298; x_wconf 81' lang='grc' dir='ltr'><strong><em>οὖν</em></strong></span> <span class='ocrx_word' id='word_1_82' title='bbox 841 1231 976 1296; x_wconf 85' lang='grc' dir='ltr'><strong><em>πολλῶν</em></strong></span> <span class='ocrx_word' id='word_1_83' title='bbox 998 1226 1061 1316; x_wconf 72' lang='grc' dir='ltr'><strong><em>μέν</em></strong></span> <span class='ocrx_word' id='word_1_84' title='bbox 1084 1226 1141 1296; x_wconf 82' lang='grc' dir='ltr'><strong><em>καὶ</em></strong></span> <span class='ocrx_word' id='word_1_85' title='bbox 1156 1257 1185 1297; x_wconf 84' lang='lat'><strong><em>10</em></strong></span> 
     </span>
     <span class='ocr_line' id='line_1_12' title="bbox 173 1323 1142 1418; baseline -0.001 -19"><span class='ocrx_word' id='word_1_86' title='bbox 173 1326 285 1400; x_wconf 85' lang='grc' dir='ltr'><strong><em>ἀλλων</em></strong></span> <span class='ocrx_word' id='word_1_87' title='bbox 301 1323 462 1418; x_wconf 83' lang='grc' dir='ltr'><strong><em>ήξίωσεν,</em></strong></span> <span class='ocrx_word' id='word_1_88' title='bbox 487 1327 558 1399; x_wconf 79' lang='grc' dir='ltr'><strong><em>εἶτα</em></strong></span> <span class='ocrx_word' id='word_1_89' title='bbox 576 1331 632 1398; x_wconf 83' lang='grc' dir='ltr'><strong><em>καὶ</em></strong></span> <span class='ocrx_word' id='word_1_90' title='bbox 648 1325 832 1400; x_wconf 77' lang='grc' dir='ltr'><strong><em>ἀπεθέωσε.</em></strong></span> <span class='ocrx_word' id='word_1_91' title='bbox 879 1324 951 1418; x_wconf 86' lang='grc' dir='ltr'><strong><em>μετ’</em></strong></span> <span class='ocrx_word' id='word_1_92' title='bbox 970 1325 1086 1416; x_wconf 81' lang='grc' dir='ltr'><strong><em>ἀλίγον</em></strong></span> <span class='ocrx_word' id='word_1_93' title='bbox 1105 1327 1142 1398; x_wconf 77' lang='grc' dir='ltr'><strong><em>δέ</em></strong></span> 
     </span>
     <span class='ocr_line' id='line_1_13' title="bbox 173 1425 1144 1522; baseline -0.002 -20"><span class='ocrx_word' id='word_1_94' title='bbox 173 1439 275 1522; x_wconf 88' lang='grc' dir='ltr'><strong><em>ἐγημε</em></strong></span> <span class='ocrx_word' id='word_1_95' title='bbox 299 1435 447 1502; x_wconf 88' lang='grc' dir='ltr'><strong><em>Λολλίαν</em></strong></span> <span class='ocrx_word' id='word_1_96' title='bbox 470 1439 665 1520; x_wconf 80' lang='grc' dir='ltr'><strong><em>Παυλῖναν,</em></strong></span> <span class='ocrx_word' id='word_1_97' title='bbox 693 1425 800 1503; x_wconf 86' lang='grc' dir='ltr'><strong><em>αάτὸν</em></strong></span> <span class='ocrx_word' id='word_1_98' title='bbox 822 1429 882 1502; x_wconf 88' lang='grc' dir='ltr'><strong><em>τὸν</em></strong></span> <span class='ocrx_word' id='word_1_99' title='bbox 905 1427 1015 1519; x_wconf 85' lang='grc' dir='ltr'><strong><em>ἀνδρα</em></strong></span> <span class='ocrx_word' id='word_1_100' title='bbox 1036 1425 1144 1519; x_wconf 75' lang='grc' dir='ltr'><strong><em>αὐτῆς</em></strong></span> 
     </span>
     <span class='ocr_line' id='line_1_14' title="bbox 175 1527 1142 1626; baseline -0.003 -21"><span class='ocrx_word' id='word_1_101' title='bbox 175 1536 335 1622; x_wconf 77' lang='grc' dir='ltr'><strong><em>ἐγγυῆσαι</em></strong></span> <span class='ocrx_word' id='word_1_102' title='bbox 353 1528 444 1626; x_wconf 78' lang='grc' dir='ltr'><strong><em>αὐτῷ</em></strong></span> <span class='ocrx_word' id='word_1_103' title='bbox 461 1531 523 1621; x_wconf 84' lang='grc' dir='ltr'><strong><em>τήν</em></strong></span> <span class='ocrx_word' id='word_1_104' title='bbox 535 1547 681 1621; x_wconf 71' lang='grc' dir='ltr'><strong><em>γυναῖκα</em></strong></span> <span class='ocrx_word' id='word_1_105' title='bbox 695 1530 825 1624; x_wconf 87' lang='grc' dir='ltr'><strong><em>βιάσας,</em></strong></span> <span class='ocrx_word' id='word_1_106' title='bbox 844 1529 959 1622; x_wconf 81' lang='grc' dir='ltr'><strong><em>ἵναμή</em></strong></span> <span class='ocrx_word' id='word_1_107' title='bbox 974 1527 1142 1622; x_wconf 86' lang='grc' dir='ltr'><strong><em>ἀνέγγυον</em></strong></span> 
     </span>
     <span class='ocr_line' id='line_1_15' title="bbox 174 1631 662 1725; baseline -0.002 -20"><span class='ocrx_word' id='word_1_108' title='bbox 174 1631 281 1724; x_wconf 88' lang='grc' dir='ltr'><strong><em>αάτήν</em></strong></span> <span class='ocrx_word' id='word_1_109' title='bbox 299 1631 414 1725; x_wconf 82' lang='grc' dir='ltr'><strong><em>λοβῶν</em></strong></span> <span class='ocrx_word' id='word_1_110' title='bbox 430 1631 662 1725; x_wconf 91' lang='grc' dir='ltr'><strong><em>παρανομήση.</em></strong></span> 
     </span>
    </p>

    <p class='ocr_par' dir='ltr' id='par_1_5' title="bbox 175 1731 1184 2133">
     <span class='ocr_line' id='line_1_16' title="bbox 248 1731 1184 1832; baseline 0.001 -25"><span class='ocrx_word' id='word_1_111' title='bbox 248 1733 302 1807; x_wconf 83' lang='grc' dir='ltr'><strong><em>Ἐν</em></strong></span> <span class='ocrx_word' id='word_1_112' title='bbox 326 1739 486 1832; x_wconf 74' lang='grc' dir='ltr'><strong><em>στενωπῷ</em></strong></span> <span class='ocrx_word' id='word_1_113' title='bbox 510 1737 550 1806; x_wconf 89' lang='grc' dir='ltr'><strong><em>δέ</em></strong></span> <span class='ocrx_word' id='word_1_114' title='bbox 569 1761 650 1807; x_wconf 88' lang='grc' dir='ltr'><strong><em>ποτε</em></strong></span> <span class='ocrx_word' id='word_1_115' title='bbox 667 1731 777 1824; x_wconf 84' lang='grc' dir='ltr'><strong><em>πηλόν</em></strong></span> <span class='ocrx_word' id='word_1_116' title='bbox 794 1733 903 1806; x_wconf 82' lang='grc' dir='ltr'><strong><em>πολάν</em></strong></span> <span class='ocrx_word' id='word_1_117' title='bbox 919 1733 1142 1825; x_wconf 83' lang='grc' dir='ltr'><strong><em>θεασόμενος,</em></strong></span> <span class='ocrx_word' id='word_1_118' title='bbox 1158 1766 1184 1808; x_wconf 83' lang='lat'><strong><em>15</em></strong></span> 
     </span>
     <span class='ocr_line' id='line_1_17' title="bbox 175 1834 1143 1928; baseline -0.001 -19"><span class='ocrx_word' id='word_1_119' title='bbox 175 1839 351 1909; x_wconf 85' lang='grc' dir='ltr'><strong><em>ἐκέλευσεν</em></strong></span> <span class='ocrx_word' id='word_1_120' title='bbox 368 1834 473 1908; x_wconf 82' lang='grc' dir='ltr'><strong><em>αὐτόν</em></strong></span> <span class='ocrx_word' id='word_1_121' title='bbox 491 1843 537 1918; x_wconf 90' lang='grc' dir='ltr'><strong><em>είς</em></strong></span> <span class='ocrx_word' id='word_1_122' title='bbox 554 1837 595 1907; x_wconf 88' lang='grc' dir='ltr'><strong><em>τά</em></strong></span> <span class='ocrx_word' id='word_1_123' title='bbox 611 1842 671 1908; x_wconf 87' lang='grc' dir='ltr'><strong><em>τοῦ</em></strong></span> <span class='ocrx_word' id='word_1_124' title='bbox 689 1834 977 1928; x_wconf 78' lang='grc' dir='ltr'><strong><em>ἀγορανομοῦντος</em></strong></span> <span class='ocrx_word' id='word_1_125' title='bbox 994 1835 1069 1908; x_wconf 89' lang='grc' dir='ltr'><strong><em>τότε</em></strong></span> <span class='ocrx_word' id='word_1_126' title='bbox 1085 1839 1143 1908; x_wconf 84' lang='grc' dir='ltr'><strong><em>καὶ</em></strong></span> 
     </span>
     <span class='ocr_line' id='line_1_18' title="bbox 175 1937 1145 2032; baseline 0 -22"><span class='ocrx_word' id='word_1_127' title='bbox 175 1944 232 2030; x_wconf 84' lang='grc' dir='ltr'><strong><em>τής</em></strong></span> <span class='ocrx_word' id='word_1_128' title='bbox 251 1946 319 2010; x_wconf 86' lang='grc' dir='ltr'><strong><em>τῶν</em></strong></span> <span class='ocrx_word' id='word_1_129' title='bbox 336 1937 430 2010; x_wconf 83' lang='grc' dir='ltr'><strong><em>ὁδῶν</em></strong></span> <span class='ocrx_word' id='word_1_130' title='bbox 446 1937 645 2032; x_wconf 75' lang='grc' dir='ltr'><strong><em>καθάρσεως</em></strong></span> <span class='ocrx_word' id='word_1_131' title='bbox 663 1942 926 2030; x_wconf 82' lang='grc' dir='ltr'><strong><em>ἐπιμελουμένου</em></strong></span> <span class='ocrx_word' id='word_1_132' title='bbox 946 1937 1060 2029; x_wconf 82' lang='grc' dir='ltr'><strong><em>έμάτιοι</em></strong></span> <span class='ocrx_word' id='word_1_133' title='bbox 1084 1943 1145 2030; x_wconf 82' lang='grc' dir='ltr'><strong><em>ἐμ-</em></strong></span> 
     </span>
     <span class='ocr_line' id='line_1_19' title="bbox 176 2031 1142 2133; baseline -0.001 -21"><span class='ocrx_word' id='word_1_134' title='bbox 176 2045 356 2132; x_wconf 79' lang='grc' dir='ltr'><strong><em>βληθῆναι.</em></strong></span> <span class='ocrx_word' id='word_1_135' title='bbox 404 2039 655 2124; x_wconf 86' lang='grc' dir='ltr'><strong><em>Οὐεσπασιανός</em></strong></span> <span class='ocrx_word' id='word_1_136' title='bbox 682 2041 719 2112; x_wconf 75' lang='grc' dir='ltr'><strong><em>δέ</em></strong></span> <span class='ocrx_word' id='word_1_137' title='bbox 742 2039 816 2112; x_wconf 87' lang='grc' dir='ltr'><strong><em>τότε</em></strong></span> <span class='ocrx_word' id='word_1_138' title='bbox 839 2031 883 2131; x_wconf 91' lang='grc' dir='ltr'><strong><em>ήν</em></strong></span> <span class='ocrx_word' id='word_1_139' title='bbox 906 2036 1142 2133; x_wconf 85' lang='grc' dir='ltr'><strong><em>ἀγορανομῶν·</em></strong></span> 
     </span>
    </p>

    <p class='ocr_par' dir='ltr' id='par_1_6' title="bbox 144 2140 1184 2638">
     <span class='ocr_line' id='line_1_20' title="bbox 144 2140 1141 2238; baseline -0.006 -22"><span class='ocrx_word' id='word_1_140' title='bbox 144 2140 264 2216; x_wconf 75' lang='grc' dir='ltr'><strong><em>σῶστε</em></strong></span> <span class='ocrx_word' id='word_1_141' title='bbox 280 2141 422 2238; x_wconf 77' lang='grc' dir='ltr'><strong><em>ὕστερον</em></strong></span> <span class='ocrx_word' id='word_1_142' title='bbox 440 2147 571 2216; x_wconf 88' lang='grc' dir='ltr'><strong><em>ἐκείνου</em></strong></span> <span class='ocrx_word' id='word_1_143' title='bbox 589 2141 629 2214; x_wconf 89' lang='grc' dir='ltr'><strong><em>τά</em></strong></span> <span class='ocrx_word' id='word_1_144' title='bbox 646 2143 822 2234; x_wconf 83' lang='grc' dir='ltr'><strong><em>πράγματα</em></strong></span> <span class='ocrx_word' id='word_1_145' title='bbox 842 2145 1068 2234; x_wconf 77' lang='grc' dir='ltr'><strong><em>τεταραγμένα</em></strong></span> <span class='ocrx_word' id='word_1_146' title='bbox 1083 2143 1141 2211; x_wconf 80' lang='grc' dir='ltr'><strong><em>καί</em></strong></span> 
     </span>
     <span class='ocr_line' id='line_1_21' title="bbox 175 2243 1184 2336; baseline 0 -20"><span class='ocrx_word' id='word_1_147' title='bbox 175 2248 375 2336; x_wconf 79' lang='grc' dir='ltr'><strong><em>πεφυρμένα</em></strong></span> <span class='ocrx_word' id='word_1_148' title='bbox 400 2243 653 2336; x_wconf 80' lang='grc' dir='ltr'><strong><em>παραλαβόντος</em></strong></span> <span class='ocrx_word' id='word_1_149' title='bbox 670 2246 725 2314; x_wconf 79' lang='grc' dir='ltr'><strong><em>καί</em></strong></span> <span class='ocrx_word' id='word_1_150' title='bbox 743 2243 1010 2334; x_wconf 79' lang='grc' dir='ltr'><strong><em>καταστήσαντος</em></strong></span> <span class='ocrx_word' id='word_1_151' title='bbox 1026 2245 1141 2326; x_wconf 83' lang='grc' dir='ltr'><strong><em>ἐδοξεν</em></strong></span> <span class='ocrx_word' id='word_1_152' title='bbox 1155 2275 1184 2316; x_wconf 75' lang='grc' dir='ltr'><strong><em>το</em></strong></span> 
     </span>
     <span class='ocr_line' id='line_1_22' title="bbox 176 2340 1143 2436; baseline -0.003 -17"><span class='ocrx_word' id='word_1_153' title='bbox 176 2345 239 2419; x_wconf 86' lang='grc' dir='ltr'><strong><em>οάκ</em></strong></span> <span class='ocrx_word' id='word_1_154' title='bbox 257 2340 355 2418; x_wconf 80' lang='grc' dir='ltr'><strong><em>ἀθεεὶ</em></strong></span> <span class='ocrx_word' id='word_1_155' title='bbox 372 2343 409 2418; x_wconf 85' lang='grc' dir='ltr'><strong><em>τὸ</em></strong></span> <span class='ocrx_word' id='word_1_156' title='bbox 427 2344 500 2417; x_wconf 91' lang='grc' dir='ltr'><strong><em>τότε</em></strong></span> <span class='ocrx_word' id='word_1_157' title='bbox 518 2343 653 2436; x_wconf 88' lang='grc' dir='ltr'><strong><em>σνμβάυ</em></strong></span> <span class='ocrx_word' id='word_1_158' title='bbox 668 2347 861 2436; x_wconf 87' lang='grc' dir='ltr'><strong><em>γεγονέναι,</em></strong></span> <span class='ocrx_word' id='word_1_159' title='bbox 887 2345 963 2417; x_wconf 89' lang='grc' dir='ltr'><strong><em>ἀλλ’</em></strong></span> <span class='ocrx_word' id='word_1_160' title='bbox 984 2345 1143 2436; x_wconf 87' lang='grc' dir='ltr'><strong><em>ἀντικρνς</em></strong></span> 
     </span>
     <span class='ocr_line' id='line_1_23' title="bbox 177 2444 1145 2541; baseline 0 -23"><span class='ocrx_word' id='word_1_161' title='bbox 177 2447 267 2541; x_wconf 75' lang='grc' dir='ltr'><strong><em>αὐτῷ</em></strong></span> <span class='ocrx_word' id='word_1_162' title='bbox 290 2447 353 2536; x_wconf 87' lang='grc' dir='ltr'><strong><em>τήν</em></strong></span> <span class='ocrx_word' id='word_1_163' title='bbox 374 2444 472 2519; x_wconf 89' lang='grc' dir='ltr'><strong><em>πόλιν</em></strong></span> <span class='ocrx_word' id='word_1_164' title='bbox 494 2447 577 2540; x_wconf 88' lang='grc' dir='ltr'><strong><em>πρὸς</em></strong></span> <span class='ocrx_word' id='word_1_165' title='bbox 595 2446 833 2540; x_wconf 82' lang='grc' dir='ltr'><strong><em>ἐπανόρθωσιν</em></strong></span> <span class='ocrx_word' id='word_1_166' title='bbox 856 2448 945 2541; x_wconf 91' lang='grc' dir='ltr'><strong><em>παρά</em></strong></span> <span class='ocrx_word' id='word_1_167' title='bbox 963 2455 1070 2520; x_wconf 84' lang='grc' dir='ltr'><strong><em>Γαίου</em></strong></span> <span class='ocrx_word' id='word_1_168' title='bbox 1088 2451 1145 2536; x_wconf 84' lang='grc' dir='ltr'><strong><em>ἐγ-</em></strong></span> 
     </span>
     <span class='ocr_line' id='line_1_24' title="bbox 176 2555 399 2638; baseline 0.009 -20"><span class='ocrx_word' id='word_1_169' title='bbox 176 2555 399 2638; x_wconf 82' lang='grc' dir='ltr'><strong><em>χειρισθήναι.</em></strong></span> 
     </span>
    </p>

    <p class='ocr_par' dir='ltr' id='par_1_7' title="bbox 253 2639 1147 2743">
     <span class='ocr_line' id='line_1_25' title="bbox 253 2639 1147 2743; baseline -0.001 -23"><span class='ocrx_word' id='word_1_170' title='bbox 253 2655 428 2742; x_wconf 83' lang='grc' dir='ltr'><strong><em>Διηνεκῶς</em></strong></span> <span class='ocrx_word' id='word_1_171' title='bbox 452 2649 489 2720; x_wconf 74' lang='grc' dir='ltr'><strong><em>δέ</em></strong></span> <span class='ocrx_word' id='word_1_172' title='bbox 513 2649 655 2734; x_wconf 77' lang='grc' dir='ltr'><strong><em>πολλοὺς</em></strong></span> <span class='ocrx_word' id='word_1_173' title='bbox 678 2649 815 2734; x_wconf 86' lang='grc' dir='ltr'><strong><em>ὁΓάιος</em></strong></span> <span class='ocrx_word' id='word_1_174' title='bbox 839 2649 996 2743; x_wconf 80' lang='grc' dir='ltr'><strong><em>ἐφόνευε,</em></strong></span> <span class='ocrx_word' id='word_1_175' title='bbox 1028 2639 1147 2740; x_wconf 81' lang='grc' dir='ltr'><strong><em>καλήν</em></strong></span> 
     </span>
    </p>

    <p class='ocr_par' dir='ltr' id='par_1_8' title="bbox 46 2751 1188 2850">
     <span class='ocr_line' id='line_1_26' title="bbox 46 2751 1188 2850; baseline 0.002 -28"><span class='ocrx_word' id='word_1_176' title='bbox 46 2764 48 2768; x_wconf 83' lang='grc'><strong>’</strong></span> <span class='ocrx_word' id='word_1_177' title='bbox 177 2753 239 2836; x_wconf 84' lang='grc' dir='ltr'><strong><em>ἔξω</em></strong></span> <span class='ocrx_word' id='word_1_178' title='bbox 256 2755 325 2825; x_wconf 86' lang='grc' dir='ltr'><strong><em>τῶν</em></strong></span> <span class='ocrx_word' id='word_1_179' title='bbox 341 2751 458 2842; x_wconf 85' lang='grc' dir='ltr'><strong><em>φόνων</em></strong></span> <span class='ocrx_word' id='word_1_180' title='bbox 475 2751 586 2824; x_wconf 87' lang='grc' dir='ltr'><strong><em>οάδέν.</em></strong></span> <span class='ocrx_word' id='word_1_181' title='bbox 622 2754 679 2826; x_wconf 86' lang='grc' dir='ltr'><strong><em>καί</em></strong></span> <span class='ocrx_word' id='word_1_182' title='bbox 702 2752 783 2826; x_wconf 73' lang='grc' dir='ltr'><strong><em>οὐδὲ</em></strong></span> <span class='ocrx_word' id='word_1_183' title='bbox 807 2759 853 2850; x_wconf 77' lang='grc' dir='ltr'><strong><em>τῷ</em></strong></span> <span class='ocrx_word' id='word_1_184' title='bbox 876 2751 1001 2844; x_wconf 85' lang='grc' dir='ltr'><strong><em>πλήθει</em></strong></span> <span class='ocrx_word' id='word_1_185' title='bbox 1017 2781 1050 2824; x_wconf 91' lang='grc' dir='ltr'><strong><em>τι</em></strong></span> <span class='ocrx_word' id='word_1_186' title='bbox 1068 2756 1143 2844; x_wconf 78' lang='grc' dir='ltr'><strong><em>ἐχα-</em></strong></span> <span class='ocrx_word' id='word_1_187' title='bbox 1160 2781 1188 2824; x_wconf 77' lang='grc' dir='ltr'><strong><em>ετ</em></strong></span> 
     </span>
    </p>

    <p class='ocr_par' dir='ltr' id='par_1_9' title="bbox 177 2850 1147 2950">
     <span class='ocr_line' id='line_1_27' title="bbox 177 2850 1147 2950; baseline -0.002 -25"><span class='ocrx_word' id='word_1_188' title='bbox 177 2862 298 2948; x_wconf 81' lang='grc' dir='ltr'><strong><em>ρίζετο,</em></strong></span> <span class='ocrx_word' id='word_1_189' title='bbox 330 2850 479 2927; x_wconf 77' lang='grc' dir='ltr'><strong><em>κάκεῖνοι</em></strong></span> <span class='ocrx_word' id='word_1_190' title='bbox 511 2853 604 2926; x_wconf 88' lang='grc' dir='ltr'><strong><em>πάνυ</em></strong></span> <span class='ocrx_word' id='word_1_191' title='bbox 632 2850 723 2950; x_wconf 75' lang='grc' dir='ltr'><strong><em>αὐτῷ</em></strong></span> <span class='ocrx_word' id='word_1_192' title='bbox 744 2853 997 2947; x_wconf 77' lang='grc' dir='ltr'><strong><em>ἀπηχθάνοντο·</em></strong></span> <span class='ocrx_word' id='word_1_193' title='bbox 1038 2851 1147 2926; x_wconf 80' lang='grc' dir='ltr'><strong><em>πολλοὶ</em></strong></span> 
     </span>
    </p>

    <p class='ocr_par' dir='ltr' id='par_1_10' title="bbox 100 2953 1268 3252">
     <span class='ocr_line' id='line_1_28' title="bbox 100 2953 1148 3052; baseline -0.002 -24"><span class='ocrx_word' id='word_1_194' title='bbox 100 3006 104 3010; x_wconf 92' lang='lat'>-</span> <span class='ocrx_word' id='word_1_195' title='bbox 177 2957 239 3049; x_wconf 69' lang='grc' dir='ltr'><strong><em>μέν</em></strong></span> <span class='ocrx_word' id='word_1_196' title='bbox 261 2953 326 3049; x_wconf 90' lang='grc' dir='ltr'><strong><em>γάρ</em></strong></span> <span class='ocrx_word' id='word_1_197' title='bbox 352 2959 409 3030; x_wconf 82' lang='grc' dir='ltr'><strong><em>καί</em></strong></span> <span class='ocrx_word' id='word_1_198' title='bbox 426 2955 510 3029; x_wconf 85' lang='grc' dir='ltr'><strong><em>ἀλλα</em></strong></span> <span class='ocrx_word' id='word_1_199' title='bbox 529 2953 621 3052; x_wconf 76' lang='grc' dir='ltr'><strong><em>αὐτῷ</em></strong></span> <span class='ocrx_word' id='word_1_200' title='bbox 636 2957 681 3048; x_wconf 87' lang='grc' dir='ltr'><strong><em>μή</em></strong></span> <span class='ocrx_word' id='word_1_201' title='bbox 699 2953 883 3049; x_wconf 77' lang='grc' dir='ltr'><strong><em>ἀρέσκοντα</em></strong></span> <span class='ocrx_word' id='word_1_202' title='bbox 901 2957 1019 3046; x_wconf 81' lang='grc' dir='ltr'><strong><em>ἔλεγόν</em></strong></span> <span class='ocrx_word' id='word_1_203' title='bbox 1035 2983 1072 3028; x_wconf 87' lang='grc' dir='ltr'><strong><em>τε</em></strong></span> <span class='ocrx_word' id='word_1_204' title='bbox 1089 2958 1148 3027; x_wconf 83' lang='grc' dir='ltr'><strong><em>καὶ</em></strong></span> 
     </span>
     <span class='ocr_line' id='line_1_29' title="bbox 178 3054 1149 3152; baseline 0.002 -24"><span class='ocrx_word' id='word_1_205' title='bbox 178 3066 358 3150; x_wconf 82' lang='grc' dir='ltr'><strong><em>ἔπραττον,</em></strong></span> <span class='ocrx_word' id='word_1_206' title='bbox 383 3059 467 3152; x_wconf 83' lang='grc' dir='ltr'><strong><em>πρός</em></strong></span> <span class='ocrx_word' id='word_1_207' title='bbox 492 3061 529 3132; x_wconf 74' lang='grc' dir='ltr'><strong><em>δέ</em></strong></span> <span class='ocrx_word' id='word_1_208' title='bbox 551 3075 621 3142; x_wconf 77' lang='grc' dir='ltr'><strong><em>τοῖς</em></strong></span> <span class='ocrx_word' id='word_1_209' title='bbox 638 3057 821 3150; x_wconf 85' lang='grc' dir='ltr'><strong><em>ήγανάκτει</em></strong></span> <span class='ocrx_word' id='word_1_210' title='bbox 838 3063 955 3142; x_wconf 83' lang='grc' dir='ltr'><strong><em>δεινῶς</em></strong></span> <span class='ocrx_word' id='word_1_211' title='bbox 972 3054 1024 3130; x_wconf 82' lang='grc' dir='ltr'><strong><em>ὅτι</em></strong></span> <span class='ocrx_word' id='word_1_212' title='bbox 1042 3086 1149 3149; x_wconf 89' lang='grc' dir='ltr'><strong><em>μεγα-</em></strong></span> 
     </span>
     <span class='ocr_line' id='line_1_30' title="bbox 177 3155 1268 3252; baseline 0.002 -24"><span class='ocrx_word' id='word_1_213' title='bbox 177 3157 336 3243; x_wconf 76' lang='grc' dir='ltr'><strong><em>λύνοντες</em></strong></span> <span class='ocrx_word' id='word_1_214' title='bbox 359 3159 464 3233; x_wconf 81' lang='grc' dir='ltr'><strong><em>αὐτόν</em></strong></span> <span class='ocrx_word' id='word_1_215' title='bbox 481 3159 660 3234; x_wconf 80' lang='grc' dir='ltr'><strong><em>“νεανίσκε</em></strong></span> <span class='ocrx_word' id='word_1_216' title='bbox 677 3155 878 3251; x_wconf 83' lang='grc' dir='ltr'><strong><em>Αόγουστε”</em></strong></span> <span class='ocrx_word' id='word_1_217' title='bbox 903 3159 1062 3252; x_wconf 83' lang='grc' dir='ltr'><strong><em>ἐπεβόων.</em></strong></span> <span class='ocrx_word' id='word_1_218' title='bbox 1102 3157 1149 3231; x_wconf 82' lang='grc' dir='ltr'><strong><em>οὗ</em></strong></span> <span class='ocrx_word' id='word_1_219' title='bbox 1267 3195 1268 3200; x_wconf 44' lang='grc'><strong>“</strong></span> 
     </span>
    </p>

    <p class='ocr_par' dir='ltr' id='par_1_11' title="bbox 144 3256 1260 3562">
     <span class='ocr_line' id='line_1_31' title="bbox 144 3256 1191 3355; baseline -0.002 -23"><span class='ocrx_word' id='word_1_220' title='bbox 144 3281 170 3332; x_wconf 90' lang='grc' dir='ltr'><strong><em>Ι)</em></strong></span> <span class='ocrx_word' id='word_1_221' title='bbox 180 3258 247 3350; x_wconf 86' lang='grc' dir='ltr'><strong><em>γάρ</em></strong></span> <span class='ocrx_word' id='word_1_222' title='bbox 261 3269 503 3353; x_wconf 80' lang='grc' dir='ltr'><strong><em>μακαρίζεσθαι</em></strong></span> <span class='ocrx_word' id='word_1_223' title='bbox 519 3261 632 3352; x_wconf 82' lang='grc' dir='ltr'><strong><em>ήγεῑτο</em></strong></span> <span class='ocrx_word' id='word_1_224' title='bbox 650 3259 699 3335; x_wconf 84' lang='grc' dir='ltr'><strong><em>ότι</em></strong></span> <span class='ocrx_word' id='word_1_225' title='bbox 711 3267 786 3346; x_wconf 90' lang='grc' dir='ltr'><strong><em>νέος</em></strong></span> <span class='ocrx_word' id='word_1_226' title='bbox 801 3258 849 3335; x_wconf 84' lang='grc' dir='ltr'><strong><em>ῶν</em></strong></span> <span class='ocrx_word' id='word_1_227' title='bbox 862 3261 1046 3355; x_wconf 85' lang='grc' dir='ltr'><strong><em>ἐμονάρχει,</em></strong></span> <span class='ocrx_word' id='word_1_228' title='bbox 1065 3256 1145 3332; x_wconf 89' lang='grc' dir='ltr'><strong><em>ἀλλ’</em></strong></span> <span class='ocrx_word' id='word_1_229' title='bbox 1162 3291 1191 3330; x_wconf 84' lang='grc' dir='ltr'><strong><em>εο</em></strong></span> 
     </span>
     <span class='ocr_line' id='line_1_32' title="bbox 180 3359 1149 3459; baseline 0.009 -31"><span class='ocrx_word' id='word_1_230' title='bbox 180 3362 395 3446; x_wconf 71' lang='grc' dir='ltr'><strong><em>ἐγκαλεῖσθαι</em></strong></span> <span class='ocrx_word' id='word_1_231' title='bbox 416 3360 467 3432; x_wconf 84' lang='grc' dir='ltr'><strong><em>ὅτι</em></strong></span> <span class='ocrx_word' id='word_1_232' title='bbox 492 3367 529 3434; x_wconf 86' lang='grc' dir='ltr'><strong><em>ἐν</em></strong></span> <span class='ocrx_word' id='word_1_233' title='bbox 552 3359 666 3459; x_wconf 80' lang='grc' dir='ltr'><strong><em>ήλικίηι</em></strong></span> <span class='ocrx_word' id='word_1_234' title='bbox 683 3363 818 3458; x_wconf 79' lang='grc' dir='ltr'><strong><em>τοιαύτη</em></strong></span> <span class='ocrx_word' id='word_1_235' title='bbox 835 3363 1038 3456; x_wconf 77' lang='grc' dir='ltr'><strong><em>τηλικαύτην</em></strong></span> <span class='ocrx_word' id='word_1_236' title='bbox 1055 3361 1149 3455; x_wconf 72' lang='grc' dir='ltr'><strong><em>εἶχεν</em></strong></span> 
     </span>
     <span class='ocr_line' id='line_1_33' title="bbox 181 3456 1260 3562; baseline 0.003 -29"><span class='ocrx_word' id='word_1_237' title='bbox 181 3456 294 3550; x_wconf 79' lang='grc' dir='ltr'><strong><em>ἀρχήν.</em></strong></span> <span class='ocrx_word' id='word_1_238' title='bbox 331 3459 520 3554; x_wconf 75' lang='grc' dir='ltr'><strong><em>ἐχρημάτιζε</em></strong></span> <span class='ocrx_word' id='word_1_239' title='bbox 538 3465 575 3534; x_wconf 77' lang='grc' dir='ltr'><strong><em>δὲ</em></strong></span> <span class='ocrx_word' id='word_1_240' title='bbox 594 3470 630 3536; x_wconf 84' lang='grc' dir='ltr'><strong><em>ἐκ</em></strong></span> <span class='ocrx_word' id='word_1_241' title='bbox 643 3465 768 3560; x_wconf 89' lang='grc' dir='ltr'><strong><em>τρόπον</em></strong></span> <span class='ocrx_word' id='word_1_242' title='bbox 781 3467 916 3561; x_wconf 88' lang='grc' dir='ltr'><strong><em>παντός,</em></strong></span> <span class='ocrx_word' id='word_1_243' title='bbox 934 3463 1147 3562; x_wconf 80' lang='grc' dir='ltr'><strong><em>ἀργυρισμοῶ</em></strong></span> <span class='ocrx_word' id='word_1_244' title='bbox 1166 3488 1172 3494; x_wconf 87' lang='grc'><em>·</em></span> <span class='ocrx_word' id='word_1_245' title='bbox 1255 3486 1260 3497; x_wconf 92' lang='grc'>·</span> 
     </span>
    </p>
   </div>
   <div class='ocr_carea' id='block_1_5' title="bbox 0 0 1284 3824">
    <p class='ocr_par' dir='ltr' id='par_1_12' title="bbox 0 0 1284 3824">
     <span class='ocr_line' id='line_1_34' title="bbox 0 0 1284 3824; baseline 0 0"><span class='ocrx_word' id='word_1_246' title='bbox 0 0 1284 3824; x_wconf 95' lang='lat' dir='ltr'><strong><em> </em></strong></span> 
     </span>
    </p>
   </div>
  </div>
 </body>
</html>
