2510 3834
182 139 225 204 54
507 139 578 192 LIB.
592 139 639 190 VI.
659 137 738 190 cAP.
752 137 826 192 XIX.

257 274 291 351 ‘0
316 279 353 348 δέ
383 283 477 360 Τίτος
507 280 698 367 ἐξομαλίσαι
729 277 909 365 προσέταξε
938 273 975 346 τὸ
1000 271 1066 346 άπὸ
1089 279 1151 346 τοῦ
1249 247 1250 250 ¹

184 383 311 452 σκοποῦ
328 383 425 470 μέχρι
440 384 501 449 τού
517 385 648 470 τείχους
667 374 840 468 διάστημα.
877 378 933 447 καὶ
950 373 986 448 τδ
1003 377 1065 466 μὲν
1084 379 1150 466 ἐγί-

183 511 279 572 νετο,
302 479 475 562 Ἰουδαίοις
495 480 532 550 δὲ
549 479 633 550 κατὰ
650 473 821 570 Ῥωμαίων
845 479 964 569 ἐνέδρα
980 506 1030 561 τις
1047 506 1149 568 μεμη-

185 582 318 674 χάνητο.
352 587 388 652 oc
401 580 465 673 γάρ
489 577 723 672 τολμηρότεροι
745 581 814 650 τῶν
838 585 1045 650 στασιαστῶν
1066 604 1150 668 προ-

186 683 344 766 ελθόντες
366 690 425 772 τῆς
448 679 593 771 πόλεως,
618 680 662 764 ῶς
686 682 923 772 ἐκβεβλημένοι
950 684 1058 768 δῆθεν
1081 675 1177 752 ύπδε

150 790 254 860 Βτῶν
276 783 319 855 τά
341 783 492 874 είρηνικδι
513 781 751 874 φρονούντων,
778 784 855 872 περὶ
879 780 917 852 τδ
934 797 1040 872 τεῖχος
1063 773 1152 870 ἦσαν

186 885 386 977 είλούμενοι·
411 883 507 957 ῶλλοι
524 886 562 956 δέ
580 883 716 967 στάντες
735 886 788 956 ἐπὶ
805 886 866 955 τού
882 890 1030 984 τείχους,
1048 881 1094 964 ῶς
1113 887 1151 954 ἐκ

183 991 245 1060 τού
267 985 375 1078 δήμου
397 985 637 1078 τυγχάνοντες,
662 983 800 1075 είρηνην
823 983 931 1073 ἐβόων
955 987 1011 1056 καί
1036 984 1151 1068 δεξιάν

185 1086 344 1179 ᾐτοῦντο,
374 1092 554 1171 καλοῦντες
584 1087 663 1170 τούς
688 1086 868 1176 Ῥωμαίους
893 1083 938 1168 ῶς
960 1086 1018 1169 τὰς
1043 1085 1151 1169 πύλας

184 1189 384 1274 ἀνοίξοντες
424 1206 494 1272 τοῖς
516 1179 643 1278 μέν
602 1219 665 1261 ουν
687 1186 902 1277 στρατιώταις
925 1185 1073 1258 οὐδέν’
1053 1215 1149 1258 νπω-
1163 1218 1191 1258 ιο

185 1289 336 1379 πτεύετο,
354 1293 410 1362 καὶ
429 1288 578 1381 ἐγῶρουν
597 1287 696 1362 ἐπὶ
663 1318 700 1360 το
714 1297 824 1414 ἐργμν,
848 1297 934 1384 Τίτφ
954 1290 990 1359 δέ
1003 1284 1087 1360 δι’“
1067 1316 1150 1360 νπο·

186 1381 305 1476 φίας’
283 1420 326 1482 ην
342 1396 401 1481 τῆς
416 1389 666 1481 ἐπικλήσεως
633 1420 669 1462 το
688 1389 889 1484 παράλογον.
917 1387 982 1480 πρά
995 1419 1071 1480 μιας
1084 1389 1150 1480 γάρ

184 1488 310 1583 ἡμέρας
328 1491 383 1562 διὰ
400 1521 459 1564 του
449 1490 637 1582 Ἰωσηπου
656 1495 711 1564 ἐπὶ
728 1491 911 1583 συμβάσεις
929 1488 1049 1574 αύτούς
1067 1518 1150 1581 προ-

184 1593 400 1683 καλούμενος,
418 1591 521 1665 ούδέν
538 1601 747 1722 φρονοῦντας
767 1591 901 1714 εὕρισκε
918 1594 1062 1684 μέτριον.
1093 1596 1151 1682 μέ-

184 1722 257 1766 νειν
273 1684 335 1766 ούν
352 1694 433 1766 κατὰ
452 1693 566 1786 χῶραν
582 1695 660 1778 τούς
675 1693 876 1786 στρατιώτας
891 1695 1033 1766 ἐκέλευε.
1059 1705 1150 1782 φθα·
1165 1721 1192 1764 ιε

185 1792 317 1867 σάντων
341 1799 382 1866 δέ
401 1823 504 1867 τινων
527 1795 608 1884 πρὸς
633 1794 690 1877 τάς
713 1794 822 1878 πύλας
847 1801 1004 1885 δραμεῖν,
1028 1795 1065 1866 τὰ
1088 1797 1151 1884 μὲν

185 1922 319 1987 πρῶτον
336 1926 354 1967 ο
356 1900 611 1987 ίέαβεβλησθαι
631 1901 808 1979 δοκοῦντες
825 1889 1072 1986 ὑπέφευγον,’
1048 1924 1093 1978 ως
1112 1897 1151 1968 δέ

184 1995 307 2086 μεταξύ
328 2005 397 2070 τῶν
417 2002 477 2087 τῆς
500 1996 629 2080 πόλεως
654 1999 806 2087 ἐγένοντο
831 1996 989 2086 πύργων,
1016 2000 1151 2080 ἐξέθεον

81 2097 192 2218 Ψέἳὲθ
200 2100 255 2170 καὶ
274 2096 439 2170 ἐκύκλονν
462 2097 594 2181 αύτούς.
631 2100 687 2170 καί
711 2105 746 2170 οί
767 2101 820 2170 ἐπὶ
838 2104 899 2170 τοῦ
916 2105 1045 2189 τείχους
1067 2101 1151 2188 βέλη

184 2198 258 2272 κατ’
279 2199 392 2272 αὐτῶν
409 2196 553 2290 ἠφίεσαν
576 2202 634 2270 καὶ
650 2206 770 2284 λίθους
792 2197 964 2288 ἠκόντιζον
987 2202 1044 2270 καί
1059 2196 1152 2270 άνεῖ·
1165 2227 1191 2270 ευ

184 2310 244 2374 λον
266 2301 411 2392 συχνούς
438 2304 495 2371 καὶ
518 2309 654 2382 πλείους
683 2303 904 2392 κατέτρωσαν.
947 2303 1003 2371 καί
1032 2304 1068 2371 oc
1088 2301 1152 2389 μὲν

180 2399 335 2473 Ἰουδαῖοι
354 2406 516 2490 ἐσκίρτων
532 2398 609 2483 τούς
623 2400 771 2490 θυρεούς
784 2398 1010 2490 ἀνασείοντες,
1028 2416 1097 2484 τοϊς
1112 2402 1151 2472 δέ

184 2499 400 2590 στρατιῶταις
418 2496 436 2571 6
460 2507 554 2582 Τίτος
572 2500 702 2592 ἠπείλει
720 2505 775 2574 καί
794 2507 830 2573 oc
843 2506 1020 2593 ταξίαρχοι.

252 2599 344 2692 Ἤδη
360 2603 398 2673 δέ
414 2606 474 2673 τού
492 2602 556 2692 πρὸ
573 2607 642 2676 τῶν
657 2607 778 2695 τειχῶν
790 2601 901 2694 χῶρον
920 2605 1149 2690 ἐξισωθέντος,

185 2707 257 2773 ἐκεί
270 2715 466 2793 μεταθεῖναι
484 2701 688 2796 βουλόμενος
704 2705 741 2776 τὸ
760 2703 997 2795 στρατόπεδον,
1015 2703 1052 2778 τὸ
1069 2733 1150 2794 καρ-
1164 2731 1192 2774 τι

184 2803 369 2894 τερῶτατον
392 2808 450 2896 τῆς
469 2805 643 2896 δυνάμεως
666 2804 952 2896 άντιπαρεξέτεινε
974 2809 1021 2901 τῷ
1037 2813 1150 2896 τείχει,

183 2907 239 2976 καὶ
270 2901 358 2978 ούτω
389 2909 635 2998 πεφραγμένων
666 2903 837 2990 Ἰουδαίοις
866 2911 935 2980 τῶν
965 2911 1151 2998 ἐκδρομῶν,

185 3005 530 3096 ἐστρατοπεδεύσαντο
548 3013 583 3079 οί
599 3003 750 3100 Ῥωμαῖοι
768 3013 844 3080 ἐκεῖ.
881 3011 969 3100 τρισί
988 3009 1027 3080 δέ
1044 3014 1152 3099 τείχε-

184 3128 240 3178 σιν
257 3103 278 3196 ἡ
296 3107 389 3192 πόλις
407 3111 658 3200 περιεβέβλητο·
684 3107 770 3186 ὅπου
795 3109 827 3182 δ’
848 3105 870 3200 ἡ
893 3107 995 3210 φύσις
1018 3116 1078 3180 τοῦ
1095 3107 1152 3180 τύ-

183 3235 250 3280 πον
273 3207 399 3300 ταύτην
417 3206 567 3334 ῶγύρομ,
594 3213 646 3282 ἐνί
669 3210 837 3306 περιβόλφ
862 3213 930 3296 διέζ
914 3220 1025 3296 ζ.ωστο
1061 3207 1151 3283 οὕτω
1166 3239 1194 3280 ao

185 3307 216 3378 δ’
247 3309 385 3401 ἐχούσης
410 3319 468 3402 τῆς
494 3310 670 3394 πόλεως”
649 3339 773 3404 απορος
799 3311 909 3384 ἐδόκει
932 3317 1041 3408 τῶΤ
1011 3310 1147 3407 Τίτφ“
1128 3341 1150 3402 η

149 3412 365 3501 Βπροσβολη.
407 3415 489 3494 τέως
515 3409 545 3482 δ’
567 3403 631 3484 ούν
649 3417 742 3498 ἐδοξε
760 3412 842 3485 κατά
859 3412 896 3485 τδ
915 3410 1073 3486 Ἰωάννου
1090 3419 1152 3486 τού
