2558 3820
399 221 469 272 τεο.
483 220 530 272 19.
551 219 716 277 GARXIV.
736 221 795 273 xv.
976 187 980 195 ’
1016 221 1080 286 293

9 363 10 372 ’
118 377 180 444 τοῖς
198 366 335 442 οἰκείοις
354 359 398 442 69
421 357 483 449 τήν
505 389 541 431 τε
553 359 679 450 Ῥώμην
704 365 821 448 λαβεῖν
840 363 1001 451 δυνηθεὶς
1023 365 1080 432 καλ

116 460 157 553 96
173 459 323 585 θελήσας
346 462 402 532 καὶ
419 461 489 551 τὴν
512 469 566 532 λεί
564 491 607 533 αν
629 461 691 587 την
715 465 752 532 ἐκ
768 468 829 587 τῆς
840 457 979 544 Ἰταλίας
997 485 1081 554 σφε-

116 561 338 656 πορισάμενος.
387 561 428 634 06
452 562 536 654 μὴν
532 567 598 637 καὶ
621 562 726 652 ἑάλω,
750 562 834 635 6666
858 565 973 635 καὶ
936 594 999 656 την
1018 594 1080 654 με-

115 673 233 755 γίστην
265 693 334 736 των
363 663 654 756 Καρχηδονίων’
634 666 743 758 69999
772 663 838 736 οὐκ
873 672 920 749 είς
949 667 1081 782 μακράν

92 765 291 856 οέπετράπη

10 885 11 888 ’
190 873 248 950 Εἰς
267 865 450 958 ἕτέρουςδ’
472 857 570 950 αὖθις
587 871 805 958 πολέμουςοί
814 865 966 992 ‘P999609
984 873 1076 942 κατί-
1089 888 1130 954 15

115 989 258 1058 στησαυ,
274 971 475 1058 γενομένους
488 969 573 1062 πρός
586 967 756 1042 Φίλιππόν
772 998 808 1040 τε
821 967 880 1042 τόν
892 969 1079 1044 Μακεδόνα
1088 1003 1113 1052 D

115 1067 219 1142 καί
184 1099 244 1142 τον
262 1067 442 1160 Ἀντιόχου.
478 1073 572 1196 μέχρι
594 1070 658 1160 γάρ
681 1069 703 1159 ἡ
726 1069 809 1163 πρός
828 1079 1080 1203 Καρχηδονίους

112 1170 234 1296 ἤκμαζε
251 1169 355 1263 9699,
373 1167 437 1244 κάν
454 1201 500 1262 μη
487 1172 609 1298 ηίλια
628 1181 723 1262 σφίσι
740 1172 781 1242 96
794 1174 869 1264 περι
889 1172 948 1244 τόν
963 1182 1080 1248 Φίλιπ-

77 1310 100 1349 ιο
114 1301 177 1348 πον
190 1263 247 1362 ἦν,
266 1271 529 1364 ἐθεράπευον’
488 1271 605 1362 αυτόν,
619 1278 675 1345 ἵνα
688 1273 733 1364 μὴ
747 1291 815 1396 τοῖς
829 1283 860 1344 Κ
861 1281 1142 1365 αρχηδονιοιςνιΙΙ
1148 1298 1181 1349 98

113 1373 292 1464 συνάροιτο
310 1403 330 1463 η
315 1369 396 1458 “είς
420 1376 482 1500 την
502 1373 643 1448 Ἰταλίαν
666 1373 915 1464 στρατεύσοιτο
944 1379 1015 1448 ἐπεὶ
1042 1380 1079 1451 δέ

88 1477 151 1547 -τά
169 1504 232 1549 κατ
235 1473 336 1548 ’ίέκε
322 1483 413 1559 ίνους
430 1473 619 1566 ἠρέμησαν,
645 1473 759 1548 οὐκέτ’
779 1479 982 1602 ἐμέλλησαη,
1000 1477 1078 1550 ἀλλ’

113 1583 145 1662 ἐς
162 1575 310 1668 πόλεμον
327 1573 418 1674 6699
407 1581 640 1702 κατέστησοην
663 1577 831 1668 φανερόν,
856 1577 962 1650 πολλά
981 1583 1078 1706 6996-

111 1683 251 1761 6069999
268 1677 372 1773 αύτῷ.
409 1670 621 1804 πρέσβεις
582 1705 645 1750 ουν
666 1708 684 1750 ο
687 1679 861 1770 6‘1’999609
878 1681 959 1774 πρὸς
977 1679 1080 1755 αύτδυ

73 1815 98 1856 ιε
112 1782 320 1870 πέμψαντες,
344 1782 416 1852 ἐπεὶ
434 1771 587 1872 μηδὲν
560 1809 609 1852 ων
633 1780 822 1854 ἐπετάττετο
841 1789 998 1909 6999999,
1021 1785 1080 1857 969

110 1881 259 1972 πόλεμον
277 1886 500 1971 ἐψηφίσαντο,
519 1880 683 1972 χρεόμενοι
700 1884 813 1973 μὲν
775 1913 815 1976 τη
832 1889 900 1957 τῶν
913 1883 1080 2018 Ἑλληνωυ

113 1987 261 2077 ἐπιβασί
249 2013 271 2054 α
289 1990 395 2076 λαβῇ,
417 1981 453 2054 τό
473 1981 505 2053 δ’
524 1979 688 2073 άληθές’
668 1992 935 2073 αγανακτούντες
954 1983 1009 2074 ἐφ’
1030 1984 1080 2068 οἷς

111 2082 305 2175 ἐδεδράκει,
329 2086 386 2156 καὶ
408 2083 804 2210 προκαταλαμβάνοντας
807 2082 928 2173 αὐτόν,
953 2091 1011 2156 ἵνα
1034 2113 1081 2176 μη

110 2183 453 2310 καταδουλωσάμενος
477 2190 626 2269 ἐκείνους
656 2186 770 2256 ἐπὶ
734 2214 796 2275 την
817 2180 959 2256 Ἰταλίαν
982 2210 1078 2276 στρα·
1081 2207 1177 2260 P1444

67 2319 95 2359 το
109 2285 218 2378 τεύση
237 2285 320 2358 κατὰ
342 2285 401 2360 τόν
418 2285 565 2378 Πύρρον.
602 2285 829 2410 99999699909
853 2283 942 2358 δέ
908 2313 967 2358 τον
984 2285 1080 2360 πόλε-

108 2417 176 2478 μον
198 2387 239 2460 96
264 2416 301 2460 99
323 2389 408 2460 6669
431 2386 725 2514 παρεσκευάσαντο
752 2418 790 2461 ευ
775 2381 870 2461 καὶ
895 2387 1081 2480 στρατηγόν

108 2492 166 2562 ἐπὶ
196 2495 259 2560 τού
293 2494 453 2562 ναυτικοῦ
483 2489 629 2562 Λούκιον
657 2486 854 2563 Ἀπούστιον
884 2500 1080 2588 Σουλπικίρι

106 2591 228 2686 Γάλβᾳ
253 2589 429 2664 δεδοίκασι,
470 2591 560 2664 καὶὸ
578 2590 711 2680 Γάλβας
734 2589 794 2664 τόν
812 2589 932 2665 Ἰόνιον
954 2592 1081 2720 966999

9 2781 11 2784 Ι
108 2689 286 2780 διαβαλεδν
305 2695 359 2766 ἐπὶ
377 2691 463 2766 πολύ
483 2692 628 2783 ἐνόσησε.
671 2693 921 2786 παραλαβόντες
938 2685 1001 2766 ούυ
1017 2725 1081 2786 την

63 2826 92 2866 99
107 2793 261 2883 δύναμιν
278 2800 391 2866 πᾶσαν
414 2791 433 2866 6
449 2822 487 2866 τε
504 2797 622 2887 ῥηθεὶς
640 2794 821 2886 στρατηγός
837 2799 894 2867 καὶ
911 2796 1081 2878 Κλαύδιος

111 2891 284 2968 969999‘
269 2925 287 2966 ο
305 2893 572 2986 ὑποστράτηγος,
598 2893 697 2980 αὐτός
715 2898 842 2986 μὲν
794 2926 840 2992 99
858 2903 1004 2989 ναυτικῷ
1022 2897 1081 2978 969

100 2993 253 3087 Ἀθήνας
269 2993 336 3068 ὑπό
360 3004 429 3070 τοῖν
447 2997 660 3071 Μακεδόνων
677 3001 958 3090 πολιορκουμένας
984 2995 1081 3087 ἐρρύ-

104 3118 193 3170 σατο
211 3099 267 3168 καὶ
280 3104 433 3170 Χαλκίδα
450 3101 674 3190 κατεχομένην
689 3095 750 3169 ὑπ’
770 3097 882 3170 αὐτῶν
900 3096 1081 3190 ἐπόρθησε,
1180 3140 1184 3146 -

104 3197 176 3270 κάν
193 3196 302 3294 τούτῳ
317 3207 489 3272 Φιλίππου
506 3217 579 3283 ταῖς
595 3197 750 3291 Ἀθήναις
764 3198 1080 3292 ἐπιστρατεύσαντος

9 3331 10 3334 ’
57 3331 89 3372 εο
104 3299 314 3372 ἐπανελθών
343 3299 417 3374 τότε
447 3297 551 3375 αὐτόν
581 3299 754 3374 άπεύσατο
784 3303 840 3374 καὶ
872 3301 953 3392 9996
983 3309 1083 3374 τούτο

101 3537 137 3582 m
180 3465 416 3584 (5399.115.6Dioni9
425 3447 566 3518 Histo'riae
577 3467 719 3519 Romanae
732 3467 798 3518 libri
810 3465 924 3532 perditi:
944 3465 1084 3532 fragmen·

139 3548 167 3582 m
221 3569 228 3597 ,
264 3559 322 3586 —.
