2580 3816
217 145 280 209 322
519 147 589 198 Lm.
608 147 683 197 μιν,
704 145 781 198 σεε.
800 146 888 196 xxn.
1142 19 1278 179 η

217 291 379 355 τοσούτου
413 299 485 366 ταῖς
517 283 713 374 Ῥωμαϊκαῖς
756 285 931 366 συντάξεσι
972 284 1192 374 τεθαρρηκώς

218 387 300 458 ὅσον
327 392 373 478 τῷ
398 389 465 478 νέω
489 385 678 479 τούτῳκαὶ
703 392 886 478 περιουσίφ
917 389 998 479 λαῷ.
1050 393 1119 454 τῶν
1150 386 1192 454 δὲ

216 487 369 578 Ἀράβων
387 486 446 568 τάς
466 486 614 568 σπονδάς
633 487 844 578 αἰτουμένων
860 485 906 576 μὴ
923 485 1086 575 ἀθετῆσαι
1103 487 1192 576 μηδὲ

219 588 278 668 τάς
304 588 496 676 ἐγγράφους
521 595 720 677 παραβῆναι
744 588 917 676 συνθήκας
942 585 1082 657 καλτόν
1105 587 1192 657 θεόν

221 690 556 779 ἐπιμαρτυρομίνων,
590 687 627 770 ὃς
668 692 767 778 μέσος
808 689 1043 778 παραληφθεὶς
1083 687 1221 770 αύτάς5

222 792 447 879 ἐμπεπέδωκε,
471 791 528 859 καὶ
554 789 728 878 ἐκδικητὴν
755 789 953 860 καλούντων
972 785 1079 860 αύτδν
1105 789 1194 860 κατὰ

220 898 290 962 τῶν
308 898 365 980 τῆς
383 891 488 980 μάχης
506 897 636 978 αίτίων,
657 889 675 960 ὁ
694 889 854 979 βασιλεύς
867 891 907 960 τά
922 884 991 960 εἶτα
1005 890 1089 990 πρός
1107 897 1193 960 ταῦ·

220 1021 261 1062 τα
284 993 391 1080 βύσας
416 992 500 1080 πρός
523 992 632 1081 μάχην
655 989 844 1081 ἡτοίμαστο.
887 997 923 1061 οί
944 999 1031 1078 γοῦν
1049 992 1194 1082 ’Ἄραβες

222 1093 336 1181 δόρατι
353 1091 390 1162 τό
409 1099 478 1163 τῶν
496 1099 654 1163 σπονδῶν
667 1093 918 1184 προσδήσαντες
936 1099 1119 1183 ἔγγραφον,
1132 1095 1196 1163 καὶ

223 1194 335 1284 ὥσπερ
360 1202 506 1283 σημαίαν
529 1193 669 1284 ἄραντες
692 1200 792 1264 τούτο
816 1200 879 1264 τού
903 1199 1012 1282 σφων.
1025 1195 1193 1283 στρατεύ-
1209 1214 1236 1252 1⁰

186 1316 212 1367 D
225 1323 326 1385 ματος
350 1295 610 1386 προερχόμενον,
635 1295 887 1384 συρρήγνννται
909 1310 979 1375 τοῖς
1002 1293 1196 1383 Ῥωμαίοις·

222 1397 280 1466 καί
298 1395 420 1466 αὐτίκα
444 1400 481 1466 ἐκ
506 1402 568 1465 τού
586 1407 784 1483 περιουσίου
803 1401 890 1466 λαοῦ
908 1400 946 1465 αί
962 1406 1068 1468 είκοσι
1085 1397 1196 1485 χιλιά-

120 1504 290 1578 ννΙΙΙτεδες
304 1497 388 1588 πρός
401 1496 632 1598 τούςἍραβας
646 1495 894 1586 ηὐτομόλησαν,
907 1495 926 1566 δ
939 1511 1009 1578 τοῖς
1022 1495 1197 1586 Ῥωμαίοις

224 1605 350 1680 δειλίας
368 1600 508 1686 γέγονεν
525 1609 644 1684 αἴτιον,
662 1613 732 1680 τοῖς
751 1596 782 1667 δ’
804 1602 967 1678 ἐναντίοις
987 1601 1086 1686 ἐνῆκε
1103 1599 1196 1690 δάρ-

224 1723 294 1787 σος,
319 1701 375 1769 καὶ
392 1697 532 1788 ἥττηντο
549 1698 612 1787 μὲν
630 1704 665 1768 oc
676 1697 841 1788 Ῥωμαῖοι,
864 1697 885 1787 ἡ
903 1706 982 1787 νίκη
1000 1697 1035 1768 δ’
1057 1702 1194 1788 ἐπεμει-
1210 1715 1235 1756 1⁵

224 1807 281 1871 δία
297 1815 368 1880 τοῖς
377 1799 536 1890 Ἄραψιν·
555 1806 592 1869 οἳ
601 1815 671 1880 τοῖς
684 1799 873 1888 φεύγουσιν
887 1799 1089 1889 ἐφεπόμενοι
1102 1799 1190 1890 ἀνῄ-

224 1927 309 1991 ρουν
331 1897 392 1980 οδς
415 1900 678 1988 κατελάμβανον,
703 1899 747 1982 ὡς
770 1903 827 1970 καὶ
851 1897 1001 1991 άριθμού
1018 1907 1189 1990 κρείττους

225 1999 348 2090 σχεδόν
363 2004 399 2070 ἐκ
412 2007 482 2070 των
491 2000 682 2090 Ῥωμαϊκῶν
696 2002 955 2091 στρατευμάτων
968 2016 1087 2072 πεσεῖν.
1114 2006 1191 2070 αίσ·

225 2109 313 2193 χροός
331 2103 370 2172 δὲ
389 2102 568 2192 διαφυγοδν
586 2099 603 2172 ό
623 2102 780 2190 βασιλεύς
798 2101 873 2191 μετ’
892 2101 1020 2190 ὀλίγων
1037 2101 1096 2172 τόν
1112 2100 1195 2174 όλε-

224 2217 325 2295 δρον,
349 2205 421 2274 ἐπεὶ
443 2203 526 2275 κατά
548 2200 609 2273 τόν
627 2203 803 2292 Λευκάτην
827 2206 972 2291 ἐγένετο,
998 2203 1078 2284 τούς
1097 2229 1194 2293 περι·
1210 2222 1236 2262 2⁰

225 2289 424 2394 λειφθέντας
443 2308 478 2374 ἐκ
496 2311 557 2374 τοῦ
575 2312 771 2395 περωυσίου
790 2311 875 2376 λαού
898 2311 968 2375 τῶν
987 2311 1197 2393 Σδλαβικῶν

139 2441 142 2445 ·
226 2405 448 2494 ἀναιρεθῆναι
473 2405 599 2484 πάντας
624 2408 815 2496 προσέταξε.
856 2407 913 2475 καὶ
943 2404 962 2475 ὁ
989 2406 1053 2495 μὲν
1081 2413 1132 2488 είς
1157 2406 1197 2476 τό

91 2585 94 2591 ,
226 2505 408 2588 Βυζάντιον
434 2505 674 2594 παραγεγονώς
705 2513 898 2596 οίκοδομαίς
928 2507 1199 2596 προσησχόλητο.

116 2633 219 2690 91193
227 2597 326 2686 οὗτος
348 2605 413 2693 γάρ
437 2605 496 2674 τόν
517 2607 675 2694 μέγιστον
697 2613 767 2678 τόν
790 2607 876 2698 πρός
900 2605 1083 2696 ἀνίσχοντα
1100 2603 1202 2696 ἥλιον

192 2703 407 2795 Αβασιλείων
431 2701 625 2800 ρόκοδόμησε
654 2715 848 2799 Τρίκλινον,
879 2707 916 2790 δς
939 2711 997 2778 καὶ
1017 2715 1061 2799 τῇ
1087 2706 1202 2780 αύτοῦ
1217 2727 1241 2766 2⁵

228 2817 376 2878 καλεῖται
399 2807 513 2893 κλήσει
528 2809 623 2897 μέχρι
639 2815 700 2878 τοῦ
718 2815 785 2880 νῦν
802 2810 982 2899 λεγόμενος
996 2807 1204 2880 Ἰουστινιά-

227 2937 326 2990 νειος.
362 2914 397 2978 οί
419 2909 458 2978 δὲ
480 2916 540 2998 τῆς
556 2909 662 2999 ’Ἅγαρ
685 2907 794 2992 άδεοῐς
819 2913 852 2994 ἐξ
878 2914 1010 2980 ἐκείνου
1034 2925 1110 2991 ταῖς
1128 2918 1208 2984 τῶν

224 3010 395 3099 Ῥωμαίων
408 3009 529 3098 χύραις
544 3012 731 3097 ἐπέβαινον,
744 3013 801 3079 καὶ
820 3009 838 3080 ὁ
855 3018 914 3100 τῆς
929 3007 1104 3103 Ἀρμενίας
1126 3015 1208 3083 ἐπι-

230 3116 360 3180 στατῶν
379 3110 566 3198 Σαββάτιος
593 3109 611 3180 ὁ
630 3119 801 3201 πατρίκιος
817 3111 881 3200 τὴν
896 3105 1001 3200 ἧτταν
1017 3117 1078 3182 τοῦ
1095 3121 1209 3200 βασι-

231 3214 314 3291 λέως
332 3211 471 3299 μαδύν,
496 3211 699 3296 τοίς·”Αραψι
715 3212 950 3304 προσεχώρησε
967 3215 1023 3282 καὶ
1039 3212 1104 3301 την
1119 3213 1208 3306 Ἀρ-

229 3316 350 3394 μευίαν
368 3308 484 3392 αὐτοῖς
501 3315 729 3401 παραδέδωκε.
764 3316 821 3383 καὶ
838 3311 902 3384 ούκ
921 3314 1087 3385 ἐπαύοντο
1107 3314 1211 3388 ἅττα·-

229 3424 296 3474 σαυ
331 3408 393 3495 τὴν
424 3412 511 3504 ἑρόαν
546 3416 709 3502 δηοῦντες
743 3415 799 3484 καί
833 3414 914 3495 τούς
943 3415 1215 3507 χριστωνύμους

162 3734 278 3767 *AA—
294 3767 296 3769 ,
