<?xml version="1.0" encoding="UTF-8"?>
<!DOCTYPE html PUBLIC "-//W3C//DTD XHTML 1.0 Transitional//EN"
    "http://www.w3.org/TR/xhtml1/DTD/xhtml1-transitional.dtd">
<html xmlns="http://www.w3.org/1999/xhtml" xml:lang="en" lang="en">
 <head>
  <title>
</title>
<meta http-equiv="Content-Type" content="text/html;charset=utf-8" />
  <meta name='ocr-system' content='tesseract 3.04.00' />
  <meta name='ocr-capabilities' content='ocr_page ocr_carea ocr_par ocr_line ocrx_word'/>
</head>
<body>
  <div class='ocr_page' id='page_1' title='image "./iannoutouznapae01canggoog_0373.png"; bbox 0 0 2558 3820; ppageno 0'>
   <div class='ocr_carea' id='block_1_1' title="bbox 208 141 825 221">
    <p class='ocr_par' dir='ltr' id='par_1_1' title="bbox 208 141 825 221">
     <span class='ocr_line' id='line_1_1' title="bbox 208 141 825 221; baseline -0.024 -14"><span class='ocrx_word' id='word_1_1' title='bbox 208 141 272 207; x_wconf 85' lang='lat'><em>366</em></span> <span class='ocrx_word' id='word_1_2' title='bbox 294 212 297 221; x_wconf 61' lang='grc'><em>,</em></span> <span class='ocrx_word' id='word_1_3' title='bbox 560 145 633 197; x_wconf 78' lang='lat' dir='ltr'><em>Lm.</em></span> <span class='ocrx_word' id='word_1_4' title='bbox 645 145 680 198; x_wconf 86' lang='lat' dir='ltr'><em>x.</em></span> <span class='ocrx_word' id='word_1_5' title='bbox 699 142 778 199; x_wconf 71' lang='lat' dir='ltr'><em>off.</em></span> <span class='ocrx_word' id='word_1_6' title='bbox 790 145 825 194; x_wconf 83' lang='lat' dir='ltr'><em>x.</em></span> 
     </span>
    </p>
   </div>
   <div class='ocr_carea' id='block_1_2' title="bbox 103 279 1229 3526">
    <p class='ocr_par' dir='ltr' id='par_1_2' title="bbox 172 279 1226 1898">
     <span class='ocr_line' id='line_1_2' title="bbox 284 279 1181 373; baseline 0.002 -19"><span class='ocrx_word' id='word_1_7' title='bbox 284 281 514 372; x_wconf 82' lang='grc' dir='ltr'><em>Ἑστιωμένων</em></span> <span class='ocrx_word' id='word_1_8' title='bbox 532 279 565 353; x_wconf 88' lang='grc' dir='ltr'><em>δ’</em></span> <span class='ocrx_word' id='word_1_9' title='bbox 586 285 641 354; x_wconf 75' lang='grc' dir='ltr'><em>ἐπὶ</em></span> <span class='ocrx_word' id='word_1_10' title='bbox 662 299 736 365; x_wconf 88' lang='grc' dir='ltr'><em>ταῖς</em></span> <span class='ocrx_word' id='word_1_11' title='bbox 761 289 973 372; x_wconf 75' lang='grc' dir='ltr'><em>διαλλαγαῖς,</em></span> <span class='ocrx_word' id='word_1_12' title='bbox 996 283 1181 373; x_wconf 79' lang='grc' dir='ltr'><em>ἐπιβουλὴν</em></span> 
     </span>
     <span class='ocr_line' id='line_1_3' title="bbox 175 381 1181 475; baseline -0.001 -17"><span class='ocrx_word' id='word_1_13' title='bbox 175 383 371 474; x_wconf 78' lang='grc' dir='ltr'><em>οφωράσας</em></span> <span class='ocrx_word' id='word_1_14' title='bbox 400 384 419 456; x_wconf 89' lang='grc' dir='ltr'><strong>ὁ</strong></span> <span class='ocrx_word' id='word_1_15' title='bbox 445 395 579 475; x_wconf 86' lang='grc' dir='ltr'><em>Καῖσαρ</em></span> <span class='ocrx_word' id='word_1_16' title='bbox 608 387 839 474; x_wconf 81' lang='grc' dir='ltr'><em>πορευομένην</em></span> <span class='ocrx_word' id='word_1_17' title='bbox 867 381 930 456; x_wconf 79' lang='grc' dir='ltr'><em>ὑπ’</em></span> <span class='ocrx_word' id='word_1_18' title='bbox 958 383 1089 475; x_wconf 81' lang='grc' dir='ltr'><em>Ἀχιλλά</em></span> <span class='ocrx_word' id='word_1_19' title='bbox 1118 389 1181 457; x_wconf 88' lang='grc' dir='ltr'><em>τοῦ</em></span> 
     </span>
     <span class='ocr_line' id='line_1_4' title="bbox 208 483 1180 578; baseline 0 -20"><span class='ocrx_word' id='word_1_20' title='bbox 208 491 396 578; x_wconf 79' lang='grc' dir='ltr'><em>στρατηγοῦ</em></span> <span class='ocrx_word' id='word_1_21' title='bbox 413 489 471 556; x_wconf 79' lang='grc' dir='ltr'><em>καὶ</em></span> <span class='ocrx_word' id='word_1_22' title='bbox 488 491 662 558; x_wconf 79' lang='grc' dir='ltr'><em>Ποθεινοῦ</em></span> <span class='ocrx_word' id='word_1_23' title='bbox 677 491 739 557; x_wconf 85' lang='grc' dir='ltr'><em>τοῦ</em></span> <span class='ocrx_word' id='word_1_24' title='bbox 757 483 942 577; x_wconf 83' lang='grc' dir='ltr'><em>εῦνοῦχου,</em></span> <span class='ocrx_word' id='word_1_25' title='bbox 960 486 1098 576; x_wconf 77' lang='grc' dir='ltr'><em>τὸνμὲν</em></span> <span class='ocrx_word' id='word_1_26' title='bbox 1110 498 1180 558; x_wconf 88' lang='grc' dir='ltr'><em>Πο·</em></span> 
     </span>
     <span class='ocr_line' id='line_1_5' title="bbox 207 584 1181 680; baseline 0 -20"><span class='ocrx_word' id='word_1_27' title='bbox 207 585 328 660; x_wconf 82' lang='grc' dir='ltr'><em>δεινόν</em></span> <span class='ocrx_word' id='word_1_28' title='bbox 352 584 505 676; x_wconf 87' lang='grc' dir='ltr'><em>ἀνεῖλεν,</em></span> <span class='ocrx_word' id='word_1_29' title='bbox 529 586 680 677; x_wconf 76' lang='grc' dir='ltr'><em>Ἀχιλλᾶς</em></span> <span class='ocrx_word' id='word_1_30' title='bbox 706 589 744 659; x_wconf 75' lang='grc' dir='ltr'><em>δὲ</em></span> <span class='ocrx_word' id='word_1_31' title='bbox 765 586 888 678; x_wconf 72' lang='grc' dir='ltr'><em>φυγάν</em></span> <span class='ocrx_word' id='word_1_32' title='bbox 911 595 960 670; x_wconf 84' lang='grc' dir='ltr'><em>είς</em></span> <span class='ocrx_word' id='word_1_33' title='bbox 982 587 1020 658; x_wconf 88' lang='grc' dir='ltr'><em>τδ</em></span> <span class='ocrx_word' id='word_1_34' title='bbox 1043 587 1181 680; x_wconf 87' lang='grc' dir='ltr'><em>στρατό-</em></span> 
     </span>
     <span class='ocr_line' id='line_1_6' title="bbox 206 687 1207 783; baseline 0.002 -23"><span class='ocrx_word' id='word_1_35' title='bbox 206 696 312 761; x_wconf 88' lang='grc' dir='ltr'><em>πεδον</em></span> <span class='ocrx_word' id='word_1_36' title='bbox 342 689 453 780; x_wconf 78' lang='grc' dir='ltr'><em>βαρὺν</em></span> <span class='ocrx_word' id='word_1_37' title='bbox 482 687 574 783; x_wconf 80' lang='grc' dir='ltr'><em>αὐτῷ</em></span> <span class='ocrx_word' id='word_1_38' title='bbox 604 697 794 780; x_wconf 84' lang='grc' dir='ltr'><em>περιίστηαι</em></span> <span class='ocrx_word' id='word_1_39' title='bbox 822 689 977 781; x_wconf 78' lang='grc' dir='ltr'><em>πόλεμον.</em></span> <span class='ocrx_word' id='word_1_40' title='bbox 1024 687 1079 760; x_wconf 81' lang='grc' dir='ltr'><em>ὅτε</em></span> <span class='ocrx_word' id='word_1_41' title='bbox 1108 697 1207 780; x_wconf 77' lang='grc' dir='ltr'><em>πόρε</em></span> 
     </span>
     <span class='ocr_line' id='line_1_7' title="bbox 208 786 1181 885; baseline 0.001 -23"><span class='ocrx_word' id='word_1_42' title='bbox 208 789 409 880; x_wconf 80' lang='grc' dir='ltr'><em>ἐμβαλόντος</em></span> <span class='ocrx_word' id='word_1_43' title='bbox 427 797 598 881; x_wconf 87' lang='grc' dir='ltr'><em>Καίσαρος</em></span> <span class='ocrx_word' id='word_1_44' title='bbox 614 796 661 885; x_wconf 77' lang='grc' dir='ltr'><em>τῷ</em></span> <span class='ocrx_word' id='word_1_45' title='bbox 685 793 792 885; x_wconf 77' lang='grc' dir='ltr'><em>στόλῳ</em></span> <span class='ocrx_word' id='word_1_46' title='bbox 811 794 868 862; x_wconf 77' lang='grc' dir='ltr'><em>καί</em></span> <span class='ocrx_word' id='word_1_47' title='bbox 885 786 907 882; x_wconf 79' lang='grc' dir='ltr'><em>ἦ</em></span> <span class='ocrx_word' id='word_1_48' title='bbox 924 789 1051 882; x_wconf 88' lang='grc' dir='ltr'><em>μεγάλη</em></span> <span class='ocrx_word' id='word_1_49' title='bbox 1069 799 1181 881; x_wconf 83' lang='grc' dir='ltr'><em>βιβλι-</em></span> 
     </span>
     <span class='ocr_line' id='line_1_8' title="bbox 208 887 1180 984; baseline 0 -20"><span class='ocrx_word' id='word_1_50' title='bbox 208 887 319 983; x_wconf 78' lang='grc' dir='ltr'><em>οδήκη</em></span> <span class='ocrx_word' id='word_1_51' title='bbox 343 895 562 983; x_wconf 85' lang='grc' dir='ltr'><em>έμπέπρηστο.</em></span> <span class='ocrx_word' id='word_1_52' title='bbox 606 891 713 984; x_wconf 75' lang='grc' dir='ltr'><em>μάλης</em></span> <span class='ocrx_word' id='word_1_53' title='bbox 737 894 776 963; x_wconf 61' lang='grc' dir='ltr'><em>δὲ</em></span> <span class='ocrx_word' id='word_1_54' title='bbox 799 891 1013 983; x_wconf 74' lang='grc' dir='ltr'><em>συνεστώσης</em></span> <span class='ocrx_word' id='word_1_55' title='bbox 1037 893 1180 984; x_wconf 79' lang='grc' dir='ltr'><em>κατεπή-</em></span> 
     </span>
     <span class='ocr_line' id='line_1_9' title="bbox 208 991 1180 1086; baseline 0.001 -21"><span class='ocrx_word' id='word_1_56' title='bbox 208 1000 291 1084; x_wconf 89' lang='grc' dir='ltr'><em>δησε</em></span> <span class='ocrx_word' id='word_1_57' title='bbox 308 995 371 1084; x_wconf 72' lang='grc' dir='ltr'><em>μέν</em></span> <span class='ocrx_word' id='word_1_58' title='bbox 388 992 454 1065; x_wconf 84' lang='grc' dir='ltr'><em>ἀπὸ</em></span> <span class='ocrx_word' id='word_1_59' title='bbox 471 997 533 1064; x_wconf 89' lang='grc' dir='ltr'><em>τοῦ</em></span> <span class='ocrx_word' id='word_1_60' title='bbox 549 992 698 1084; x_wconf 74' lang='grc' dir='ltr'><em>χώματος</em></span> <span class='ocrx_word' id='word_1_61' title='bbox 716 1001 764 1078; x_wconf 88' lang='grc' dir='ltr'><em>είς</em></span> <span class='ocrx_word' id='word_1_62' title='bbox 777 991 933 1086; x_wconf 77' lang='grc' dir='ltr'><em>ἀκάτιον,</em></span> <span class='ocrx_word' id='word_1_63' title='bbox 953 993 1180 1066; x_wconf 76' lang='grc' dir='ltr'><em>ἐπιπλεόντων</em></span> 
     </span>
     <span class='ocr_line' id='line_1_10' title="bbox 209 1093 1181 1189; baseline 0.003 -23"><span class='ocrx_word' id='word_1_64' title='bbox 209 1097 247 1167; x_wconf 71' lang='grc' dir='ltr'><em>δὲ</em></span> <span class='ocrx_word' id='word_1_65' title='bbox 271 1095 485 1186; x_wconf 69' lang='grc' dir='ltr'><em>πολλαχόθεν</em></span> <span class='ocrx_word' id='word_1_66' title='bbox 508 1093 599 1189; x_wconf 72' lang='grc' dir='ltr'><em>αὐτῷ</em></span> <span class='ocrx_word' id='word_1_67' title='bbox 620 1099 689 1166; x_wconf 78' lang='grc' dir='ltr'><em>των</em></span> <span class='ocrx_word' id='word_1_68' title='bbox 712 1103 911 1185; x_wconf 76' lang='grc' dir='ltr'><em>Αἰγυπτίων</em></span> <span class='ocrx_word' id='word_1_69' title='bbox 934 1102 1035 1189; x_wconf 75' lang='grc' dir='ltr'><em>ῥίψας</em></span> <span class='ocrx_word' id='word_1_70' title='bbox 1058 1095 1181 1171; x_wconf 83' lang='grc' dir='ltr'><em>ἑαυτόν</em></span> 
     </span>
     <span class='ocr_line' id='line_1_11' title="bbox 208 1195 1225 1289; baseline 0.002 -20"><span class='ocrx_word' id='word_1_71' title='bbox 208 1204 256 1280; x_wconf 85' lang='grc' dir='ltr'><em>είς</em></span> <span class='ocrx_word' id='word_1_72' title='bbox 272 1195 335 1286; x_wconf 77' lang='grc' dir='ltr'><em>τὴν</em></span> <span class='ocrx_word' id='word_1_73' title='bbox 352 1196 530 1268; x_wconf 77' lang='grc' dir='ltr'><em>θάλασσαν</em></span> <span class='ocrx_word' id='word_1_74' title='bbox 546 1195 733 1286; x_wconf 82' lang='grc' dir='ltr'><em>ἀπενήξατο</em></span> <span class='ocrx_word' id='word_1_75' title='bbox 756 1196 860 1289; x_wconf 83' lang='grc' dir='ltr'><em>μόλις.</em></span> <span class='ocrx_word' id='word_1_76' title='bbox 895 1195 951 1270; x_wconf 80' lang='grc' dir='ltr'><em>ὅτε</em></span> <span class='ocrx_word' id='word_1_77' title='bbox 973 1201 1104 1288; x_wconf 80' lang='grc' dir='ltr'><em>λέγεται</em></span> <span class='ocrx_word' id='word_1_78' title='bbox 1121 1201 1180 1270; x_wconf 83' lang='grc' dir='ltr'><em>καλ</em></span> <span class='ocrx_word' id='word_1_79' title='bbox 1193 1231 1225 1272; x_wconf 87' lang='grc' dir='ltr'><em>ιο</em></span> 
     </span>
     <span class='ocr_line' id='line_1_12' title="bbox 208 1296 1178 1392; baseline 0.001 -23"><span class='ocrx_word' id='word_1_80' title='bbox 208 1305 360 1389; x_wconf 76' lang='grc' dir='ltr'><em>βιβλίδια</em></span> <span class='ocrx_word' id='word_1_81' title='bbox 377 1307 510 1390; x_wconf 77' lang='grc' dir='ltr'><em>κρατοῦν</em></span> <span class='ocrx_word' id='word_1_82' title='bbox 523 1296 630 1369; x_wconf 87' lang='grc' dir='ltr'><em>πολλά</em></span> <span class='ocrx_word' id='word_1_83' title='bbox 642 1299 688 1389; x_wconf 81' lang='grc' dir='ltr'><em>μὴ</em></span> <span class='ocrx_word' id='word_1_84' title='bbox 702 1303 868 1391; x_wconf 74' lang='grc' dir='ltr'><em>προέσθαι</em></span> <span class='ocrx_word' id='word_1_85' title='bbox 880 1298 1081 1392; x_wconf 84' lang='grc' dir='ltr'><em>νηχόμενος,</em></span> <span class='ocrx_word' id='word_1_86' title='bbox 1099 1297 1178 1371; x_wconf 92' lang='grc' dir='ltr'><em>ἀλλ’</em></span> 
     </span>
     <span class='ocr_line' id='line_1_13' title="bbox 207 1397 1181 1494; baseline 0.001 -22"><span class='ocrx_word' id='word_1_87' title='bbox 207 1397 342 1492; x_wconf 86' lang='grc' dir='ltr'><em>ἀνέχειν</em></span> <span class='ocrx_word' id='word_1_88' title='bbox 360 1398 447 1471; x_wconf 85' lang='grc' dir='ltr'><em>αῦτδι</em></span> <span class='ocrx_word' id='word_1_89' title='bbox 464 1400 551 1490; x_wconf 70' lang='grc' dir='ltr'><em>ὑπὲρ</em></span> <span class='ocrx_word' id='word_1_90' title='bbox 569 1405 628 1490; x_wconf 79' lang='grc' dir='ltr'><em>της</em></span> <span class='ocrx_word' id='word_1_91' title='bbox 640 1400 813 1490; x_wconf 80' lang='grc' dir='ltr'><em>θαλάσσης</em></span> <span class='ocrx_word' id='word_1_92' title='bbox 830 1405 872 1493; x_wconf 71' lang='grc' dir='ltr'><em>τῇ</em></span> <span class='ocrx_word' id='word_1_93' title='bbox 891 1405 987 1494; x_wconf 81' lang='grc' dir='ltr'><em>ἑτέρᾳ</em></span> <span class='ocrx_word' id='word_1_94' title='bbox 1005 1411 1102 1494; x_wconf 84' lang='grc' dir='ltr'><em>χειρί,</em></span> <span class='ocrx_word' id='word_1_95' title='bbox 1120 1403 1181 1473; x_wconf 80' lang='grc' dir='ltr'><em>καί</em></span> 
     </span>
     <span class='ocr_line' id='line_1_14' title="bbox 206 1499 1181 1594; baseline 0.001 -21"><span class='ocrx_word' id='word_1_96' title='bbox 206 1507 313 1573; x_wconf 91' lang='grc' dir='ltr'><em>ταῦτα</em></span> <span class='ocrx_word' id='word_1_97' title='bbox 345 1499 561 1592; x_wconf 82' lang='grc' dir='ltr'><em>βαλλόμενος.</em></span> <span class='ocrx_word' id='word_1_98' title='bbox 616 1505 710 1586; x_wconf 80' lang='grc' dir='ltr'><em>τέλος</em></span> <span class='ocrx_word' id='word_1_99' title='bbox 742 1503 781 1574; x_wconf 72' lang='grc' dir='ltr'><em>δὲ</em></span> <span class='ocrx_word' id='word_1_100' title='bbox 810 1509 870 1574; x_wconf 90' lang='grc' dir='ltr'><em>τοῦ</em></span> <span class='ocrx_word' id='word_1_101' title='bbox 900 1506 1063 1592; x_wconf 83' lang='grc' dir='ltr'><em>βασιλέως</em></span> <span class='ocrx_word' id='word_1_102' title='bbox 1094 1503 1181 1594; x_wconf 86' lang='grc' dir='ltr'><em>πρὸς</em></span> 
     </span>
     <span class='ocr_line' id='line_1_15' title="bbox 206 1601 1181 1695; baseline 0 -19"><span class='ocrx_word' id='word_1_103' title='bbox 206 1604 285 1687; x_wconf 85' lang='grc' dir='ltr'><em>τοῦς</em></span> <span class='ocrx_word' id='word_1_104' title='bbox 302 1611 482 1694; x_wconf 83' lang='grc' dir='ltr'><em>πολεμίους</em></span> <span class='ocrx_word' id='word_1_105' title='bbox 499 1601 797 1695; x_wconf 81' lang='grc' dir='ltr'><em>ἀποχωρήσαντος,</em></span> <span class='ocrx_word' id='word_1_106' title='bbox 824 1604 979 1677; x_wconf 75' lang='grc' dir='ltr'><em>ἐπελθόν</em></span> <span class='ocrx_word' id='word_1_107' title='bbox 995 1607 1052 1676; x_wconf 82' lang='grc' dir='ltr'><em>καλ</em></span> <span class='ocrx_word' id='word_1_108' title='bbox 1069 1603 1181 1676; x_wconf 87' lang='grc' dir='ltr'><em>συνά-</em></span> 
     </span>
     <span class='ocr_line' id='line_1_16' title="bbox 172 1702 1226 1797; baseline 0.002 -20"><span class='ocrx_word' id='word_1_109' title='bbox 172 1721 273 1788; x_wconf 77' lang='grc' dir='ltr'><em>υψας</em></span> <span class='ocrx_word' id='word_1_110' title='bbox 290 1702 399 1794; x_wconf 83' lang='grc' dir='ltr'><em>μάχην</em></span> <span class='ocrx_word' id='word_1_111' title='bbox 418 1707 568 1794; x_wconf 83' lang='grc' dir='ltr'><em>ἐνίκησε,</em></span> <span class='ocrx_word' id='word_1_112' title='bbox 591 1712 726 1778; x_wconf 78' lang='grc' dir='ltr'><em>πολλῶν</em></span> <span class='ocrx_word' id='word_1_113' title='bbox 742 1705 915 1778; x_wconf 83' lang='grc' dir='ltr'><em>πεσόντων</em></span> <span class='ocrx_word' id='word_1_114' title='bbox 932 1709 988 1778; x_wconf 81' lang='grc' dir='ltr'><em>καὶ</em></span> <span class='ocrx_word' id='word_1_115' title='bbox 1006 1714 1066 1778; x_wconf 86' lang='grc' dir='ltr'><em>τοῦ</em></span> <span class='ocrx_word' id='word_1_116' title='bbox 1082 1716 1180 1797; x_wconf 87' lang='grc' dir='ltr'><em>βασι·</em></span> <span class='ocrx_word' id='word_1_117' title='bbox 1195 1739 1226 1780; x_wconf 80' lang='grc' dir='ltr'><em>ιι</em></span> 
     </span>
     <span class='ocr_line' id='line_1_17' title="bbox 207 1803 669 1898; baseline 0.006 -21"><span class='ocrx_word' id='word_1_118' title='bbox 207 1808 290 1886; x_wconf 87' lang='grc' dir='ltr'><em>λέως</em></span> <span class='ocrx_word' id='word_1_119' title='bbox 308 1803 460 1896; x_wconf 77' lang='grc' dir='ltr'><em>ἀφανοῦς</em></span> <span class='ocrx_word' id='word_1_120' title='bbox 477 1807 669 1898; x_wconf 85' lang='grc' dir='ltr'><em>γενομένου.</em></span> 
     </span>
    </p>

    <p class='ocr_par' dir='ltr' id='par_1_3' title="bbox 204 1906 1228 3018">
     <span class='ocr_line' id='line_1_18' title="bbox 283 1906 1181 1998; baseline 0.006 -21"><span class='ocrx_word' id='word_1_121' title='bbox 283 1907 489 1978; x_wconf 81' lang='grc' dir='ltr'><em>Καταλιπῦν</em></span> <span class='ocrx_word' id='word_1_122' title='bbox 520 1909 558 1978; x_wconf 70' lang='grc' dir='ltr'><em>δὲ</em></span> <span class='ocrx_word' id='word_1_123' title='bbox 587 1906 650 1998; x_wconf 77' lang='grc' dir='ltr'><em>τὴν</em></span> <span class='ocrx_word' id='word_1_124' title='bbox 679 1907 901 1998; x_wconf 85' lang='grc' dir='ltr'><em>Κλεοπάτραν</em></span> <span class='ocrx_word' id='word_1_125' title='bbox 930 1907 1181 1998; x_wconf 80' lang='grc' dir='ltr'><em>βασιλεύουσαν</em></span> 
     </span>
     <span class='ocr_line' id='line_1_19' title="bbox 207 2006 1180 2103; baseline 0.001 -22"><span class='ocrx_word' id='word_1_126' title='bbox 207 2006 385 2098; x_wconf 75' lang='grc' dir='ltr'><em>Αἰγύπτου</em></span> <span class='ocrx_word' id='word_1_127' title='bbox 409 2012 467 2080; x_wconf 78' lang='grc' dir='ltr'><em>καὶ</em></span> <span class='ocrx_word' id='word_1_128' title='bbox 496 2007 618 2101; x_wconf 81' lang='grc' dir='ltr'><em>μικρὸν</em></span> <span class='ocrx_word' id='word_1_129' title='bbox 647 2007 789 2103; x_wconf 88' lang='grc' dir='ltr'><em>ῦστερον</em></span> <span class='ocrx_word' id='word_1_130' title='bbox 820 2013 853 2096; x_wconf 74' lang='grc' dir='ltr'><em>ἐξ</em></span> <span class='ocrx_word' id='word_1_131' title='bbox 877 2009 984 2084; x_wconf 80' lang='grc' dir='ltr'><em>αὐτοῦ</em></span> <span class='ocrx_word' id='word_1_132' title='bbox 1013 2015 1180 2083; x_wconf 75' lang='grc' dir='ltr'><em>τεκοῦσαν</em></span> 
     </span>
     <span class='ocr_line' id='line_1_20' title="bbox 206 2107 1179 2205; baseline 0.002 -23"><span class='ocrx_word' id='word_1_133' title='bbox 206 2110 301 2201; x_wconf 84' lang='grc' dir='ltr'><em>υίόν,</em></span> <span class='ocrx_word' id='word_1_134' title='bbox 337 2107 378 2182; x_wconf 82' lang='grc' dir='ltr'><em>δν</em></span> <span class='ocrx_word' id='word_1_135' title='bbox 404 2109 634 2204; x_wconf 74' lang='grc' dir='ltr'><em>Ἀλεξανδρεῖς</em></span> <span class='ocrx_word' id='word_1_136' title='bbox 663 2119 884 2205; x_wconf 81' lang='grc' dir='ltr'><em>Καισαρίωνα</em></span> <span class='ocrx_word' id='word_1_137' title='bbox 914 2111 1179 2204; x_wconf 72' lang='grc' dir='ltr'><em>προσηγόρευον,</em></span> 
     </span>
     <span class='ocr_line' id='line_1_21' title="bbox 208 2211 1228 2308; baseline 0.005 -24"><span class='ocrx_word' id='word_1_138' title='bbox 208 2211 363 2305; x_wconf 74' lang='grc' dir='ltr'><em>ὥρμησεν</em></span> <span class='ocrx_word' id='word_1_139' title='bbox 381 2215 436 2284; x_wconf 80' lang='grc' dir='ltr'><em>ἐπὶ</em></span> <span class='ocrx_word' id='word_1_140' title='bbox 456 2222 600 2305; x_wconf 85' lang='grc' dir='ltr'><em>Συρίαν.</em></span> <span class='ocrx_word' id='word_1_141' title='bbox 636 2217 693 2285; x_wconf 80' lang='grc' dir='ltr'><em>καὶ</em></span> <span class='ocrx_word' id='word_1_142' title='bbox 712 2213 875 2306; x_wconf 83' lang='grc' dir='ltr'><em>Φαρνάκη</em></span> <span class='ocrx_word' id='word_1_143' title='bbox 892 2219 939 2308; x_wconf 76' lang='grc' dir='ltr'><em>τῷ</em></span> <span class='ocrx_word' id='word_1_144' title='bbox 957 2211 1179 2306; x_wconf 73' lang='grc' dir='ltr'><em>Μιθριδάτου</em></span> <span class='ocrx_word' id='word_1_145' title='bbox 1196 2248 1228 2289; x_wconf 74' lang='grc' dir='ltr'><em>ιο</em></span> 
     </span>
     <span class='ocr_line' id='line_1_22' title="bbox 207 2311 1179 2406; baseline 0.002 -22"><span class='ocrx_word' id='word_1_146' title='bbox 207 2318 302 2386; x_wconf 75' lang='grc' dir='ltr'><em>παιδὶ</em></span> <span class='ocrx_word' id='word_1_147' title='bbox 333 2313 522 2405; x_wconf 86' lang='grc' dir='ltr'><em>πολεμήσας</em></span> <span class='ocrx_word' id='word_1_148' title='bbox 552 2311 658 2386; x_wconf 89' lang='grc' dir='ltr'><em>αῦτδν</em></span> <span class='ocrx_word' id='word_1_149' title='bbox 687 2317 750 2406; x_wconf 64' lang='grc' dir='ltr'><em>μὲν</em></span> <span class='ocrx_word' id='word_1_150' title='bbox 779 2321 840 2388; x_wconf 88' lang='grc' dir='ltr'><em>τοῦ</em></span> <span class='ocrx_word' id='word_1_151' title='bbox 864 2315 1000 2388; x_wconf 91' lang='grc' dir='ltr'><em>Πόντου</em></span> <span class='ocrx_word' id='word_1_152' title='bbox 1031 2317 1179 2406; x_wconf 79' lang='grc' dir='ltr'><em>ἐξέβαλε,</em></span> 
     </span>
     <span class='ocr_line' id='line_1_23' title="bbox 206 2413 1182 2509; baseline 0.004 -23"><span class='ocrx_word' id='word_1_153' title='bbox 206 2415 270 2504; x_wconf 77' lang='grc' dir='ltr'><em>την</em></span> <span class='ocrx_word' id='word_1_154' title='bbox 288 2417 325 2485; x_wconf 73' lang='grc' dir='ltr'><em>δὲ</em></span> <span class='ocrx_word' id='word_1_155' title='bbox 343 2414 502 2505; x_wconf 80' lang='grc' dir='ltr'><em>στρατιὰν</em></span> <span class='ocrx_word' id='word_1_156' title='bbox 519 2414 629 2508; x_wconf 86' lang='grc' dir='ltr'><em>ἀρδην</em></span> <span class='ocrx_word' id='word_1_157' title='bbox 651 2413 773 2490; x_wconf 81' lang='grc' dir='ltr'><em>ἀνεῖλε.</em></span> <span class='ocrx_word' id='word_1_158' title='bbox 810 2419 866 2488; x_wconf 82' lang='grc' dir='ltr'><em>καὶ</em></span> <span class='ocrx_word' id='word_1_159' title='bbox 890 2421 949 2508; x_wconf 80' lang='grc' dir='ltr'><em>τῆς</em></span> <span class='ocrx_word' id='word_1_160' title='bbox 971 2416 1077 2509; x_wconf 88' lang='grc' dir='ltr'><em>μάχης</em></span> <span class='ocrx_word' id='word_1_161' title='bbox 1093 2417 1182 2490; x_wconf 87' lang='grc' dir='ltr'><em>ταῦ-</em></span> 
     </span>
     <span class='ocr_line' id='line_1_24' title="bbox 206 2513 1182 2610; baseline 0.006 -25"><span class='ocrx_word' id='word_1_162' title='bbox 206 2545 264 2606; x_wconf 90' lang='grc' dir='ltr'><em>της</em></span> <span class='ocrx_word' id='word_1_163' title='bbox 294 2513 331 2586; x_wconf 87' lang='grc' dir='ltr'><em>τῦ</em></span> <span class='ocrx_word' id='word_1_164' title='bbox 356 2515 454 2607; x_wconf 88' lang='grc' dir='ltr'><em>τάχος</em></span> <span class='ocrx_word' id='word_1_165' title='bbox 483 2521 540 2588; x_wconf 83' lang='grc' dir='ltr'><em>καὶ</em></span> <span class='ocrx_word' id='word_1_166' title='bbox 569 2518 631 2608; x_wconf 80' lang='grc' dir='ltr'><em>τὴν</em></span> <span class='ocrx_word' id='word_1_167' title='bbox 660 2517 802 2609; x_wconf 80' lang='grc' dir='ltr'><em>δξῦτητα</em></span> <span class='ocrx_word' id='word_1_168' title='bbox 833 2524 947 2610; x_wconf 78' lang='grc' dir='ltr'><em>δηλῶν</em></span> <span class='ocrx_word' id='word_1_169' title='bbox 978 2527 1025 2601; x_wconf 91' lang='grc' dir='ltr'><em>είς</em></span> <span class='ocrx_word' id='word_1_170' title='bbox 1050 2517 1182 2610; x_wconf 80' lang='grc' dir='ltr'><em>Ῥῦμην</em></span> 
     </span>
     <span class='ocr_line' id='line_1_25' title="bbox 207 2611 1182 2710; baseline 0.005 -23"><span class='ocrx_word' id='word_1_171' title='bbox 207 2624 332 2709; x_wconf 73' lang='grc' dir='ltr'><em>ἔγραψε</em></span> <span class='ocrx_word' id='word_1_172' title='bbox 349 2633 439 2708; x_wconf 88' lang='grc' dir='ltr'><em>τρεῖς</em></span> <span class='ocrx_word' id='word_1_173' title='bbox 464 2621 567 2704; x_wconf 79' lang='grc' dir='ltr'><em>λέξεις</em></span> <span class='ocrx_word' id='word_1_174' title='bbox 580 2611 713 2710; x_wconf 79' lang='grc' dir='ltr'><em>“ἦλθον</em></span> <span class='ocrx_word' id='word_1_175' title='bbox 740 2620 833 2692; x_wconf 82' lang='grc' dir='ltr'><em>εἶδον</em></span> <span class='ocrx_word' id='word_1_176' title='bbox 857 2617 1022 2710; x_wconf 84' lang='grc' dir='ltr'><em>έυίκησα.”</em></span> <span class='ocrx_word' id='word_1_177' title='bbox 1061 2625 1182 2694; x_wconf 78' lang='grc' dir='ltr'><em>ἐντεῦ-</em></span> 
     </span>
     <span class='ocr_line' id='line_1_26' title="bbox 205 2716 1228 2814; baseline 0.005 -24"><span class='ocrx_word' id='word_1_178' title='bbox 205 2730 271 2790; x_wconf 78' lang='grc' dir='ltr'><em>θεν</em></span> <span class='ocrx_word' id='word_1_179' title='bbox 289 2726 336 2802; x_wconf 89' lang='grc' dir='ltr'><em>είς</em></span> <span class='ocrx_word' id='word_1_180' title='bbox 351 2716 491 2792; x_wconf 87' lang='grc' dir='ltr'><em>Ἰταλίαν</em></span> <span class='ocrx_word' id='word_1_181' title='bbox 514 2718 675 2794; x_wconf 78' lang='grc' dir='ltr'><em>ἀπελθόν</em></span> <span class='ocrx_word' id='word_1_182' title='bbox 698 2729 745 2804; x_wconf 84' lang='grc' dir='ltr'><em>είς</em></span> <span class='ocrx_word' id='word_1_183' title='bbox 768 2717 896 2814; x_wconf 78' lang='grc' dir='ltr'><em>Ῥόμηυ</em></span> <span class='ocrx_word' id='word_1_184' title='bbox 918 2719 1091 2814; x_wconf 79' lang='grc' dir='ltr'><em>ἀνέβαινε,</em></span> <span class='ocrx_word' id='word_1_185' title='bbox 1116 2725 1182 2795; x_wconf 89' lang='grc' dir='ltr'><em>τοῦ</em></span> <span class='ocrx_word' id='word_1_186' title='bbox 1197 2753 1228 2794; x_wconf 78' lang='grc' dir='ltr'><em>ιτ</em></span> 
     </span>
     <span class='ocr_line' id='line_1_27' title="bbox 205 2821 1180 2916; baseline 0.005 -24"><span class='ocrx_word' id='word_1_187' title='bbox 205 2821 268 2911; x_wconf 77' lang='grc' dir='ltr'><em>μὲν</em></span> <span class='ocrx_word' id='word_1_188' title='bbox 286 2823 441 2894; x_wconf 81' lang='grc' dir='ltr'><em>ἐνιαυτοῦ</em></span> <span class='ocrx_word' id='word_1_189' title='bbox 459 2827 744 2914; x_wconf 80' lang='grc' dir='ltr'><em>καταστρέφοντος</em></span> <span class='ocrx_word' id='word_1_190' title='bbox 763 2831 811 2907; x_wconf 83' lang='grc' dir='ltr'><em>είς</em></span> <span class='ocrx_word' id='word_1_191' title='bbox 828 2821 869 2896; x_wconf 84' lang='grc' dir='ltr'><em>δν</em></span> <span class='ocrx_word' id='word_1_192' title='bbox 891 2821 995 2916; x_wconf 76' lang='grc' dir='ltr'><em>ᾕρητο</em></span> <span class='ocrx_word' id='word_1_193' title='bbox 1013 2821 1180 2916; x_wconf 82' lang='grc' dir='ltr'><em>δικτάτωρ</em></span> 
     </span>
     <span class='ocr_line' id='line_1_28' title="bbox 204 2921 1181 3018; baseline 0.003 -25"><span class='ocrx_word' id='word_1_194' title='bbox 204 2922 242 2994; x_wconf 86' lang='grc' dir='ltr'><em>τὸ</em></span> <span class='ocrx_word' id='word_1_195' title='bbox 268 2921 445 3016; x_wconf 80' lang='grc' dir='ltr'><em>δεύτερον,</em></span> <span class='ocrx_word' id='word_1_196' title='bbox 470 2922 632 2996; x_wconf 81' lang='grc' dir='ltr'><em>οὐδέποτε</em></span> <span class='ocrx_word' id='word_1_197' title='bbox 654 2923 819 3017; x_wconf 86' lang='grc' dir='ltr'><em>πρότερον</em></span> <span class='ocrx_word' id='word_1_198' title='bbox 841 2928 900 3016; x_wconf 78' lang='grc' dir='ltr'><em>τῆς</em></span> <span class='ocrx_word' id='word_1_199' title='bbox 923 2923 1028 3018; x_wconf 83' lang='grc' dir='ltr'><em>ἀρχῆς</em></span> <span class='ocrx_word' id='word_1_200' title='bbox 1052 2924 1181 3016; x_wconf 83' lang='grc' dir='ltr'><em>ταύτης</em></span> 
     </span>
    </p>

    <p class='ocr_par' dir='ltr' id='par_1_4' title="bbox 103 3024 1183 3218">
     <span class='ocr_line' id='line_1_29' title="bbox 103 3024 1183 3115; baseline 0.006 -21"><span class='ocrx_word' id='word_1_201' title='bbox 103 3027 386 3115; x_wconf 70' lang='grc' dir='ltr'><em>ΡΙιενγενομένης</em></span> <span class='ocrx_word' id='word_1_202' title='bbox 410 3030 597 3098; x_wconf 81' lang='grc' dir='ltr'><em>ἐνιαυσίου·</em></span> <span class='ocrx_word' id='word_1_203' title='bbox 634 3034 682 3110; x_wconf 88' lang='grc' dir='ltr'><em>είς</em></span> <span class='ocrx_word' id='word_1_204' title='bbox 707 3028 745 3098; x_wconf 72' lang='grc' dir='ltr'><em>δὲ</em></span> <span class='ocrx_word' id='word_1_205' title='bbox 773 3025 810 3098; x_wconf 84' lang='grc' dir='ltr'><em>τό</em></span> <span class='ocrx_word' id='word_1_206' title='bbox 835 3027 930 3100; x_wconf 87' lang='grc' dir='ltr'><em>ίπιὸν</em></span> <span class='ocrx_word' id='word_1_207' title='bbox 954 3035 1025 3110; x_wconf 83' lang='grc' dir='ltr'><em>ίτος</em></span> <span class='ocrx_word' id='word_1_208' title='bbox 1049 3024 1183 3110; x_wconf 78' lang='grc' dir='ltr'><em>ὕπατος</em></span> 
     </span>
     <span class='ocr_line' id='line_1_30' title="bbox 205 3124 397 3218; baseline 0.026 -24"><span class='ocrx_word' id='word_1_209' title='bbox 205 3124 397 3218; x_wconf 80' lang='grc' dir='ltr'><em>ἀνεδείχθη.</em></span> 
     </span>
    </p>

    <p class='ocr_par' dir='ltr' id='par_1_5' title="bbox 287 3226 1229 3321">
     <span class='ocr_line' id='line_1_31' title="bbox 287 3226 1229 3321; baseline 0.007 -26"><span class='ocrx_word' id='word_1_210' title='bbox 287 3232 363 3297; x_wconf 82' lang='grc' dir='ltr'><em>Τῦν</em></span> <span class='ocrx_word' id='word_1_211' title='bbox 382 3229 420 3298; x_wconf 71' lang='grc' dir='ltr'><em>δέ</em></span> <span class='ocrx_word' id='word_1_212' title='bbox 436 3231 514 3319; x_wconf 78' lang='grc' dir='ltr'><em>περὶ</em></span> <span class='ocrx_word' id='word_1_213' title='bbox 531 3228 685 3302; x_wconf 84' lang='grc' dir='ltr'><em>Κάτωνα</em></span> <span class='ocrx_word' id='word_1_214' title='bbox 693 3234 750 3302; x_wconf 78' lang='grc' dir='ltr'><em>καὶ</em></span> <span class='ocrx_word' id='word_1_215' title='bbox 765 3237 940 3303; x_wconf 88' lang='grc' dir='ltr'><em>Σκιπίωνα</em></span> <span class='ocrx_word' id='word_1_216' title='bbox 957 3229 1040 3321; x_wconf 82' lang='grc' dir='ltr'><em>μετά</em></span> <span class='ocrx_word' id='word_1_217' title='bbox 1056 3226 1120 3318; x_wconf 79' lang='grc' dir='ltr'><em>τὴν</em></span> <span class='ocrx_word' id='word_1_218' title='bbox 1139 3233 1182 3302; x_wconf 79' lang='grc' dir='ltr'><em>έν</em></span> <span class='ocrx_word' id='word_1_219' title='bbox 1197 3260 1229 3302; x_wconf 74' lang='grc' dir='ltr'><em>ω</em></span> 
     </span>
    </p>

    <p class='ocr_par' dir='ltr' id='par_1_6' title="bbox 105 3325 1182 3526">
     <span class='ocr_line' id='line_1_32' title="bbox 105 3325 1182 3424; baseline 0.01 -32"><span class='ocrx_word' id='word_1_220' title='bbox 105 3325 398 3421; x_wconf 62' lang='grc' dir='ltr'><em>λσΠιτιΦαρσάλῳ</em></span> <span class='ocrx_word' id='word_1_221' title='bbox 416 3327 525 3419; x_wconf 91' lang='grc' dir='ltr'><em>μάχην</em></span> <span class='ocrx_word' id='word_1_222' title='bbox 544 3338 590 3414; x_wconf 87' lang='grc' dir='ltr'><em>είς</em></span> <span class='ocrx_word' id='word_1_223' title='bbox 603 3331 737 3421; x_wconf 81' lang='grc' dir='ltr'><em>Λιβύην</em></span> <span class='ocrx_word' id='word_1_224' title='bbox 751 3331 930 3424; x_wconf 85' lang='grc' dir='ltr'><em>φυγόντων</em></span> <span class='ocrx_word' id='word_1_225' title='bbox 943 3335 999 3404; x_wconf 79' lang='grc' dir='ltr'><em>καί</em></span> <span class='ocrx_word' id='word_1_226' title='bbox 1014 3329 1182 3422; x_wconf 81' lang='grc' dir='ltr'><em>δυνάμεις</em></span> 
     </span>
     <span class='ocr_line' id='line_1_33' title="bbox 201 3417 1180 3526; baseline -0.006 -17"><span class='ocrx_word' id='word_1_227' title='bbox 201 3417 415 3512; x_wconf 65' lang='grc' dir='ltr'><em>ῖλθθθίκόῖων</em></span> <span class='ocrx_word' id='word_1_228' title='bbox 432 3425 641 3522; x_wconf 63' lang='grc' dir='ltr'><em>ἀξιολόγους,</em></span> <span class='ocrx_word' id='word_1_229' title='bbox 660 3430 715 3504; x_wconf 77' lang='grc' dir='ltr'><em>ἐπ’</em></span> <span class='ocrx_word' id='word_1_230' title='bbox 735 3433 858 3519; x_wconf 79' lang='grc' dir='ltr'><em>αὐτοῦς</em></span> <span class='ocrx_word' id='word_1_231' title='bbox 876 3430 1040 3524; x_wconf 80' lang='grc' dir='ltr'><em>ὁΚαϊσαρ,</em></span> <span class='ocrx_word' id='word_1_232' title='bbox 1059 3432 1180 3526; x_wconf 62' lang='grc' dir='ltr'><em>έστράὲ</em></span> 
     </span>
    </p>
   </div>
   <div class='ocr_carea' id='block_1_3' title="bbox 0 0 1284 3820">
    <p class='ocr_par' dir='ltr' id='par_1_7' title="bbox 0 0 1284 3820">
     <span class='ocr_line' id='line_1_34' title="bbox 0 0 1284 3820; baseline 0 0"><span class='ocrx_word' id='word_1_233' title='bbox 0 0 1284 3820; x_wconf 95' lang='lat' dir='ltr'><em> </em></span> 
     </span>
    </p>
   </div>
  </div>
 </body>
</html>
