2546 3822
205 181 269 246 340
534 181 607 232 mn.
626 181 684 232 xv.
704 180 784 234 σεε.
803 182 851 236 111.

205 336 307 392 κυῖαν
339 320 431 396 πάνυ
457 346 524 391 που
549 319 667 411 πόρρω
696 321 852 410 τοιαύτης
883 317 1005 410 ἀρχῆς,
1028 321 1084 390 καὶ
1109 336 1182 403 τοῖς

207 427 347 493 ἐκείνων
374 427 628 503 διαπιστοῦντος
652 437 832 512 χρησμοῖς,
864 425 985 492 ἐκείνοι
1009 421 1182 510 συμβήσε-

207 535 291 594 σθαι
313 524 377 612 τήν
402 524 589 614 πρόρρησιν
620 519 877 614 ἀπισχυρίζοντο
908 529 1091 614 κραταιός,
1122 525 1184 592 καὶ

207 621 364 717 ἀπήτουν
382 623 490 694 αύτὸν
508 622 552 694 δι’
574 623 678 713 ὅρκου
697 631 953 716 πληροφορήσαι
970 623 1106 712 αύτούς,
1124 625 1184 695 ὅτε

206 727 302 816 τύχοι
318 732 377 816 τῆς
394 731 577 814 βασιλείας,
595 731 716 796 δούναι
734 733 851 815 σφίσιν
867 723 888 795 ὃ
905 721 949 798 ἀν
965 725 1207 814 αἰτήσωνταιῡ

206 829 265 898 καὶ
287 824 325 909 δς
350 826 494 917 ὄμνυσιν
519 820 541 914 ή
566 825 633 916 μήν
657 833 717 916 τῆς
740 835 909 915 βασιλείας
933 827 1046 918 τυχαὶν
1064 830 1184 916 ἐντελῆ
1258 849 1260 908 5

207 927 323 1000 αὐτῶν
348 935 488 1016 ποιήσαι
510 930 573 1016 τήν
597 939 737 1017 αἴτησιν.
773 927 791 999 ὁ
818 929 882 1018 μέν
901 921 970 1003 οὖν
995 928 1036 999 ὃν
1053 939 1185 1020 είρηται
1258 945 1260 1062 χ

206 1030 333 1119 τρόπον
358 1036 417 1119 τῆς
442 1035 512 1100 τῶν
531 1028 701 1119 Ῥωμαίων
717 1027 898 1119 ἡγεμονίας
917 1031 1108 1119 ἐκράτησεν.
1149 1034 1185 1100 οί
1258 1065 1260 1102 ι

211 1131 249 1202 δέ
266 1131 376 1224 τούτῳ
394 1129 522 1220 ταύτην
538 1131 871 1220 προμαντευσάμενοι
888 1139 1011 1203 ἔνατον.
1023 1129 1089 1220 ήδη
1107 1137 1183 1212 ἔτος
1259 1163 1260 1170 “

105 1265 209 1320 1³11104
218 1239 276 1322 τῆς
296 1229 482 1322 αύταρχίας
505 1231 646 1302 ἀνύοντι
663 1237 862 1322 προσῆλθον
878 1230 982 1326 αὐτῷ,
999 1235 1056 1303 καὶ
1073 1231 1184 1323 ᾔτουν
1196 1251 1218 1290 ¹⁰

175 1333 402 1404 Ᾱάποδούναι
424 1331 541 1415 αὐτοῖς
566 1339 625 1422 τής
643 1334 860 1424 προρρήσεως
877 1333 937 1404 τόν
953 1333 1087 1422 μισθόν.
1123 1336 1183 1404 καὶ

211 1434 229 1506 ὁ
249 1437 347 1509 Λέων
374 1438 502 1522 ἕτοιμος
517 1427 573 1522 ,ήν
596 1435 680 1525 πρὸς
704 1439 822 1524 τούτο,
833 1437 891 1504 καὶ
908 1436 1017 1522 λέγειν
1033 1434 1131 1524 ήξίου
1150 1443 1185 1506 τί

210 1537 248 1607 τδ
269 1535 483 1626 αἰτούμενον.
514 1536 570 1605 καί
588 1533 609 1624 ή
626 1537 767 1625 βέβηλος
792 1539 902 1624 έκείνη
919 1543 990 1606 τῶν
1004 1535 1182 1608 Ἰουδαίων

211 1637 298 1719 δυάς
320 1635 422 1708 “ούτε
446 1632 618 1708 πλούτον”
643 1635 717 1707 εἶπε
736 1635 905 1726 “δοθήναι
927 1635 1010 1728 ἡμῖν
1029 1637 1181 1720 ἐξαιτού-

210 1752 301 1828 μεθα
325 1738 404 1808 οὔτε
434 1737 520 1827 πρός
551 1738 650 1827 δόξης
677 1736 870 1826 ἀναχθῆναι
894 1739 1068 1827 περιωπήν
1095 1738 1178 1808 οὔθ’
1194 1755 1214 1796 1⁵

212 1837 329 1928 ἕτερόν
346 1866 376 1908 τι
393 1845 463 1908 τῶν
480 1845 539 1926 τής
557 1846 729 1926 βασιλείας
743 1845 918 1930 λαμπρῶν,
937 1838 1014 1930 ἀλλ’
1033 1837 1054 1928 ή
1073 1840 1182 1928 μόνον

210 1939 249 2009 τό
265 1937 307 2009 τά
324 1945 386 2009 τού
405 1945 606 2034 Ναζωραίου
624 1943 681 2010 καί
705 1945 764 2028 τής
782 1939 888 2010 αύτδν
905 1941 1065 2030 τεκούσης
1084 1967 1181 2028 περι-
1257 1945 1260 2012 λ

212 2045 389 2130 αιρεθήυαι
415 2040 586 2110 πάντοθεν
610 2039 860 2131 έκτυποόματα.”
896 2044 953 2114 καί
970 2039 1008 2124 δς
1026 2041 1181 2130 ἀβέβαιος

107 2140 276 2212 W11185n'2'v
294 2143 372 2232 περὶ
388 2141 451 2232 τήν
475 2149 598 2230 πίστιν,
619 2139 731 2232 οἵσπερ
749 2171 780 2212 τι
795 2149 866 2212 τῶν
885 2150 1023 2214 είκαίων
1039 2143 1096 2212 καὶ
1115 2143 1180 2234 δή·
1258 2141 1260 2198 ό

211 2265 299 2314 στωυ
317 2250 418 2316 τούτο
436 2251 570 2332 ποιήσαι
588 2246 762 2332 συνέθετο,
788 2245 925 2314 καὶτοῦ
943 2243 1087 2314 δεκάτου
1104 2242 1181 2334 ἀρτι
1194 2261 1215 2302 ²0
1258 2267 1260 2332 }

211 2349 369 2416 ἐνιαυτοῦ
392 2353 451 2434 τής
477 2341 586 2416 αύτού
603 2343 807 2435 τυραννίδος
825 2341 1010 2434 ἀρξόμενος
1034 2347 1093 2416 καὶ
1117 2350 1179 2414 τοῦ

209 2458 393 2535 θεομαχεῖν
416 2443 538 2536 ἤρξατο
563 2447 619 2514 καὶ
642 2444 724 2534 μετά
748 2446 940 2536 φρικώδους
965 2446 1181 2535 βρυχήματος
1258 2437 1260 2454 ¹

209 2547 293 2616 κατά
324 2551 394 2616 τῶν
425 2550 557 2616 σεπτῶν
587 2545 730 2617 είκόνων
761 2547 926 2636 ε’χύρησε,
949 2549 1007 2616 καί
1031 2545 1183 2636 διωγμόν

175 2645 403 2735 Ββαρύτατον
418 2645 543 2734 ἤγειρε,
561 2647 706 2728 πολλούς
722 2675 759 2718 τε
776 2646 1025 2737 ἀνθεστηκότας
1042 2655 1085 2738 τῇ
1103 2652 1183 2731 έξα-

210 2754 315 2843 γίστῳ
333 2746 453 2838 γνώμη
471 2745 579 2818 αὐτού
597 2747 736 2819 ἐκόλασε
753 2751 810 2819 καὶ
826 2749 999 2840 μάρτυρας
1017 2747 1183 2840 ἀπειργά-
1198 2766 1222 2807 2⁵

211 2871 302 2920 σατο.
338 2849 421 2942 πρὸς
445 2849 483 2920 δέ
506 2864 577 2930 τοῖς
602 2848 715 2932 ἀλλοις
738 2845 788 2932 οἷς
806 2850 890 2921 κατά
906 2855 975 2920 τεόν
993 2849 1184 2938 εύσεβούυ-

213 2978 282 3020 των
305 2950 483 3041 είργάσατο
511 2951 692 3020 καὶτοῦτο
721 2959 913 3040 πεποίηκεν.
954 2951 1049 3034 οἶκος
1074 2945 1118 3040 -ήυ
1143 2955 1186 3022 ἐν

209 3059 252 3142 τῇ
270 3053 463 3142 καλουμένη
482 3057 639 3143 βασιλικῇ
657 3059 792 3139 ἔγγιστα
809 3059 877 3122 τῶν
895 3060 1185 3144 Χαλκοπρατείων

210 3159 399 3240 βασίλειος,
426 3155 463 3222 έν
488 3144 516 3244 ᾧ
539 3155 596 3222 καὶ
618 3160 729 3240 βίβλοι
752 3160 812 3242 τής
829 3180 866 3224 τε
882 3153 1040 3244 θύραθεν
1058 3161 1187 3243 σοφίας

210 3254 265 3320 καί
290 3259 349 3339 τής
374 3251 612 3342 εὐγενεστέρας
635 3255 692 3323 καὶ
715 3256 886 3346 θειοτέρας
909 3258 1032 3326 πολλαὶ
1055 3256 1182 3326 έυαπέ-
1199 3273 1224 3313 ³⁰

123 3443 130 3456 ,
210 3376 331 3420 κειυτο.
365 3345 409 3439 ήν
433 3348 466 3421 δ’
492 3345 591 3436 οὗτος
615 3353 783 3426 ἀνέκαθεν
812 3361 874 3426 τού
904 3357 1110 3447 προύχοντος
1142 3360 1188 3426 ἐν

211 3447 322 3530 λόγοις
345 3453 608 3542 κατοικητήριον,
631 3453 673 3526 δν
696 3457 932 3547 οίκουμενικόν
957 3459 1101 3529 έκάλουν
1125 3463 1185 3528 δι·
