2546 3822
357 219 429 271 LIB.
448 219 505 268 XV.
525 217 601 270 OAP.
620 221 694 272 XXI.
715 221 802 274 XXII.
992 219 1056 284 389

20 358 23 363 ’
90 357 311 442 ύποδείξοντα
337 373 407 440 τοῖς
435 368 652 449 συνίστορσιν
678 359 888 449 άπίστειλευ,
914 365 1054 432 ἕκαστον
1142 447 1149 460 ⁴
1188 451 1192 458 .

90 459 195 532 είποδυ
218 463 251 544 ἐξ
276 458 450 550 ὀνόματος,
473 463 529 530 καὶ
552 459 813 551 ὑποθησόμενον
838 462 960 542 νυκτός
978 491 1055 550 φοι-

89 569 184 651 τήσαι
208 561 293 654 πρός
310 561 350 631 τά
368 557 537 654 άυάκτορα
553 566 891 653 μεταμφιασαμένους
916 567 954 633 ἐν
971 565 1054 656 σχή-

89 691 164 753 ματι
181 669 348 752 κληρικύν
365 665 421 732 καὶ
439 667 565 752 ξιφίδια
590 665 803 755 κεκρυμμένα
821 665 1054 753 βαστάζοντας.

62 769 124 834 τοί
137 765 200 854 μὲν
217 757 282 834 ούν
299 757 383 852 ήκον
402 763 446 846 ὡς
465 765 712 856 ἐνεκάλθησαν·
737 765 813 850 άρτι
837 767 876 836 δὲ
893 769 970 856 περὶ
993 765 1054 857 ὅρ-

88 877 175 956 θρον
197 873 255 954 τῆς
278 866 401 948 νυκτός
425 869 607 956 γενομένης
630 861 714 956 ήκον
732 871 767 937 οί
781 870 948 955 βασιλικοὶ
965 869 1054 950 ψάλ-

89 995 160 1055 ται,
172 967 232 1049 τάς
257 966 347 1061 φ’δάς
373 967 511 1060 ᾅσουτες
528 969 587 1050 τάς
606 969 756 1050 ἑωθινός.
793 969 923 1050 τούτοις
941 968 959 1070 δ
978 981 1055 1042 Πα-

89 1077 166 1150 πίας
189 1071 246 1140 καί
269 1069 349 1150 τούς
365 1075 427 1140 τού
446 1071 582 1158 Μιχαὴλ
600 1078 802 1160 συνίστορας
820 1071 1053 1160 συνεισήγαγε,

88 1171 143 1240 καὶ
161 1176 196 1240 οί
211 1171 274 1260 μὲν
294 1175 330 1240 ἐν
347 1178 456 1264 γιουίρι
481 1173 546 1241 τινί
563 1174 619 1240 καὶ
637 1171 746 1265 σκότφ
764 1167 1087 1261 συόεκρύπτοντο·0

47 1305 75 1344 ιο
89 1277 125 1340 ot.
150 1272 271 1355 ψάλται
302 1272 341 1342 δὲ
369 1273 450 1354 τούς
473 1272 604 1362 ὕμνους
628 1266 724 1364 ήδον.
771 1271 838 1362 ήδη
863 1274 901 1343 δὲ
925 1273 1055 1343 τούτων

87 1371 370 1462 ύπερμεσούντιον
393 1376 451 1444 καὶ
474 1372 492 1444 ὁ
510 1374 669 1462 βασιλεύς
688 1383 735 1455 είς
752 1375 813 1445 τόν
830 1374 915 1444 ναόν
933 1375 1056 1463 ἐπεδή-

87 1496 181 1563 μησε,
200 1477 256 1544 καὶ
275 1471 432 1566 διάτορον
451 1483 537 1564 ἔχων
553 1478 720 1565 φθόγγον,
734 1475 925 1566 βαρύτατον
944 1475 982 1545 δὲ
999 1478 1056 1556 καὶ
1114 1559 1118 1566 .

87 1575 152 1645 σύν
169 1577 347 1665 τραχύτητι
363 1593 436 1658 ταῖς
454 1574 570 1657 άκοαῑς
589 1578 822 1666 είσδυόμενον,
843 1573 924 1670 ᾤετο
943 1575 1056 1664 εὐφυ-

87 1691 160 1746 νεϊν
185 1679 242 1746 καὶ
269 1677 356 1748 εἶναι
380 1678 654 1772 μελῳδικοότατος
672 1679 728 1748 καὶ
746 1679 968 1768 κατάρχεσθαι
986 1683 1055 1746 τῶν

48 1810 76 1850 15
91 1777 210 1868 ύμνων
228 1779 349 1849 είύθτι.
385 1780 460 1851 τότε
476 1787 597 1850 τοίνυν
608 1779 696 1861 ,στάς
714 1781 914 1868 ἐξεφύνησε,

238 1886 286 1973 τῷ
304 1882 534 1962 παντάυακτος
554 1881 777 1968 ἐξεφαύλισαν
793 1882 901 1974 πόθῳ.

85 1983 142 2049 καί
153 1979 276 2060 αύτίκα
289 1989 348 2070 τής
361 1989 487 2069 γωνίας
500 1987 536 2051 οί
545 1979 618 2050 κατ’
639 1978 748 2053 αύτού
764 1983 1003 2071 μελετήσαντες
1016 1995 1051 2046 W
1060 1993 1157 2048 111109

86 2084 143 2150 καὶ
166 2087 228 2152 τού
252 2085 392 2164 σκότους
419 2085 595 2172 ἐξέθορον,
619 2083 660 2152 τά
681 2089 764 2172 ξίφη
783 2084 1000 2172 σπασάμενοι.
1036 2082 1055 2153 ὁ

86 2183 124 2252 δὲ
143 2185 257 2264 συνείς
282 2184 320 2254 τό
347 2183 522 2274 δρώμενον
546 2187 722 2276 εἰσέδραμε
745 2183 783 2254 τό
802 2185 1055 2274 θυσιαστήριον,

43 2316 73 2356 20
86 2287 144 2353 καὶ
173 2290 208 2354 οί
229 2283 336 2356 αύτού
360 2287 399 2356 δὲ
422 2282 592 2374 άναιρίται
622 2289 811 2375 ἐφείποντο,
843 2283 941 2354 κάκεῖ
970 2284 1084 2376 πρός.

85 2383 201 2455 αὐτῶν
227 2395 367 2467 πολλαῖς
390 2387 617 2476 κατατρωθεὶς
640 2402 714 2468 ταῖς
739 2395 884 2476 πληγαῖς
910 2387 967 2456 καδ
991 2385 1089 2474 τήυχ)

83 2501 183 2576 χεῖρα
207 2483 411 2576 άποτμηθεὶς
436 2489 530 2568 τέλος
556 2487 710 2578 άφήρητο
736 2489 793 2558 καὶ
812 2487 874 2577 τήν
891 2487 1055 2576 κεφαλήν,

83 2589 289 2674 βασιλεύσας
314 2587 414 2677 άμιός
439 2618 474 2660 τε
500 2591 557 2659 καὶ
581 2587 712 2679 άσεβιός
738 2593 794 2660 ἐπὶ
818 2597 875 2680 ἔτη
901 2589 981 2660 ἑπτά
999 2591 1056 2658 καὶ

82 2693 194 2777 μῆνας
225 2693 334 2760 πέντε.
380 2693 437 2760 καὶ
467 2689 485 2761 δ
518 2692 581 2780 μὲν
612 2694 743 2762 ἐκείνου
774 2692 892 2780 νεκρός
918 2699 965 2772 είς
996 2691 1056 2760 τόν
1095 2705 1097 2708 ’

36 2818 68 2859 25
77 2789 307 2880 Ἱππόδρομον
330 2791 517 2882 συρόμενος
543 2799 685 2885 ἔρριπτο.
731 2790 749 2861 ὁ
780 2793 819 2860 δὲ
844 2791 978 2879 Μιχαὴλ
1009 2797 1057 2860 ἔτι

81 2889 166 2971 τούς
190 2891 297 2974 πόδας
324 2891 373 2962 ύν
398 2893 630 2983 σιδηρόδετος,
656 2891 677 2980 ή
703 2893 794 2972 κλεὶς
817 2891 883 2981 γάρ
908 2889 971 2982 ούχ
995 2890 1055 2966 εύ-

83 3019 168 3081 ρητο
201 2999 271 3063 τόν
309 2999 462 3083 δεσμόν,
504 2991 627 3064 αύτίκα
662 2999 725 3062 τού
761 2995 906 3073 Λέοντος
948 2990 1056 3080 αύτήν

81 3092 264 3179 ἐγκόλπιον
299 3095 479 3184 φέροντος,
513 3091 695 3183 εύφημήθη
725 3095 782 3163 καὶ
817 3093 1055 3184 προσεκυυήθη

80 3192 129 3274 ὡς
153 3196 320 3282 βασιλεύς.
362 3195 433 3266 εἶτα
464 3203 533 3266 τῶν
557 3192 703 3286 σιδήρου
726 3197 974 3285 θραυσθέντων
1009 3202 1109 3276 είς22

33 3325 64 3365 εο
79 3295 147 3384 τήν
177 3297 327 3385 μεγάλην
355 3301 535 3386 ἐκκλησίαν
565 3295 721 3386 άφίκετο,
752 3295 1058 3384 ταιυιυθησόμευος

80 3397 282 3493 διαδήματι,
313 3397 375 3486 τήν
408 3406 605 3488 μιαιφονίαν
635 3395 718 3488 παρ’
749 3397 853 3468 ούδὲν
884 3397 1059 3486 λογισάμε·«
1177 3449 1180 3454 -

77 3526 153 3581 νος.
195 3498 258 3588 τήν
289 3500 327 3569 δὲ
352 3505 413 3569 τοῦ
439 3503 583 3582 Λέοντος
607 3499 757 3589 γαμετήν
782 3499 839 3569 καὶ
862 3498 942 3580 τούς
972 3501 1159 3618 παί-ῙλῙῙῙῧὸ
