2580 3816
202 189 265 254 246
495 191 569 242 τιτι.
588 191 664 242 xm.
684 189 763 242 cAP.
782 191 880 246 εχιτ,
1261 213 1271 305 η

199 328 412 420 Οόανσήλων
430 331 580 420 πόλεμον
596 329 767 424 ἀραμένῳ,
785 329 994 420 αἰχμάλωτος
1012 329 1076 401 σόν
1096 331 1162 398 ἑτέ·
1263 317 1271 428 ή

163 462 267 522 Βροις
284 441 451 514 πλείστοις
470 432 636 520 ἑαλωκός,
656 435 692 502 ἐν
709 429 801 522 αάλῆ
818 459 882 502 τινι
897 431 981 522 μετά
999 437 1069 501 τοῖν
1086 453 1164 501 συν·
1262 451 1271 520 ’ζ

197 533 416 626 αιχμαλνότιου
438 533 662 624 πεφροόρητο.
698 533 834 603 ἀνωθεν
859 534 898 603 δὲ
922 531 1029 602 ότιόν
1050 531 1163 604 Οὕαν-
1269 547 1271 554 ’

197 637 311 726 δήλων
336 633 482 724 ἀρχηγός
508 633 686 724 προκύψας
705 634 880 706 ἐπεσκόπει
896 633 977 716 τούς
996 633 1163 723 αίχμαλό-

196 766 294 824 τους,
319 739 377 812 καί
392 735 457 829 όρηῖ
474 733 629 818 κάκεῖνος
645 735 856 827 κοιμώμενον
872 733 934 805 τόν
952 735 1190 826 Μαρκιανόν,τ

197 841 253 909 καί
277 835 377 910 ἀετόν
401 838 538 908 ἀνωθεν
567 833 676 908 αότοά
706 841 899 928 σιηρμέναις
928 853 1002 918 ταῖς
1032 839 1168 927 πτέρυξι

197 939 296 1012 σκιάν
314 938 406 1033 αὐτῷ
430 939 660 1032 ἐργαζόμενον.
695 937 851 1021 κάκεῖνος
869 946 987 1009 τοίνυν
1005 945 1050 1020 είς
1069 945 1166 1026 βασι-

197 1050 294 1114 λείαν
316 1048 440 1112 τείνειν
463 1039 501 1112 τό
527 1040 638 1132 ὅραμα
661 1047 850 1129 οίωνίσατο,
874 1041 931 1110 καὶ
948 1039 1166 1130 μεταπεμψό-

196 1171 296 1234 μενος
321 1142 382 1213 τόν
400 1141 604 1234 Μαρκιανόν
628 1138 801 1234 ἀπήτησεν
817 1137 936 1229 αὐτόν,
961 1149 993 1212 εί
1006 1139 1167 1230 βασιλεύ-

196 1267 281 1332 σειε,
304 1243 350 1333 μή
374 1254 534 1334 πολεμεῖν
554 1240 782 1333 Ουἀνδήλοις·
814 1250 876 1314 τοῦ
894 1243 934 1314 δὲ
951 1244 1166 1334 συνθεμένου
1182 1277 1206 1316 ιο

197 1345 368 1417 ἀπέλυσεν
393 1343 500 1416 αὐτόν
523 1348 581 1434 τῆς
613 1351 754 1434 είρκτῆς.
790 1345 880 1416 οὕτω
910 1345 973 1434 μὲν
1003 1334 1068 1416 οάν
1098 1345 1165 1432 πρὸ

196 1453 329 1539 μακροῦ
351 1447 414 1535 τήν
439 1454 612 1536 βασιλείαν
633 1445 730 1540 αὐτῷ
757 1447 1003 1539 προεσήμαινεν
1020 1445 1047 1528 ,ὁ
1068 1446 1163 1526 θεός.

196 1549 271 1620 τότε
297 1547 329 1618 δ’
357 1554 405 1630 είς
436 1555 535 1640 ἔργον
568 1548 764 1638 έκβεβήκασι
786 1547 826 1618 τά
858 1546 1166 1640 προσημαινόμενα,
1270 1551 1271 1554 ’

196 1652 253 1720 καί
289 1647 412 1720 αὐτίκα
445 1659 677 1739 μετακαλεῖται
711 1649 793 1732 τούς
828 1649 1024 1732 ξενίσαντας
1059 1644 1168 1718 αάτόν

198 1750 367 1840 ἀδελφοὺς
398 1751 454 1820 καὶ
478 1747 804 1841 εάαχχελισαμένους
835 1749 929 1844 αὐτῷ
959 1749 1021 1840 τήν
1047 1749 1169 1841 ἀρχήν,
1184 1781 1207 1820 ιτ

163 1853 253 1928 cnoel
276 1850 337 1921 τόν
360 1851 424 1940 μέν
447 1851 613 1922 Τατιανόν
637 1859 784 1944 ἔπαρχον
806 1859 865 1942 τῆς
882 1853 1010 1935 πόλεως
1026 1847 1166 1946 ἀναδεί-

194 1975 328 2042 κνυσιν,
350 1950 479 2048 Ἰουλίῳ
499 1953 537 2024 δέ
553 1954 616 2043 τήν
633 1961 705 2025 τάν
720 1950 895 2045 Ἰλλυριῶν
913 1953 1019 2046 ἀρχήν
1039 1957 1169 2043 ένεχεί-

197 2075 277 2146 ρισε.
314 2055 433 2143 γέγονε
458 2056 496 2126 δέ
526 2057 603 2146 περὶ
634 2055 761 2138 πάντας
790 2055 942 2147 χρηστός.
974 2054 1061 2126 ἶκατά
1086 2053 1170 2138 τούς

196 2157 339 2250 χρόνους
356 2157 497 2240 τούτους
516 2157 576 2228 τόν
595 2160 631 2227 έν
644 2159 846 2250 Βλαχέρυαις
865 2157 951 2228 ναόν
967 2163 1026 2246 τῆς
1044 2157 1170 2228 θεονό-

195 2286 258 2329 κου
288 2257 308 2348 ή
335 2267 527 2350 Πουλχερία
550 2257 723 2350 ἀνήγειρε,
754 2260 811 2328 καὶ
840 2256 1022 2349 ήτετάρτη
1047 2253 1208 2346 χέχουεεο

197 2360 358 2447 σύνοδος,
383 2361 527 2441 Λέοντος
549 2365 611 2429 τοά
635 2358 730 2429 πάπα
751 2357 875 2450 Ῥώμης
898 2361 956 2430 καὶ
971 2359 1170 2431 Ἀνατολίου

195 2467 265 2544 τοῦ1
282 2459 486 2550 πατριάρχου
510 2464 569 2548 τῆς
592 2461 671 2542 νέας
692 2459 815 2550 Ῥιόμης
849 2463 1081 2551 αἰτησαμένων
1107 2461 1172 2532 τόν

194 2561 333 2648 βασιλέα
352 2557 554 2650 Μαρκιαυόν
577 2561 622 2650 μή
646 2577 758 2650 μεῖναι
782 2561 921 2651 ἀζήτητα
946 2562 986 2632 τά
1004 2562 1089 2632 κατά
1106 2561 1172 2632 τόν

193 2659 446 2751 Ἀλεξανδρείας
466 2663 655 2754 Λιόσκορου
680 2663 820 2735 καὶτὸν
844 2659 983 2754 Εὐτυχῆ
1013 2666 1071 2733 καὶ
1101 2663 1171 2736 ὅσα

197 2760 278 2854 παρ’
298 2758 411 2833 αὐτόν
430 2769 477 2846 είς
495 2763 556 2834 τόν
575 2764 756 2855 ίερσότατον
774 2765 941 2855 ἐτολμήθη
961 2765 1172 2854 Φλαβιαυόν.
1189 2794 1217 2836 τε

197 2862 329 2956 ἀρίσθη
346 2871 467 2935 τοίνυν
480 2864 629 2936 σόνοθου
647 2867 819 2954 γενέσθαι,
834 2868 891 2936 καὶ
905 2874 1173 2957 συνηθροίσθη-

195 2987 260 3035 σαν
287 2973 334 3050 είς
352 2956 412 3036 τόν
431 2970 468 3037 έν
487 2966 679 3055 Χαλκηδόνι
700 2966 786 3038 ναὸν
804 2973 862 3056 τῆς
881 2967 978 3056 ἀχίας
995 2968 1177 3059 μάρτυρος
1270 3043 1271 3048 1

197 3063 376 3156 Εὐφημίας
394 3069 556 3158 θεοφόροι
569 3070 708 3158 πατέρες
726 3068 889 3152 ἑξακόσιοι
906 3070 962 3140 καὶ
976 3068 1178 3159 τριάκοντα.

197 3169 337 3256 ἐξῆρχον
355 3168 394 3237 δέ
407 3167 537 3240 τούτων
551 3167 678 3240 Λέωνό
694 3169 806 3251 πάπας
816 3169 942 3260 Ῥώμης
959 3173 1016 3240 καὶ
1034 3167 1051 3241 ὁ
1067 3179 1180 3242 Κων-

162 3288 187 3335 D
198 3268 504 3350 σταυτινουπόλεως
514 3268 699 3351 Ἀυατόλιος
717 3273 772 3340 καὶ
787 3269 1005 3359 Ἰουβενάλιος
1019 3269 1181 3362 Ἱεροσο-
1198 3304 1225 3346 το

199 3362 322 3448 λύμαν.
343 3367 567 3457 συνήθροιστο
582 3370 619 3440 δὲ
632 3370 670 3440 τό
685 3378 754 3442 τάν
769 3373 923 3462 πατέρων
935 3379 1067 3462 πλῆθος
1080 3375 1183 3444 κατὰ

199 3463 389 3549 Λιοσκόρου
400 3470 454 3534 καί
464 3467 652 3558 Εότυχοῦς,
662 3473 871 3562 έτεροοόσιον
884 3472 966 3566 ήμῖυ
979 3474 1041 3564 τήν
1056 3472 1186 3567 σάρκα
