2566 3800
424 179 495 232 Lm.
507 179 570 232 ΧΠ,
588 179 666 230 οιΡ.
679 179 754 230 xx1.
1014 179 1073 244 137

1 362 2 392 2
107 333 328 408 χριστιανοίς,
357 319 412 388 καί
436 313 498 408 ούχ
520 307 621 406 ἦττον
642 325 788 406 Δεκίου,
820 318 968 410 διωγμόν
998 322 1072 396 κατ’

1 487 2 493 ,
108 416 221 490 αὐτων
239 423 369 508 ἐγείρας
393 421 449 489 καί
472 417 614 501 πολλούς
637 416 777 491 όντλοόν.
812 417 934 511 ἤρξατο
958 418 992 493 δ’
1012 413 1075 494 αό-

1 515 3 520 ’
106 533 164 604 θις
189 521 244 591 ἐπί
267 517 387 591 τούτου
412 515 433 609 ἡ
454 528 586 610 κίνησις
609 525 678 593 των
700 525 862 614 Περσῶν,
892 524 949 593 καί
977 553 1075 596 κατε-

1 718 2 722 ,
108 624 216 712 σχέθη
233 619 312 708 παρ’
335 617 448 693 αύττόν
464 620 485 712 ἡ
499 621 672 713 Ἀρμενία,
695 626 756 693 τού
773 621 895 713 ταύτης
912 627 1077 712 βασιλέως

1 743 2 747 ’
80 721 291 812 τΊλριδότου
309 720 495 812 φυγόντος,
519 729 587 794 τῶν
607 724 645 794 δὲ
671 731 804 795 παίδων
823 729 953 798 ἐκείνου
971 749 1078 817 προσ-

1 854 2 857 ’
108 829 260 916 ρυέντων
276 841 346 906 τοῖς
363 827 519 914 Πέρσαις.
555 827 611 895 καὶ
629 823 765 896 Σκύθαι
790 827 828 897 δέ
852 834 899 908 εἰς
916 825 978 916 τὴν
994 825 1077 900 Ἰτα-

108 934 186 997 λίαν
210 927 402 1016 εἰσέβαλον,
435 930 565 1016 πλῆθος
594 923 688 1010 ὅντες
717 925 837 1017 σχεδόν
866 927 1079 1020 δπερβαϊνον

1 1094 2 1099 ,
108 1029 164 1098 καί
195 1025 360 1118 ἀριθμόν,
392 1029 448 1098 καὶ
473 1033 692 1100 Μακεδονίαν
722 1030 778 1099 καί
804 1039 993 1101 Θεσσαλίαν
1019 1034 1075 1102 καί

103 1127 244 1203 Ἑλλάδα
262 1130 479 1218 κατέδραμον.
511 1130 640 1218 λέγεται
660 1129 697 1200 δέ
714 1127 842 1203 τούτων
858 1129 981 1222 μοίρόν
998 1160 1073 1204 τινα
1085 1155 1111 1204 B

1 1282 2 1285 ,
65 1259 95 1300 το
110 1231 166 1302 διὰ
191 1230 367 1319 Βοσπόρου
390 1233 628 1322 παρελθοῦσαν
651 1233 708 1302 καί
731 1230 794 1322 τὴν
816 1233 994 1304 Μαιώτιδα
1022 1241 1076 1305 λί-

107 1361 197 1423 μνην
213 1329 411 1421 ὑπερβᾶσαν
429 1333 483 1402 ἐπί
501 1331 559 1402 τόν
582 1329 745 1416 Εὔξεινον
765 1335 926 1422 γενέσθαι
951 1332 1088 1407 πόντον

109 1437 166 1504 καί
188 1430 298 1523 χώρας
322 1437 492 1526 πορθῆσαι
523 1432 656 1517 πολλός.
709 1437 767 1505 καὶ
796 1431 880 1505 ἄλλα
908 1436 946 1506 δὲ
971 1435 1079 1507 πολλοὶ
1100 1439 1101 1442 ’

129 1539 177 1608 τόν
209 1537 322 1606 ἐθυοόν
351 1533 425 1608 τότε
455 1532 538 1605 κατὰ
569 1540 627 1623 τῆς
654 1533 834 1626 Ῥωμαικῆς
870 1539 1079 1629 ἐπικρατείας

111 1633 319 1727 ωρμήκεσαν.
357 1632 515 1706 ἀλλὰκαὶ
534 1636 646 1727 λοιμός
662 1639 848 1726 τηνικαύτα
865 1653 937 1721 ταῖς
955 1636 1080 1728 χύραις
1105 1689 1107 1692 -

66 1762 96 1804 τε
111 1741 310 1827 ἐνέσκηψεν,
335 1739 368 1820 ἐξ
386 1743 571 1820 Αίθιοττίας
595 1734 776 1828 ἀρξόμενος
799 1741 856 1810 καὶ
873 1743 986 1811 ’πᾶσαν
1003 1761 1077 1830 σχε-

110 1835 172 1909 δόν
190 1839 404 1928 ἐπινεμηθείς
425 1837 538 1928 χώραν
561 1835 651 1933 ἑςόαν
676 1842 789 1911 τεκαὶ
815 1843 989 1934 ἑσπέριον,
1020 1843 1077 1912 καί

110 1937 234 2022 πολλός
258 1942 327 2010 των
350 1937 482 2011 πόλεων
505 1947 573 2020 τῶν
601 1941 784 2031 οἰκητόρων
812 1945 993 2030 ἐκένωσεν,
1022 1945 1077 2014 ἐπὶ

109 2047 349 2112 πεντεκαίδεκα
368 2043 545 2132 διαρκέσας
564 2041 746 2124 ἐνιαυτούς.
791 2047 826 2112 οἵ
846 2071 884 2130 γε
901 2042 968 2130 μὴν
986 2042 1077 2114 Σκύ-

109 2153 173 2213 θαι
191 2143 372 2232 τεταγμένα
395 2139 486 2234 παρὰ
504 2140 674 2232 Ῥωμαίων
700 2137 782 2212 αατόι
800 2140 975 2230 συνθήκας
992 2153 1077 2232 λαμ-

68 2241 271 2334 τοβόνοντες
303 2246 474 2333 ἐπετείως,
511 2241 611 2332 ἥκασι
641 2247 746 2313 ταύτα
776 2239 976 2332 ληψόμενοι,
1020 2247 1076 2314 καί

109 2343 232 2434 ἥττονα
255 2347 408 2435 λέγοντες
434 2345 521 2416 εἶναι
545 2351 613 2416 τῶν
638 2341 880 2435 ὑπεσχημένων
911 2343 951 2414 τδι
980 2351 1076 2434 σφίσι

111 2444 292 2536 διδόμενα,
309 2443 461 2538 ἀπῄεσαν
478 2442 721 2536 όιπειλούμενοι.
758 2443 954 2538 Αἰμιλιανός
974 2448 1014 2516 δέ
1028 2465 1079 2528 τις

109 2554 223 2636 Λίβυς
246 2545 349 2639 όιυηρ,
382 2545 495 2640 όρχων
524 2551 585 2618 τού
615 2551 651 2618 ἐν
676 2555 794 2640 Μυσίᾳ
819 2547 1113 2639 στρατεύματος,0

1 2712 2 2715 ,
110 2663 180 2730 τοῖς
198 2647 411 2740 στρατιιόταις
430 2646 552 2720 δαίσειν
574 2647 683 2720 πόντα
705 2648 746 2720 τὰ
768 2664 837 2732 τοίς
855 2647 1010 2732 Σκύθαις
1029 2657 1078 2744 διῂ

61 2777 99 2822 τε
114 2747 240 2838 δόμενα
263 2753 498 2839 ἐπηγγείλατο,
535 2756 566 2820 εί
592 2766 661 2832 τοῖς
686 2748 867 2841 βαρβάροις
891 2750 1079 2834 συνόψειαν

110 2849 266 2942 πόλεμον.
294 2857 327 2921 οί
345 2851 384 2921 δὲ
401 2847 596 2942 όπροόπτως
615 2851 812 2932 ἐπελθόντες
829 2867 898 2930 τοῖς
911 2849 1078 2939 Σκύθαις,

1 2962 2 2965 ’
110 2948 191 3042 όιτερ
215 2951 341 3042 όλίγων
361 2949 561 3024 ἀπέκτειναν
591 2949 758 3038 ἅπαντας,
793 2952 849 3020 καί
880 2948 1015 3040 λάφυρα
1046 2955 1080 3034 ἐξ

112 3055 253 3125 ἐκείνων
270 3063 408 3124 πλείστα
427 3051 639 3142 συνήγαγον,
663 3050 726 3140 τὴν
743 3049 856 3142 χόραν
873 3050 1080 3143 καταδρμόν-

110 3181 166 3236 τες
197 3153 318 3225 αύτιόν.
367 3158 528 3226 ἐντεῦθεν
552 3147 570 3224 ό
595 3150 791 3250 Αίμιλιαυδς
821 3150 1081 3244 ὑπερφρονήσας

62 3283 98 3325 το
110 3261 160 3348 τῷ
176 3255 420 3348 κατορθώματι,
437 3257 564 3346 μέτεισι
580 3253 657 3340 τοὺς
670 3252 729 3326 ὑπ’
747 3250 850 3326 αὐτόν
863 3252 1080 3345 στρατιώτας·

112 3359 170 3426 καί
182 3354 351 3448 Ῥωμαίων
369 3353 473 3428 αὐτόν
489 3353 755 3447 ἀναγορεύουσιν
772 3352 1009 3448 αὐτοκράτορα.
1044 3351 1081 3438 ός

112 3453 315 3542 αύτίκατόις
338 3455 498 3549 δυνάμεις
521 3456 657 3548 ιἰγείρας
682 3463 824 3530 ἔσπενδε
851 3455 914 3546 τὴν
939 3456 1082 3534 Ἰταλίαν
