2580 3816
409 161 480 212 οιο.
499 161 576 214 xm.
596 159 676 214 σεε.
696 163 797 214 xxm.
1026 161 1089 229 243

121 305 258 386 νωθράς
282 297 419 388 γνάμης
442 305 504 369 τοῦ
528 298 678 389 ἀδελφοῦ
702 301 833 371 τοιόνδε
857 329 886 370 τι
910 308 952 393 vy}
971 313 1089 374 Πουλ-

120 407 215 491 γερίηι
242 401 461 488 ἐπινενόηται.
505 409 677 493 ἔγγραφον
697 405 730 485 ἐξ
750 405 880 473 ἐκείνου
909 411 1089 496 συντίθησι

119 501 286 593 πράσεως,
306 499 349 584 ὡς
368 499 456 592 αὐτῇ
479 502 541 592 τὴν
561 502 766 591 Αῦγοῦσταν
784 501 958 576 Εῦδοκίαν
976 506 1089 595 πωλή-

120 625 253 692 σαντος,
284 605 341 674 καλ
362 601 408 684 τίς
433 604 548 695 ἕτερόν
577 633 609 674 τι
639 603 731 699 αῦτςό
756 611 1019 693 προσαγαγοῦσα
1048 606 1120 677 τὸυ

92 703 305 796 οιάνητήριον
336 711 447 776 ἔπεισε
475 712 655 794 βεβαιῶσαι
681 713 723 796 vy}
754 714 862 798 οἰκείγ
887 705 1087 798 ῦπογραφῇ,

118 805 190 876 εἶτα
221 807 516 896 μετακαλουμέυην
547 805 626 898 παρ’
661 810 791 878 ἐκείνου
823 805 885 896 τήν
912 804 1088 880 Εῦῦοκίαν

116 905 251 978 ἀπιέναι
268 906 331 978 οῦκ
355 919 438 978 εία..
455 909 615 997 ἐρομένου
633 909 672 978 δὲ
690 908 754 998 τὴν
771 915 883 980 αἰτίαν
901 915 961 978 τοῦ
981 905 1085 980 αῦτο·

115 1009 289 1100 κράτορος,
307 1007 344 1078 τὸ
363 1009 547 1100 κρατήρων
564 1008 585 1097 ἡ
605 1017 799 1101 Πουλχερία
817 1008 910 1104 αὐτῷ
929 1011 1083 1100 ἐνεφάνι-

116 1133 165 1198 σε,
184 1113 241 1180 καὶ
259 1110 366 1206 οὕτως
383 1110 523 1199 ἤλεγξεν
537 1107 642 1181 αὐτὸν
656 1111 763 1182 πολλά
777 1110 1082 1202 ὑποσημαίνεσθαι,

1 1260 2 1265 1
77 1209 140 1282 τοῦ
158 1211 234 1282 σῦκ’
254 1211 347 1282 ολιλεν
364 1209 438 1280 οὔτ’
459 1223 539 1294 ἴσως
556 1211 713 1301 βοῦλεται
730 1220 896 1300 γίνεσθαι.
930 1214 1005 1284 τότε
1022 1215 1085 1303 μὲν

116 1306 182 1384 οῦν
203 1319 263 1402 τῆς
287 1316 523 1402 πεπλασμένης
542 1317 671 1402 ἐκείνης
691 1315 844 1405 πράσεως
864 1315 1086 1406 σχολασάσης,

114 1411 136 1502 ἡ
155 1415 285 1502 βασιλὶς
303 1412 510 1502 ἀποκατέστη
526 1421 574 1509 τῷ
592 1413 823 1506 αὐτοκράτορι.
859 1415 1031 1505 μετέπειτα
1049 1417 1083 1485 δ’

116 1522 225 1596 αἰτίας
251 1515 425 1605 συμβάσης
448 1515 550 1604 τινός,
569 1514 748 1609 ἀπέστερξε
765 1516 828 1605 την
846 1515 1086 1604 Αῦγοῦστανὸ

1 1683 2 1689 ,
113 1616 286 1704 βασιλεῦς·
305 1610 326 1705 v}
346 1614 379 1686 δ’
399 1623 501 1704 αἰτία,
516 1623 624 1710 μῆλον
636 1616 810 1709 ῦπερφυὲς
824 1624 872 1698 είς
892 1613 993 1704 ῦγκον
1009 1621 1083 1688 ἐκο-

74 1747 103 1788 15
115 1726 224 1808 μίσθη
241 1723 289 1811 vy3
306 1725 444 1805 βασιλεῖ.
471 1717 489 1788 ὁ
508 1719 545 1787 δὲ
562 1725 663 1788 τοῦτο
679 1717 859 1808 θαυμάσας
876 1725 919 1809 vy}
937 1725 1086 1808 βασιλίδι

115 1817 306 1906 ἀπέστειλε,
330 1817 468 1907 κάκείνη
492 1825 539 1912 τῷ
557 1826 721 1914 Παυλίνῳ
745 1819 783 1890 τό
801 1826 909 1909 μῆλον
927 1822 1084 1891 δέδωκεν.

114 1914 158 2010 ἦν
176 1921 213 1990 δὲ
230 1920 341 2008 λόγιος
359 1918 376 1989 ὁ
391 1915 489 2009 ἀνήρ,
503 1915 694 1990 κάντεῦθεν
706 1927 748 2011 vy}
761 1928 939 2012 βασιλίσσῃ
955 1920 1082 2015 ηάκείω-
1093 1943 1119 1993 Ι)

114 2050 161 2092 το.
186 2020 204 2092 ὁ
223 2022 262 2092 δὲ
278 2020 317 2090 τῦ
336 2027 397 2090 τοῦ
414 2021 523 2110 μήλου
536 2023 680 2110 μέγεθος
694 2017 857 2108 ἀγασθεὶς
873 2023 931 2090 καὶ
948 2017 1085 2109 ἀγνοῶν

115 2124 193 2212 περὶ
217 2119 323 2194 αῦτοῦ
348 2122 511 2213 προσάγει
534 2127 635 2192 τοῦτο
660 2127 708 2215 τῷ
726 2128 868 2209 βασιλεῖ.
905 2122 1082 2202 ἐκείνοςιί

69 2256 102 2296 νο
116 2225 246 2312 ἐπέγνω
263 2221 301 2293 τῦ
321 2225 527 2313 προσαχθέν,
541 2223 598 2292 καὶ
611 2222 745 2313 κρῦφας
759 2219 843 2292 αῦτό
858 2221 921 2309 την
939 2237 1085 2308 γυναῖκα

110 2324 263 2415 ἠρώτησε
286 2340 348 2394 ποί
369 2331 453 2412 δῆτα
479 2323 517 2393 τῦ
543 2325 665 2394 σταλὲν
691 2321 778 2414 αὐτῇ
795 2322 905 2412 μῆλόν
923 2325 1021 2392 ἐστιν.
1057 2323 1079 2412 ἡ

69 2471 72 2474 -
111 2427 149 2496 δὲ
167 2442 291 2516 φαγεῖν
309 2424 381 2496 εἶπε
397 2431 509 2512 τοῦτο,
527 2430 668 2496 δείσασα
686 2425 731 2515 μὴ
750 2423 768 2496 ὁ
783 2423 870 2515 ἀνὴρ
883 2421 1081 2515 ῦποπτεῦση

111 2527 131 2597 ὃ
160 2530 287 2608 ἐκεῖνος
304 2523 370 2615 ἤδη
386 2526 621 2598 ῦπιάπτευσεν.
648 2525 667 2596 ὁ
686 2525 719 2597 δ’
739 2532 786 2596 ἔτι
803 2525 988 2615 προσήρετο
1007 2527 1081 2596 ἐπι-

112 2628 348 2716 τατικάτερον·
379 2626 400 2717 v}
418 2623 452 2698 δ’
472 2621 575 2709 αὖθις
592 2625 671 2717 μεθ’
693 2627 797 2715 ὅρκον
821 2641 945 2717 φαγεῖν
961 2626 999 2698 τὸ
1016 2633 1083 2716 μῆ-

67 2757 98 2800 25
113 2737 175 2798 λον
191 2726 432 2818 ἀπισχυρίζετο.
458 2729 565 2816 ἐξάγει
581 2735 680 2800 τοῦτο
692 2728 812 2818 μεστὸς
829 2727 847 2798 ὁ
866 2727 1082 2819 αὐτοκράτωρ

113 2828 228 2919 ὀργῆς.
263 2826 364 2916 καὶὴ
392 2829 455 2918 μὲν
480 2825 534 2898 ἐπ’
554 2826 743 2923 αάτοφάρφ
763 2829 848 2898 ἑάλω
865 2827 910 2917 μὴ
929 2826 1082 2915 ἀληθεῦ-

112 2952 208 3002 ονσα,
244 2935 292 3024 τῷ
310 2929 349 3000 δὲ
361 2929 401 3020 τά
419 2935 477 3018 τῆς
494 2929 658 3011 ῦπονοίας
678 2929 858 3018 ἐστήρικτο.
892 2925 1082 2998 κάντεῦθεν

7 3051 9 3058 ·
111 3041 274 3104 κτείνεται
296 3031 359 3120 μὲν
383 3029 594 3111 ὁΠαυλῑνος
620 3034 653 3114 ἐξ
676 3023 841 3110 ῦπονοίας
866 3027 1079 3116 φευδοῦς,ἡ

112 3131 145 3202 δ’
165 3129 319 3204 Εῦδοκία
344 3139 516 3222 μεμίσητο.
553 3131 609 3202 καὶ
633 3131 757 3222 ᾔτησεν
775 3127 939 3200 ἀπελθεῖν
958 3135 1005 3209 είς
1018 3127 1080 3200 Ἱε-

64 3264 96 3304 εο
113 3234 302 3326 ροσόλυμα,
329 3241 415 3304 ἔνθα
438 3232 486 3321 δη
506 3230 705 3306 ἀπελθοῦσα
730 3230 796 3302 σῦν
820 3230 954 3324 πλοῦτφ
978 3236 1082 3318 βαθεῖ

111 3334 217 3416 ναοῦς
242 3361 278 3405 τε
308 3337 464 3423 ἐδείματο
490 3333 547 3406 καλ
572 3332 679 3403 πολλά
704 3349 775 3413 τοῖς
798 3333 992 3421 πενομένοις
1022 3332 1182 3403 καλΡΙΙεσ

111 3451 181 3517 τοῖς
201 3438 270 3506 ἐκεί
284 3442 517 3524 μοναστηρίοις
536 3437 693 3505 δέδωκεν.
729 3436 862 3504 ἐκεῖθεν
879 3433 917 3503 δὲ
936 3418 1115 3514 ἐπανελ·,Α

813 3544 876 3609 16*
