2546 3822
416 215 487 266 ιιο.
507 213 568 267 xv.
588 215 666 266 οΑΡ.
686 215 743 266 xv.
1004 215 1067 282 373

98 353 246 446 ἀρχηγοά
270 359 306 424 ολ
320 344 510 446 Βοάλγαροι
529 355 673 424 ἐκάλουν
697 361 902 444 κατοίκησιν,
920 359 977 427 καλ
995 373 1066 440 τοῖς

99 461 227 528 ἐκείνου
245 463 392 546 ταμείοις
410 462 600 545 σφραγῖδας
619 459 802 545 ἐπιβαλεῖν,
822 455 866 537 ώς
884 455 949 546 ῆὸη
967 487 1066 544 γενο-

96 560 207 648 μένοις
231 555 351 645 αὐτοῦ,
374 558 431 626 καὶ
448 557 595 638 πολλοάς
613 563 682 627 τών
700 564 835 628 οίκείωυ
854 557 912 628 διά
930 559 1068 630 σκάλων

97 659 252 750 ἀρπαγῆν
269 656 531 749 τιμωρήσασθαι.
567 665 630 729 του
649 659 687 729 δὲ
705 658 1066 750 Κροάμουάποὸεὸει-

72 761 264 856 ὄλιακότος,
277 763 334 830 καὶ
361 761 569 842 ἱκετεύοντος
587 767 770 850 φείσασθαι
788 767 849 830 τοῦ
868 768 992 844 ἔθνους
1010 764 1067 832 καλ

3 863 4 868 ’
99 859 153 951 ἐφ’
179 867 265 942 οἵαις
288 859 332 931 ἀν
355 861 511 950 βοάλοιτο
530 863 719 951 συνθήκαις
738 870 941 933 σπείσασθαι
961 859 1066 956 αάτρῖ,

97 961 260 1052 όγκωθελς
275 967 414 1044 ’ἐκεῖνος
444 969 492 1057 τῷ
524 961 726 1054 εότυχήματι
755 963 815 1045 τάς
847 963 996 1046 σπουδάς
1023 965 1103 1035 0άο

98 1067 296 1158 προσήκατο.
332 1063 505 1153 ἀπογνοάς
530 1057 592 1136 οὖν
610 1064 628 1135 ὁ
646 1069 817 1156 Κροάμος,
835 1067 893 1136 καλ
909 1064 971 1136 τόν
988 1068 1067 1157 περὶ

97 1173 205 1256 ψυχῆς
229 1167 293 1255 ῆάη
318 1167 526 1256 λογιζόμενος
549 1169 660 1256 θέειν,
686 1166 744 1249 τάς
764 1169 885 1237 ἑαυτοῦ
905 1168 1068 1257 δυνάμεις

56 1297 83 1336 10
97 1267 301 1356 συναγαγών
323 1269 380 1337 καλ
407 1268 518 1356 λόγοις
536 1277 794 1360 παρακλητικολς
813 1270 1068 1358 παρακροτήσας

96 1363 232 1458 αάτοός,
258 1375 363 1440 ἔπεισι
385 1369 509 1450 νυκτός
535 1361 587 1439 ἔτι
605 1367 709 1459 οάσης
727 1369 810 1440 κατά
827 1376 885 1458 τῆς
903 1375 973 1440 τών
987 1369 1068 1440 Ῥω-

95 1478 203 1560 μαίων
217 1477 429 1560 παρεμβολῆς
443 1469 645 1560 ἀφυλάκτως
658 1473 876 1562 κοιμωμένων
890 1469 1068 1542 ἀπάντων

95 1571 140 1662 μή
158 1571 222 1662 γάρ
241 1569 285 1642 άυ
303 1599 384 1642 ποτε
400 1579 561 1661 τολμῆσαι
579 1571 797 1696 συμμίξαι’
753 1588 869 1654 αυτοῖς
882 1571 962 1656 τοάς
979 1581 1069 1664 βαρ-

94 1673 276 1764 βάρουςξ
244 1677 276 1756 ἐξ
302 1671 464 1754 ἀπονοίας
488 1673 653 1799 πρλλῆς’
633 1674 750 1768 ρίοντο,
769 1676 825 1744 καὶ
844 1670 965 1744 αὐτίκα
983 1673 1067 1744 κατά

55 1801 81 1842 ιε
95 1781 152 1862 τῆς
169 1781 340 1864 βασιλείου
359 1778 484 1899 σκηνῆς
495 1773 708 1900 ώρμήκεσαν,
726 1773 820 1844 καλ’
801 1792 988 1867 αυαιρειται
1004 1805 1069 1866 μευ

95 1874 339 1967 όΝικηφόρος,
365 1875 404 1946 τό
430 1871 466 1945 δ’
492 1875 582 1956 ὅπως
600 1875 771 1966 ῆγυόηται.
809 1879 938 1964 λέγεται
956 1878 994 1948 δέ
1011 1879 1068 1946 καὶ

94 1977 186 2070 παρά
217 1984 287 2048 τών
319 1984 453 2048 οίκείων
489 1974 754 2068 ἀυαιρεθῆυαιῆ
782 1979 1065 2070 πρωτουργησάν-

94 2107 162 2150 των
194 2079 258 2168 τῆν
293 2082 423 2150 ἐκείνου
462 2078 596 2168 σφαγήν
630 2077 651 2166 ῆ
682 2085 750 2149 τών
784 2080 848 2168 μὲν
882 2081 1103 2170 βαρβάρωνι)

95 2183 366 2272 καταρξαμένων,
392 2187 461 2251 τών
492 2181 530 2250 δέ
552 2179 725 2270 Ῥωμαίων
752 2182 1068 2271 έπεξεργασαμέυων

55 2283 158 2352 εοτόν
192 2283 301 2372 φόνον
335 2281 396 2352 τόν
430 2287 490 2352 τοῦ
526 2279 719 2370 ἀλάστορος.
779 2279 992 2372 τιτρώσκεται
1029 2283 1068 2350 δὲ

95 2385 153 2454 καὶ
184 2383 201 2454 ὁ
235 2383 445 2473 Σταυράκιος
481 2382 603 2472 μεταξὺ
637 2388 698 2453 του
731 2381 823 2472 ώμου
855 2387 915 2451 τοῦ
954 2387 1067 2466 δεξιοῦ

93 2487 229 2556 καὶτοῦ
248 2488 422 2574 τένοντος,
447 2487 504 2556 καὶ
531 2483 751 2574 ἀναιροῦνται
776 2485 894 2554 πολλοὶ
917 2484 981 2572 μὲν
998 2489 1070 2554 τών

43 2666 46 2672 .
95 2591 132 2656 έν
158 2581 360 2678 ὑπεροχαῖς,
391 2593 460 2657 τών
492 2589 528 2655 ἐν
559 2587 663 2674 τέλει,
686 2591 756 2655 τάν
782 2589 819 2656 ἐν
844 2595 1069 2677 στρατηγίαις,

95 2713 164 2756 των
184 2693 221 2758 ἐν
240 2687 415 2778 ἀξιώμασι,
435 2716 503 2757 των
522 2684 556 2756 ὃ
579 2640 687 2769 ἀλλόις
707 2691 994 2776 στρατευομένων,
1012 2689 1070 2756 καὶ

51 2815 79 2856 25
93 2791 163 2858 τών
180 2797 239 2880 τῆς
257 2796 428 2879 βασιλικῆς
452 2787 601 2889 υπηρεσί
599 2819 637 2872 ας
586 2791 711 2858 ίκαὶ
729 2816 798 2858 των
816 2795 944 2858 λοιπιόν
961 2798 1068 2876 θερα-

91 2889 230 2962 πόντων
256 2886 338 2962 οὐδὲ
364 2886 553 2980 ἀριθμητοί.
590 2889 798 2980 διαρπάζεται
817 2890 855 2958 δέ
873 2887 1068 2978 ξυμποσαῆ

3 2989 5 2992 ’
92 3019 156 3062 του
182 2990 391 3082 βασιλέως
372 2990 543 3080 αποσκευῆ
567 2991 671 3062 καλ“
649 3017 740 3062 απαν
757 2991 794 3061 τό
814 2998 883 3061 τών
897 2988 1070 3080 Ῥωμαίων

90 3093 290 3184 χαράκωμα,
308 3121 365 3162 και
354 3095 589 3185 περιγίνεται
602 3109 672 3175 τοῖς
686 3093 866 3185 βαρβάροις
885 3093 942 3162 καὶ
959 3099 1070 3162 πλοῦ-

90 3222 149 3275 τος
169 3194 295 3284 συχνός
320 3197 377 3264 καὶ
401 3195 489 3266 ὅπλα
506 3195 613 3264 πολλά
631 3197 687 3266 καὶ
705 3199 807 3276 ἵππος
824 3203 939 3286 μυρία.
974 3195 1071 3282 μόλις

46 3323 75 3363 ιο
91 3294 128 3364 δ’
157 3289 221 3366 οάυ
245 3293 263 3367 ὁ
284 3295 495 3388 Σταυράκιος
519 3297 741 3384 περισώζεται,
766 3297 823 3366 καὶ
848 3295 938 3377 ὅσοις
961 3293 982 3383 ῆ
1009 3293 1070 3377 υόξ

90 3399 240 3489 παρέσχε
258 3406 379 3468 λαθεῖν
397 3398 521 3487 λόχμας
539 3396 686 3468 ὑποόάσι
704 3399 760 3466 καὶ
779 3401 837 3486 έλη
860 3399 917 3467 καὶ
934 3395 1175 3478 τοιαῦτάςιῃχς
1268 3407 1269 3414 ’

90 3527 178 3570 τινα.
206 3498 267 3568 τόν
285 3499 323 3569 δέ
341 3505 403 3570 τοῦ
420 3501 582 3587 βασιλέως
597 3498 797 3589 Νικηφόρον
815 3498 938 3589 νεκρόν
956 3492 1107 3587 λαβώνΑ
1267 3529 1269 3584 η
