2546 3822
404 199 475 254 LIB.
495 201 553 253 XV.
572 200 652 252 ΟΔΡ.
671 202 734 256 XII.
989 201 1054 268 363

82 337 207 428 τούσης
232 337 368 428 μέλλειν
390 346 588 428 βασιλεύσοι
611 339 671 411 τὸν
695 340 814 432 ἀνδρα.
849 342 1053 434 διὰταύτην

82 445 215 530 τοίνυν,
240 441 296 510 καί
323 439 375 511 ὅτι
391 441 482 531 παρά
499 447 569 512 τάν
586 443 831 527 στασιαζόντων
849 447 1052 534 ἐπεκαλεῖτο,

6 542 8 545 ’
82 545 199 623 δείσας
223 538 241 611 ὁ
265 541 437 631 βασιλεύς,
455 546 633 631 καθείρξεν
653 547 691 614 ίν
707 550 755 637 τῷ
773 553 968 639 πραιτωρίῳ
987 541 1050 616 αύ-

81 639 161 730 τόν,
187 642 299 728 τύφας
316 642 482 735 πρότερον
499 645 557 714 καὶ
573 643 636 734 την
653 641 763 736 κόμην
781 646 954 736 περιελιόν.
989 653 1085 718 τούΒ
1164 648 1167 652 ’

55 743 123 813 σὸὲ
145 744 443 834 τύνΒουλγάρωυ
466 745 736 838 ἀρχηγετούντος
759 745 950 838 ὡρμηκότος
966 747 1052 818 κατά

8 869 11 874 ’
81 849 140 933 τῆς
155 839 336 934 Ῥωμαικῆς
364 849 584 936 ἐπικρατείας,
610 845 828 930 ἀσυντάκτως
852 847 870 919 ό
894 847 1053 936 βασιλεύς
1138 907 1145 918 .

82 944 177 1040 αύτῷ
195 945 351 1018 ίπελθάν
367 945 513 1038 ἡττᾶται,
537 949 594 1018 καὶ
612 954 745 1037 πλῆθος
761 949 850 1020 πολύ
868 970 1049 1040 στρατευο-

81 1049 197 1136 μένων
219 1045 425 1136 ἀπόλλυσιν,
450 1047 535 1120 ἀλλά
558 1048 627 1139 μὴν
656 1051 713 1119 καὶ
743 1057 812 1122 τάν
841 1049 1052 1140 μεγιστάνων
1125 1073 1128 1076 ·

1 1222 2 1225 χ
81 1147 237 1230 πολλούς.
265 1154 303 1219 αί
318 1149 358 1220 δὲ
374 1152 604 1239 στρατιωτικαὶ
622 1151 796 1234 συντάξεις
813 1149 1051 1240 ἀθροισθείσαι

41 1270 70 1310 10
82 1247 167 1320 κατά
190 1249 253 1338 τὴν
274 1251 499 1340 μεγαλόπολιν
523 1251 746 1340 ἐβουλεύοντο
772 1258 968 1342 βασιλεῦσαι
991 1252 1052 1322 τόν

81 1349 148 1420 ἀπό
179 1350 364 1442 Καισάρων
383 1353 583 1445 Νικηφόρον
611 1353 672 1424 τόν
701 1358 763 1424 τού
787 1360 1052 1424 Κωνσταντίυου

82 1451 330 1542 πατράάελφον.
364 1451 451 1522 ἀλλά
468 1453 506 1524 τό
525 1455 655 1543 σκέμμα
671 1451 736 1524 ούκ
762 1462 878 1524 ἔλαθε·
906 1454 959 1525 διό
984 1452 1050 1524 αύ-

82 1551 141 1634 τὸς
164 1553 227 1642 μλν
249 1551 268 1623 ὁ
287 1553 484 1645 Νικηφόρος
508 1555 650 1644 ἐξεκόπη
670 1553 712 1624 τά
733 1553 883 1644 ὄμματα·
919 1553 998 1625 όδέ
1011 1582 1050 1642 γε

83 1653 313 1745 Χριστοφόρος
342 1655 400 1725 καλ
430 1649 449 1724 ὁ
476 1655 626 1744 Νικήσας
656 1651 855 1746 ό”Ανθιμός
876 1683 920 1726 τε
948 1653 1051 1725 καλό

39 1771 70 1814 1⁵
84 1753 274 1844 Εύόόκιμος
291 1761 360 1826 τῶν
376 1757 542 1851 γλωσσοῐν
557 1751 750 1844 ὑπέστησαν
775 1757 930 1846 ἐκτομην.
965 1755 1050 1826 ἀλλά

72 1857 139 1928 ,καὶ
156 1854 218 1926 τόν
235 1857 386 1946 Μωσηλὲ
402 1855 464 1926 τόν
478 1855 622 1941 Ἀλίξιον
640 1855 659 1928 ὁ
676 1857 835 1944 βασιλεύς
859 1857 1050 1947 ἐξετύφλω-

83 1979 157 2044 σεν,
173 1951 365 2046 ὑποθήκαις
382 1961 487 2030 ταῦτα
503 1973 677 2048 μητρικαίς
691 1959 925 2049 ἐργασάμενος.
953 1965 997 2050 ,οί
1012 1959 1085 2028 &QG

83 2065 145 2128 τοῦ
160 2059 307 2148 θύματος
330 2064 400 2129 τάν
415 2057 641 2151 Ἀρμενιακῶν
660 2057 725 2148 τήν
741 2067 803 2130 τοῦ
817 2058 967 2142 Ἀλεξίου
984 2087 1051 2148 μα·

82 2159 204 2240 θόντες
226 2159 419 2249 τύφλωσιν,
444 2159 505 2232 τόν
528 2164 692 2251 σφέτερον
723 2159 911 2250 στρατηγόν
935 2163 1052 2246 ἐποίη-

38 2277 148 2330 σθσαυ
172 2267 378 2351 ἔμφρουρον.
409 2253 454 2351 ἦν
477 2258 510 2332 θ’
536 2255 634 2342 οὗτος
658 2259 931 2348 ὁΚαμουλιανός
948 2257 967 2330 ὁ
984 2284 1050 2328 πα-

82 2369 217 2450 τρίκιος.
246 2360 291 2443 ἀς
309 2355 375 2432 οόν
392 2361 564 2452 ἀνηνέχθη
581 2368 679 2433 τοῦτο
696 2367 744 2455 τῷ
761 2367 905 2449 βασιλεῖ,
924 2361 1065 2432 στέλλει

81 2460 157 2532 κατ’
183 2460 299 2534 αὐτόν
325 2463 392 2535 σύν
417 2463 560 2554 δυνάμει
578 2473 839 2534 Κωνσταντλνον
855 2459 1051 2552 τάνἎρτα-

84 2564 192 2655 σήραν
209 2563 345 2636 παλτόν
362 2565 586 2656 Χρυσόχειρα,
605 2563 796 2656 στρατηγόν
812 2567 882 2636 τοῖν
899 2562 1051 2635 Βουκελ-

85 2672 214 2750 λαρίων
230 2667 448 2754 τυγχάνοντα.
483 2669 540 2737 καὶ
557 2669 781 2757 κρατηθέντος
798 2671 947 2755 πολέμου
966 2673 1047 2734 πολ·

37 2775 72 2820 25
84 2765 137 2832 λοί
154 2765 218 2852 μὲν
235 2771 358 2838 ἔπεσον
374 2765 628 2858 ἀμφοτέρωθεν,
653 2769 830 2858 τρέπονται
846 2767 884 2836 δὲ
902 2771 938 2836 οί
952 2771 1051 2852 βασι-
1163 2829 1166 2835 .

84 2872 182 2954 λικοί,
200 2866 257 2934 καὶ
274 2863 402 2956 ἀμφοῖν
418 2872 661 2960 ζωγρηθέντων
677 2875 747 2938 τῶν
766 2871 973 2959 στρατηγῶν,
992 2861 1052 2944 ούς

83 2971 121 3036 οἱ
139 2965 346 3058 Ἀρμενιακοὶ
369 2967 492 3041 αὐτίκα
517 2969 727 3059 ίτύφλωσαν.
780 2967 851 3038 εἶτα
877 2965 895 3036 ὁ
919 2968 1053 3056 κρατῶν

83 3063 189 3152 αύτός
212 3067 288 3140 κατ’
313 3065 432 3142 αύτόν
455 3072 691 3162 ἐξεστράτευσε
714 3071 772 3139 καλ
794 3073 961 3159 χειροῦται
987 3063 1052 3136 αά-

80 3169 173 3259 τούς,
191 3171 249 3242 καί
265 3169 346 3254 τούς
362 3172 426 3262 μὲν
442 3173 652 3262 προόχοντας
669 3169 813 3261 ἀναιρεῖ,
837 3184 908 3251 τοῖς
926 3168 964 3238 δὲ
982 3175 1052 3237 λοι-

36 3294 69 3339 σο
83 3285 161 3353 ποῑς
178 3272 339 3362 δημεύσει
350 3280 421 3345 τάν
432 3272 657 3365 ύπαρχόντων
674 3273 890 3363 ἐπιτετίμηκε.
925 3275 1054 3360 χιλίους

82 3371 122 3440 δὲ
138 3377 268 3444 τῶνίκ
290 3381 349 3464 τῆς
356 3439 363 3460 „
373 3373 489 3446 αὐτῶν
505 3373 741 3464 μητροπόλεως
759 3371 926 3464 ἀεσμήσας
943 3371 1001 3440 καλ
1020 3371 1053 3451 ἐς

80 3471 146 3562 την
159 3475 388 3564 μεγαλόπολιν
400 3475 627 3568 ἐνεγκάυ,τάς
635 3473 728 3559 όφεις
736 3501 772 3545 τε
782 3479 880 3564 σφῶν
893 3477 1052 3543 καταστί-
1060 3482 1086 3534 D
