2562 3814
450 112 596 166 L1ss.v11.
610 113 688 166 οιε.
702 113 776 167 xx1.
790 113 879 164 xx11.
1078 110 1136 175 151

157 261 213 334 είς
229 250 294 340 τήν
313 250 478 340 Ῥωμαίαν
500 253 672 341 κομισθείς
689 249 828 341 ἄγυρίν,
854 253 909 322 καὶ
927 253 998 344 τοῖνΙ
1013 257 1240 342 αίχμα-ΡΙεει

161 353 283 426 λα’των
300 353 394 434 τινδις
413 360 461 434 είς
478 353 515 423 τό
536 351 762 443 δεσμωτήριον
780 350 976 444 ἀπαχθῆναι
995 354 1051 424 καί
1069 365 1136 424 θα-

160 459 363 544 νατωθήυαι
377 451 554 544 κελεύσας,
579 453 772 543 ιἰυήλαυνεν
790 462 837 538 είς
855 455 892 526 τὸ
910 453 1134 544 Καπιτωλιον,

161 565 223 628 καί
238 586 333 639 τινας
357 559 429 627 ἐκεῖ
448 553 583 638 τελετὰς
606 555 803 648 πληρώσας,
831 559 887 627 καὶ
911 555 1135 649 προσαγαγών

127 657 386 788 τάναθήματα,
416 660 472 728 καὶ
495 658 592 748 παρὰ
610 677 683 740 ταῖς
707 663 777 730 ἐκεῖ
806 657 986 749 δειπνήσας
1010 675 1134 748 στοαῖς,

169 761 252 850 πρὸς
270 763 415 849 ἑσπέραν
432 767 547 830 οίκαδε
559 788 619 850 μετ
622 758 762 832 ἀὐλῶν
775 763 829 831 καλ
847 769 1017 885 συρίγγων
1031 759 1135 850 νἰπήρ·

169 889 254 950 χετο,
288 868 426 932 τοιαῦτα
449 891 511 951 μεν
534 853 622 950 ήσαυ
647 860 750 932 παλαι
767 863 807 933 vo}
826 862 1016 952 νικητήρια·
1044 869 1082 933 οιί
1099 863 1136 932 δὲ

165 960 298 1044 στάσεις
327 994 362 1034 αι
387 991 424 1034 τε
449 971 644 1035 δυναστειαι
670 973 808 1036 πλειστα
836 968 1054 1054 ἐνεωτέρισαν
1080 964 1132 1034 ἐπ’

162 1061 290 1145 αυτοῖς.

123 1197 150 1236 ιο
243 1173 289 1237 Ee
307 1167 343 1236 δε
360 1173 443 1292 κΗαί,
449 1165 492 1250 ὡς
510 1163 610 1288 ήδη
596 1165 775 1256 ιστόρηται,
794 1165 811 1238 6
832 1174 933 1289 δῆμος
954 1166 1106 1292 ἐμίσει
1075 1197 1133 1239 του
1145 1167 1188 1230 22

160 1265 387 1357 Κάμιλλον,’
370 1266 443 1338 αλλ’
465 1267 482 1338 6
501 1266 584 1356 πρὸς
599 1276 788 1350 Φαλιλτκους
806 1267 948 1357 πόλεμος
966 1266 1135 1398 ήναγκασε

161 1377 340 1460 χιλίαρχον
357 1367 630 1459 ηηφισθήναι’
589 1368 701 1441 αυτόν.
732 1369 846 1440 καὶ’
806 1370 929 1451 αυτοδς
946 1399 1008 1459 μεν
1026 1375 1134 1458 ἐνίκη-

162 1495 231 1542 σαν
261 1469 505 1561 μαχεσάμενοι,
536 1476 792 1564 πολιορκοῦντες
825 1473 863 1542 δὲ
892 1471 991 1542 πόλιν
1022 1469 1135 1542 αὐτῶν

163 1571 318 1662 ἐρυμνήν
334 1579 518 1662 Φαλερίους
533 1572 774 1664 ὠνομασμένην
788 1572 891 1645 οὐδὲν
904 1572 1018 1664 ήνυον.
1046 1569 1133 1644 οὕτω
1145 1591 1168 1642 Β

122 1703 149 1741 15
163 1672 231 1764 γάρ
255 1681 314 1762 τῆς
338 1682 530 1764 πολιορκίας
554 1681 589 1744 οί
610 1682 667 1764 τῆς
686 1675 811 1759 πόλεως
836 1674 1066 1767 κατεφρόνουν
1090 1675 1135 1758 ὡς

163 1778 223 1847 καὶ
240 1775 318 1857 τούς
336 1783 460 1860 παῖδας
478 1775 590 1850 αὐτῶν
608 1777 697 1867 παρδι
713 1777 753 1848 τδι
771 1786 862 1868 τείχη
887 1777 1135 1867 περιπατήσον-

162 1906 223 1958 τας
241 1874 324 1966 μετδι
341 1883 402 1947 τοῦ
422 1876 626 1948 διδασκάλου
644 1881 699 1949 καὶ
711 1883 983 1969 γυμνασομένους
1002 1882 1132 1970 φοιτᾶν.

167 1981 221 2048 καὶ
240 1973 305 2048 κᾶν
322 1973 513 2068 ἀπέστησαν
538 1986 596 2070 τής
610 1985 825 2070 πολιορκίας,
850 1989 881 2052 εί
897 1979 943 2069 μή
961 2011 991 2051 τι
1009 1982 1134 2070 συμβέ-

165 2088 279 2168 βηκεν.
323 2071 420 2160 οὗτος
449 2079 512 2170 γὰρ
536 2080 554 2152 6
581 2079 781 2162 διδάσκαλος
810 2079 1039 2170 ἐπιβουλεύων
1065 2099 1134 2162 τοῖς

111 2211 150 2252 -20
163 2189 316 2262 πολίταις
340 2177 361 2270 ή
382 2178 428 2250 δι’
447 2179 551 2272 ὀργήν
574 2212 650 2252 τινα
674 2179 694 2270 ή
714 2185 853 2272 κέρδους
877 2187 987 2252 ἐλπίδι
1005 2179 1129 2272 ἡμέρας

164 2280 306 2371 ἑκάστης
332 2287 427 2372 ἐξήγε
450 2283 527 2366 τούς
552 2290 676 2366 παῖδας
703 2287 756 2356 ἐπὶ
774 2282 810 2354 τὸ
828 2299 953 2372 τεῖχος,
980 2282 1077 2372 έγγδς
1095 2281 1132 2354 τὸ

163 2388 317 2472 πρῶτον,
341 2387 397 2454 καί
422 2389 556 2474 είσήγευ
580 2376 682 2468 αὖθις
707 2383 829 2468 αὐτούς
856 2386 1133 2476 γυμνασαμένους

164 2483 290 2567 εὐθύς·
315 2486 407 2568 τέλος
427 2483 460 2556 δ’
481 2495 527 2569 είς
545 2485 622 2570 τούς
640 2485 858 2578 προφύλακας
876 2495 946 2560 των
964 2483 1134 2578 Ῥωμαίων

164 2590 326 2676 ἐνέβαλεν
343 2582 492 2670 ἅπαντας
515 2592 571 2659 καὶ
595 2590 691 2678 ἄγειν
709 2592 862 2661 ἐκέλευσε
885 2588 967 2679 πρὸς
985 2589 1044 2660 τὸν
1062 2587 1134 2661 Κοί-

111 2715 148 2754 τιε
164 2699 298 2778 μιλλον,
320 2691 376 2759 καὶ
394 2688 563 2781 παραστὰς
582 2689 674 2785 αὐτῷ
690 2699 802 2762 πᾶσαν
820 2693 892 2762 είπε
909 2691 1134 2780 παραδιδόναι

162 2788 228 2878 τήν
251 2789 350 2862 πόλιν
382 2790 438 2862 διὰ
460 2795 529 2863 των
552 2800 694 2864 παίδων.
738 2797 864 2874 ἐκεῖνος
894 2794 931 2863 δὲ
957 2794 1072 2865 δεινὸν
1097 2791 1133 2862 τὸ

163 2899 266 2980 ἔργον
283 2889 508 2983 ἡγησάμενος,
533 2897 588 2964 καλ
607 2890 707 2985 ἀρετή
725 2893 834 2986 φήσας
859 2901 928 2986 ίδίηι
952 2893 1009 2963 τὸν
1027 2895 1167 2982 μέγανο

163 2992 363 3082 στρατηγόν,
381 2991 455 3064 ἀλλ’
477 2992 540 3066 οὐκ
558 2993 715 3090 ἀλλοτρίᾳ
732 3003 832 3088 κακία
845 2998 1041 3084 θαρροῦντα
1055 2997 1132 3086 χρή·

234 3155 301 3223 Cap.
320 3159 363 3210 22.
387 3159 530 3210 Plutarchi
549 3161 724 3212 Camillusc.
741 3164 796 3213 9-
806 3164 845 3214 13
875 3161 973 3210 D1on1s
990 3161 1054 3211 Ηιε
1044 3163 1133 3213 onae

162 3227 308 3278 Romanae
321 3225 386 3274 libri
399 3229 514 3292 ρειδίίίι
533 3230 631 3296 fragm
644 3232 685 3279 24.

235 3297 267 3344 13
279 3293 547 3362 πολιορκουντες
561 3314 586 3362 p.
603 3299 665 3359 152,
680 3299 725 3359 16,
740 3287 892 3362 ωφελησας
905 3314 1057 3364 γρηματων
1069 3313 1132 3362 par

160 3361 371 3494 ti4m12'lutarchi
389 3369 453 3414 sunt
466 3364 573 3416 Oamxll
593 3381 616 3416 ο.
630 3367 675 3430 10,
690 3367 735 3426 11,
755 3365 855 3430 partim
872 3365 1134 3432 D10n1sfragment1
