2558 3820
478 175 550 226 LIB.
563 176 612 230 IX.
632 175 711 228 OAP.
725 176 785 229 XX.
1053 176 1117 240 30.)

143 315 162 388 ὁ
177 313 345 405 Ἀντίοχος
358 329 429 396 τοϊς
442 311 686 406 καταφράκτοις
701 317 837 386 ίππεῦσι
850 313 929 396 τούς
942 313 1116 387 ἀντιστάν-

142 448 201 500 τας
220 415 312 511 αὐτῷ
330 413 536 509 τρεψόμενος
553 420 649 508 μέχρι
673 420 733 488 τοῦ
752 418 981 508 στρατοπέδου
1000 420 1115 490 ἐλθεῖν

144 517 336 592 ἐπιδιώκων
366 516 498 601 αὐτούς.
537 526 597 592 καί
621 547 660 607 με
691 504 781 590 εἷλεν
810 513 854 590 δν
885 515 986 607 αὐτό,
1018 520 1114 609 εἰμὴ

143 620 285 713 Μάρκος
299 626 455 710 Αἰμίλιος
468 622 614 702 Λέπιδος
631 619 650 690 δ
667 621 729 710 τὴν
743 618 898 712 φρονρδιν
912 618 1017 691 αὐτοῦ
1032 627 1117 711 ἔχων

1 813 2 816 ¹
117 721 221 806 ιτοδς
239 720 392 813 πρώτους
409 720 610 813 προσιόντας
634 729 702 794 τών
715 717 886 812 Ῥωμαίων
909 717 1116 811 ἀπέκτεινεν,

148 827 220 894 έπελ
235 823 280 916 μὴ
300 831 434 894 ἔπεισεν
451 818 576 906 αότοδς
599 828 658 912 τῆς
683 829 794 914 φυγῆς
813 827 971 914 ἐπισχεῖν.
998 827 1034 894 ἐκ
1051 824 1150 915 γᾶρο

143 924 265 998 τούτου
284 929 424 997 ἐκείνων
440 953 477 995 τε
495 930 530 996 οί
541 927 650 996 λοιποὶ
663 923 933 1016 ὑποστρέψαντες
946 925 1003 996 καὶ
1018 923 1118 1008 αὐτός

142 1024 368 1118 ιῖκραιφνέσιν
399 1025 619 1117 έπεκδραμών
642 1043 711 1107 τοῖς
735 1041 898 1119 φρουροῖς
922 1022 1117 1098 ἀπεώσαντο

141 1125 203 1202 τόν
223 1127 404 1219 Ἀντίοχον.
441 1132 478 1200 έν
505 1119 532 1223 ρό
556 1130 593 1199 δέ
609 1123 702 1199 τοῦτ’
727 1129 873 1217 ἐγένετο,
893 1131 1009 1212 Ζεῦξις
1033 1125 1116 1200 καθ’

103 1264 128 1301 ιο
143 1235 262 1322 ἕτερον
294 1234 393 1321 μέρος
421 1237 468 1325 τῷ
494 1227 706 1322 ταφρεύματι
734 1228 938 1321 προσβαλών
970 1240 1050 1300 είσω
1081 1259 1118 1302 τε

142 1331 252 1404 αὐτοῦ
281 1335 420 1420 εἰσῆλθε
445 1335 501 1402 καὶ
525 1328 681 1424 ἆρπαμην
705 1334 867 1421 ἐποιεῖτο,
895 1333 1008 1421 μέχρις
1033 1321 1116 1402 οὖδ

141 1435 293 1518 Λέπιδος
324 1431 457 1524 ᾔσθετο.
501 1433 577 1506 τότε
607 1433 671 1523 μὰρ
702 1429 856 1516 κοῖκεῑνος
886 1429 923 1502 τό
954 1435 1117 1524 σφέτερον

143 1534 329 1628 ἐρρύσατο,
347 1537 403 1605 καὶ
421 1535 439 1605 ό
459 1543 615 1607 Σκιπίων
631 1531 668 1606 τό
685 1539 746 1606 τοῦ
761 1531 929 1624 Ἀντιόχου
949 1530 1034 1622 εἷλε,
1061 1539 1117 1605 καλ

143 1642 181 1708 έν
195 1633 289 1731 αὐτῷ
301 1637 446 1719 πολλοὺς
459 1638 521 1727 μὲν
535 1633 750 1728 ἀνθρώπους,
769 1633 912 1718 πολλοὺς
927 1631 961 1706 δ’
980 1641 1116 1724 ἵππους,

101 1769 127 1808 15
142 1735 318 1828 ὑποζύγια,
331 1735 506 1830 ἀργύριον,
520 1745 672 1828 χρυσίον,
692 1741 854 1828 ἐλέφαντα
867 1734 951 1808 όίλλα
964 1765 1000 1809 τε
1011 1736 1118 1809 πολλοὶ

143 1843 201 1910 καὶ
224 1844 392 1927 πολυτελῆ
416 1831 502 1931 εὗρε.
550 1842 606 1910 καὶ
633 1835 650 1910 ό
675 1839 737 1930 μὲν
763 1835 929 1930 Ἀντίοχος
960 1838 1117 1930 ἡττηθείς

145 1938 265 2012 αὐτίκα
285 1943 317 2022 ές
336 1939 398 2029 τὴν
412 1949 546 2029 Συρίαν
564 1937 777 2032 ἀνεχώρησεν
784 1995 794 2030 ,
813 1945 849 2012 οί
865 1937 895 2010 δ’
909 1936 1067 2030 Ἕλληνες
1085 1945 1120 2010 οί

147 2045 187 2113 έν
202 2050 242 2133 τῇ
258 2038 355 2134 Ἀσίᾳ
374 2061 443 2125 τοῖς
456 2039 625 2133 Ῥωμαίοις
643 2045 859 2130 προσέθεντο.
1123 2063 1151 2114 1)

221 2141 320 2216 Meto}
346 2143 383 2213 δὲ
401 2147 505 2216 ταυτα
523 2140 681 2232 ἀνακωχή
698 2171 747 2224 τις
766 2145 1118 2231 έπικηρυκευσαμένου

101 2273 131 2314 ιο
143 2247 206 2316 τοῦ
214 2243 388 2334 Ἀντιόχου
403 2249 575 2334 έσπείσθη.
589 2241 652 2314 ὅτε
665 2243 730 2334 γδρ
740 2239 943 2333 Ἀφρικανός
957 2239 1118 2326 εὐνοικῶς

142 2350 180 2418 οί
203 2346 259 2416 διὰ
280 2344 340 2417 τόν
365 2344 444 2419 υἱόν
468 2347 553 2437 εἶχε,
580 2348 636 2417 καὶ
658 2339 676 2416 ό
700 2341 826 2427 ὕπατος
851 2339 913 2414 οὐκ
935 2341 1039 2433 ἤθελε
1056 2342 1118 2432 τὴν

143 2453 245 2537 νίκην
256 2451 302 2540 τῷ
317 2447 461 2542 διαδόχῳ
470 2446 682 2537 πλησιάζοντι
695 2445 976 2519 καταλελοιπέναι.
992 2441 1118 2518 οὔκουν

143 2546 227 2620 οὐδὲ
252 2549 414 2633 ἐπέταξαν
437 2556 483 2644 τῷ
503 2547 663 2644 Ἀντιόχῳ
686 2552 789 2622 πλέον
813 2543 915 2620 οὐδὲν
933 2544 954 2637 ἢ
972 2543 1036 2620 ὅσα
1061 2552 1116 2618 καλ

144 2650 211 2742 πρὸ
229 2653 288 2740 τῆς
306 2647 411 2740 μάχης
428 2649 542 2742 ᾔτουν.
581 2649 633 2721 διδ
646 2653 703 2722 καλ
715 2660 838 2733 Γναῖος
851 2649 1004 2734 Μάλλιος
1023 2648 1117 2738 ὁτὴν

103 2780 131 2821 τε
144 2749 254 2843 ἀρχὴν
271 2755 369 2841 σφών
388 2751 621 2842 διαδεξόμενος
639 2747 703 2824 οόκ
720 2750 870 2843 ἠρκέσθη
894 2768 963 2834 τοϊς
981 2773 1117 2842 συγκει-

143 2856 269 2943 μένοις,
288 2849 371 2922 ἆλλδι
389 2861 494 2925 πλείω
508 2850 611 2925 αὐτόν
628 2849 788 2944 όπῄτησε,
807 2850 890 2946 πρός
909 2853 946 2922 δέ
964 2855 1020 2922 καὶ
1037 2852 1116 2941 ὁμή-

145 2983 227 3044 ρους
253 2959 372 3026 δοῦναι
397 2957 573 3028 ἐκέλευσεν
590 2953 712 3037 ἄλλους
734 2983 770 3026 τε
793 2957 851 3025 καὶ
873 2953 934 3023 τδν
951 2951 1028 3022 νίδν
1043 2948 1115 3024 Ἀυ-

143 3063 268 3146 τίοχον,
288 3057 344 3126 καλ
357 3056 437 3140 τούς
456 3044 808 3148 αότομόλονέποίντας
828 3057 998 3143 έκδουναι,
1018 3055 1054 3126 έν
1067 3050 1117 3136 οἷς

145 3159 202 3227 καὶ
227 3152 417 3246 δἈννίβας
443 3151 496 3248 ἦν.
533 3161 589 3228 καὶ
613 3155 811 3246 ὁἈντίοχος
836 3157 892 3226 καὶ
917 3151 1010 3226 ἄκων
1033 3153 1118 3244 πρὸς

110 3281 137 3324 ιο
150 3255 283 3331 ἅπαντα
309 3258 564 3350 έπειθόρχησεν.
601 3255 642 3329 οό
667 3261 780 3349 μέντοι
805 3257 861 3328 καὶ
883 3254 942 3328 τόν
955 3255 1117 3345 Ἀννίβαν
1147 3303 1151 3308 -

146 3365 304 3433 ἐκδοῦναι
316 3358 496 3451 ’ἠδυνήθη
529 3357 611 3450 πρός
628 3359 693 3452 γὰρ
707 3364 883 3450 Προυσίαν
901 3355 960 3429 τόν
977 3359 1117 3446 βασιλέα

145 3469 215 3534 τῶν
246 3469 410 3536 Βιθυνῶν
440 3463 684 3556 προκατέφυχε.
731 3462 788 3532 καὶ
817 3453 921 3552 ὁμέν
947 3451 1220 3547 ἈντίοχοςΡΙλσε
