2558 3820
397 167 513 245 τινες.
533 193 737 247 σιαιειπν.
954 187 957 192 ’
991 191 1052 256 347

98 327 157 402 ὅσα
169 330 331 455 βρύλοιτο,
348 334 404 402 καὶ
418 338 502 413 ναῦς
517 337 651 403 διακοσί
636 341 698 416 ί.ας
725 339 829 402 ταῦτα
843 329 860 403 δ
874 332 936 422 μέν
950 335 1053 421 δῆμος

97 431 270 523 προθύμως
289 435 437 517 ἐδέξατο
461 437 496 502 ολ
518 435 554 504 δὲ
578 439 636 522 τῆς
652 433 849 559 συγκλήτου
873 436 1052 524 περιφανέ

98 554 199 634 στεροι
216 534 326 625 φόβου
343 532 437 618 άξιου
455 532 660 625 ἐνόμιζον
626 565 664 606 το
682 539 739 624 της
758 539 911 620 ἐξουσίας
934 532 1053 623 ἀπερί-

96 644 212 722 ληπτον
225 633 318 708 κάλ’
298 635 465 726 αόριστον,
483 639 539 707 καλ
556 633 746 726 άνιέλεγον,
765 633 853 725 πλὴν
865 641 1051 723 Καίσαρος·

71 726 186 818 τοῦτος
203 739 240 810 δὲ
257 736 485 832 συνηγόρει
453 743 500 807 τῦ
517 735 627 833 νόμῳ,
654 767 695 809 ου
685 735 820 808 ’διά
785 767 845 808 τον
862 736 1052 827 Πομπήιον,

14 881 15 914 1
95 835 150 908 τόν
177 843 282 930 δῆμον
312 841 349 910 δὲ
378 811 582 964 θεραπεύων
605 841 662 910 καὶ
685 837 909 929 οἰκειούμενος
934 841 1051 932 ἑαυτῷ.

14 1027 15 1036 ¹
93 939 232 1021 τέωςέ
190 970 213 1030 μ
231 970 305 1013 ντοι
323 939 480 1030 έκυροόθη
504 940 541 1010 τὸ
558 938 724 1030 ψήφισμα.
769 938 857 1012 καὶ
841 969 860 1011 ο
879 911 1053 1030 Πομπήιός

95 1047 137 1122 εἰς
155 1044 332 1133 ἐκκλησίαν
345 1041 458 1113 έλθῦν
476 1039 685 1113 διπλάσια
649 1071 690 1112 τα
708 1044 918 1132 ἐψηφισμένα
936 1048 1054 1129 λαβεῖν

14 1153 15 1158 ’
94 1142 296 1231 διεπράξατο
334 1142 456 1214 διελιόν
473 1127 537 1214 οῦν
554 1143 595 1214 τά
619 1141 748 1233 πελάγη
771 1145 826 1213 καὶ
848 1139 1053 1231 διαστήματα

60 1272 82 1312 ιο
92 1248 146 1370 τῆς
152 1244 372 1335 θαλάσσηςλ
340 1271 356 1316 ε
371 1273 387 1326 ς
400 1246 484 1336 μέρη
496 1251 722 1336 τρισκαίδεκα,
736 1247 792 1314 καὶ
806 1249 894 1316 νεῶν
907 1239 1086 1332 ἀρνθμόνΒ

94 1344 141 1432 ἐφ’
151 1345 293 1440 -ἑκάστῳ
311 1343 408 1418 καλ”
386 1373 530 1436 αρχουτα
548 1343 664 1434 τάξας,
684 1344 830 1435 ἐκάθηρε
847 1347 915 1414 τάν
933 1354 1052 1434 ληστη-

92 1453 171 1530 ρίων
186 1449 223 1519 τό
248 1447 461 1539 Τυρρηνικὸν
478 1449 638 1536 πέλαγος,
663 1445 701 1518 τό
719 1444 889 1536 Λιβυκόν,
913 1444 950 1516 τό
977 1447 1052 1533 περὶ

92 1547 247 1638 Σαρδόνα
271 1553 327 1620 καλ
346 1547 484 1637 Κύρνον
502 1551 559 1618 καὶ
578 1556 757 1636 Σικελίαν,
781 1543 918 1671 ἡμέραις
936 1568 1052 1622 τεσσα·

92 1648 238 1735 ρύκοντα.
278 1651 349 1722 εἶτα
362 1648 614 1738 παραπλέων
577 1679 635 1732 τας
649 1648 761 1733 πόλεις
779 1677 860 1740 μετα
849 1646 1099 1736 σπονδῆςτνῃ
1107 1675 1154 1726 122

60 1746 128 1821 1506
145 1757 301 1845 παρῆλθε
318 1751 376 1834 τάς
392 1748 545 1841 Ἀθήνας.
582 1749 767 1875 άναβάςδδ
790 1779 833 1821 κα
835 1747 974 1832 ἰθύσας
998 1751 1053 1818 καὶ

13 1895 17 1910 ·
91 1851 361 1945 προσαγορεύσας
373 1846 432 1924 τόν
446 1857 564 1953 δῆμον,
579 1842 678 1942 εόρεν
693 1848 878 1974 ἐπιγραφάς
893 1858 939 1932 εἰς
951 1848 1054 1921 αὐτόν

14 1991 15 2042 j
91 1946 370 2047 πεποιημένας,
343 1985 392 2026 εον
408 1985 430 2044 η
418 1952 510 2044 μὲν
528 1948 620 2034 ἐντὸς
637 1961 695 2042 τῆς
713 1951 820 2042 πύλης
838 1960 952 2040 ἔλεγεν

89 2049 192 2144 ””Εγ
174 2084 255 2129 οσον
275 2051 323 2128 τόν
340 2053 520 2148 ἅνθρωπος
538 2053 644 2140 οἶδας,
663 2057 717 2124 ἐπὶ
728 2057 889 2123 τοσοῦτον
908 2051 939 2122 εἴ
955 2049 1052 2132 θεός

13 2189 15 2242 Q
91 2149 161 2241 ἧδ’
180 2158 275 2240 ἐκτός
1143 2242 1146 2250 .

13 2271 14 2278 ’
60 2263 374 2348 εοΠροσεδοκοὶμεν,
403 2261 697 2348 προσεκυνοῦμεν,
726 2259 878 2343 εἴδομεν,
910 2253 1055 2341 προπέμ·

13 2383 15 2386 ·
93 2386 203 2449 πομεν.

164 2460 347 2551 Κατελύθη
370 2462 410 2551 μέ
411 2492 432 2532 ν
455 2452 518 2533 οῦν
534 2457 552 2530 ὁ
571 2455 759 2548 πειρατικός
777 2425 919 2546 πόλεμος
937 2455 995 2524 καλ
1012 2453 1087 2523 τάδ

92 2567 263 2654 πανταχοῦ
291 2569 350 2652 τῆς
372 2560 547 2650 θαλάσσης
571 2562 713 2683 ἐξῃρέθη
743 2555 906 2650 λῃστήρια
930 2553 1055 2627 ούκν
1018 2559 1055 2626 έν

91 2671 219 2736 πλείονι
242 2665 351 2758 χρόνῳ
374 2667 492 2754 μηνῶν
508 2668 624 2752 τριῶν
648 2659 777 2732 τούτων
802 2661 839 2730 δὲ
863 2665 909 2741 εςδ
928 2656 1094 2748 Ρύμην4

58 2760 373 2854 πᾶπαγγελθέντων
396 2762 518 2855 γράφει
541 2761 646 2854 νόμον
669 2759 718 2844 εἷς
742 2765 811 2832 τεόν
834 2758 1014 2850 δημάρχων
1038 2752 1056 2828 ό

92 2864 262 2954 Μάλλιος,
288 2864 525 2956 παραλαβόντα
542 2862 720 2954 Πομπήιον
737 2865 848 2932 πάσαν
864 2859 927 2947 τὴν
944 2856 1057 2948 χάραν

92 2958 168 3054 όσης
181 2965 397 3048 ὁΛεύκολλος
409 2957 500 3057 ἦρχε,
516 2963 750 3054 προσλαβόντα
764 2963 802 3032 δλ
787 2963 867 3032 καὶ
875 2965 1057 3041 Βιθυνιαν

92 3074 249 3158 πολεμεῖν
277 3067 471 3160 Μιθριδάτη
501 3073 557 3138 καλ
588 3063 736 3156 Τιγράνη
758 3079 828 3145 τοῖς
851 3061 1057 3150 βασιλεῦσιν,

92 3171 209 3254 έχοντα
227 3167 343 3240 καὶ
306 3197 368 3259 την
386 3197 549 3288 ναντικην
569 3167 714 3256 δύναμιν
731 3161 836 3234 καλ
804 3190 841 3232 το
859 3158 979 3252 κράτος
999 3163 1058 3247 της

58 3267 330 3358 υθαλάσσης,’
307 3299 351 3354 υς
374 3268 440 3368 666
457 3273 556 3342 τοῦτο
575 3266 722 3356 εἰλήφει·
747 3271 846 3336 τοῦτο
871 3253 952 3334 δὲ
933 3290 977 3351 ην
1002 3259 1055 3349 ἐφ’

93 3414 296 3431 —Q—

163 3499 233 3564 Gap.
244 3504 270 3557 4.
293 3501 439 3556 Plutarchi
452 3489 598 3567 Pompbiun
612 3515 636 3554 ο.
649 3499 769 3551 30-36.
