2580 3816
208 217 272 284 278
517 218 589 275 ΙιΙΒ.
607 218 681 272 XIV.
699 218 778 272 cAP.
796 219 858 272 VII.

210 363 382 451 λιορκοῦσι
397 357 480 448 μετὰ
493 362 562 429 νύν
576 356 754 430 συνόντων
770 358 859 450 ἤχθη
877 351 1180 452 πρόςΒελισύριον,

210 463 268 530 καὶ
295 459 392 550 έγέλα
416 458 502 552 πρός
526 458 631 532 αύτδν
656 460 885 551 εἰσαγόμενος,
904 459 949 543 ὥς
967 475 1038 543 τοῖς
1054 459 1181 553 ὁρῶσιν

209 562 420 652 έξεστηκέναι
437 567 551 633 δοκεῖν
568 559 675 633 αύτδν
691 559 749 633 δαὶ
767 561 831 652 τήν
848 567 911 632 τού
925 561 1061 646 πόθους
1077 561 1181 654 ύπερ·

209 661 329 754 βολήν.
364 655 409 753 ήν
435 661 469 733 δ’
490 662 639 754 ἑτεροῖόν
655 691 687 734 τι
702 661 742 734 τό
761 663 951 754 γινόμενον.
985 662 1182 754 ἀναλογιζό-

107 793 203 846 P1166
211 792 313 856 μενος
342 763 410 856 γὰρ
441 770 489 847 είς
510 770 589 835 οἷαν
614 764 722 856 τύχην
747 767 781 849 ἐξ
805 769 879 848 οίας
903 764 1099 856 κατήντησε,
1124 769 1208 836 καλε

175 861 200 913 A
212 867 357 955 γέλωτος
381 865 456 950 ἄξια
478 866 640 960 κεκρικοδς
656 866 698 957 τό
716 866 930 958 ἆνθριόπινα,
950 868 1048 955 έγίλα
1065 874 1182 940 ταῦτα.

209 968 404 1059 Βελισόριος
427 967 466 1038 δὲ
490 969 548 1038 καὶ
572 966 679 1038 αύτόν
701 969 759 1038 καὶ
782 967 864 1051 τούς
880 975 949 1039 τῶν
969 967 1182 1059 Θύαυδήλων

209 1071 376 1160 ἄρχοντας
407 1071 549 1157 ἐντίμως
580 1067 762 1160 ἐφύλαττε,
782 1071 1105 1162 ’κομισθήσομένους
1133 1077 1182 1166 τῷ

209 1179 349 1260 βασιλελ.
385 1170 585 1261 παρειλήφει
609 1171 648 1242 δὲ
670 1172 727 1241 καί
746 1178 908 1242 Σικελίαν
931 1173 988 1240 καὶ
1001 1171 1067 1262 τήν
1086 1183 1181 1264 Σαρ-

210 1271 271 1360 δυ’,
296 1277 400 1360 νήσος
425 1272 463 1342 δὲ
481 1273 538 1344 καὶ
556 1268 654 1362 αύτή,
678 1274 736 1342 καὶ
752 1271 793 1342 τὰ
809 1275 906 1364 μέχρι
923 1279 1099 1366 Γαδείρων
1115 1270 1179 1364 ὑφ’
1196 1300 1220 1339 ιο

212 1371 333 1444 ἑαυτὸν
352 1373 547 1464 ἐποιήσατο,
573 1375 632 1444 καὶ
649 1373 756 1456 οὕτως
776 1375 968 1463 ἐπανῆλθεν
987 1379 1035 1458 είς
1052 1374 1089 1446 τό
1108 1385 1181 1447 Βυ-

208 1477 338 1561 ζάντιον
355 1476 413 1544 καὶ
429 1481 524 1564 τιμῆς
541 1475 687 1566 μεγάλης
707 1471 798 1567 παρὰ
820 1481 883 1546 τού
899 1476 1060 1564 βασιλέως
1075 1474 1181 1564 ήξίω-

209 1605 265 1666 το,
293 1575 386 1666 ἄγων
410 1573 517 1648 αύτόν
540 1605 576 1647 τε
601 1576 664 1648 τόν
681 1582 849 1670 Γελίμερα
872 1575 939 1648 σύν
964 1577 1100 1670 γυναικὶ
1122 1579 1183 1647 καὶ

208 1679 337 1761 τέκνοις
354 1678 411 1747 καὶ
428 1678 608 1766 συγγενέσι
630 1679 687 1748 καὶ
705 1685 819 1750 πᾶσαν
835 1676 898 1767 τήν
914 1686 1104 1772 θεραπείαν
1115 1677 1183 1765 αύ-

208 1787 281 1849 τού.
300 1777 372 1848 εἶτα
385 1780 442 1848 καὶ
455 1785 629 1870 θρίαμβον
647 1780 702 1850 έπλ
719 1785 762 1871 τή
777 1786 855 1871 νίκη
869 1780 1047 1870 κατήγαγε,
1061 1789 1183 1852 τελου-
1197 1804 1221 1846 15

208 1880 313 1969 μένης
336 1877 480 1968 ἁμίλλης
502 1883 618 1951 ἵππων
644 1883 681 1951 ἐν
705 1886 753 1975 τῷ
769 1880 918 1976 θεάτρῳ,
943 1880 1052 1952 αύτού
1069 1887 1185 1952 τετοῦ

209 1984 430 2071 κρατοῦντος,
450 1979 495 2064 ὡς
514 1987 606 2072 ἔθος,
624 1982 889 2076 προκαθημένου
906 1983 1040 2072 καὶτῆς
1059 2009 1184 2074 γερου-

211 2089 287 2164 σίας
311 2081 484 2173 παρούσης
507 2083 564 2154 καδ
589 2090 652 2154 τοῦ
675 2083 785 2174 δήμου
810 2083 945 2166 παντός.
981 2085 1041 2154 καὶ
1064 2085 1185 2178 προῄει

174 2184 273 2274 Βμδν
298 2185 334 2254 έκ
356 2190 417 2274 τής
442 2189 512 2256 τόν
535 2189 650 2256 ἵππων
675 2183 860 2277 ύφετηρίας
885 2183 1186 2277 όύρχιστρύτηγος

209 2292 268 2376 τῆς
292 2292 504 2378 πορφυρίδος
526 2293 588 2358 τού
606 2283 796 2378 Γελίμερος
811 2287 1047 2378 παρεπομένου
1067 2287 1185 2376 έχόμε-
1200 2311 1226 2354 εο
1288 2353 1289 2356 ,

210 2415 268 2469 νος
285 2389 330 2478 τή
352 2394 441 2477 χειρί
448 2407 455 2422 ·
484 2387 803 2478 σνμπαρωμοίρτονν
821 2386 857 2458 δ’
877 2385 971 2480 αύτῷ
989 2389 1047 2458 καὶ
1064 2393 1100 2458 οί
1114 2393 1188 2458 τοῖν

209 2488 336 2570 τάξεων
360 2487 539 2576 στρατηγοὶ
563 2489 632 2586 καὶΙ
646 2488 874 2580 ταγματύρχαι
896 2490 954 2560 καὶ
971 2491 1111 2580 λοχαγοὶ
1127 2490 1190 2558 καὶ

209 2593 246 2657 οί
260 2592 323 2656 τού
343 2594 524 2680 Γελίμερος
542 2603 730 2678 συγγενεῖς.
754 2588 820 2680 ήδη
839 2587 868 2660 δ’
888 2588 1048 2679 έφθακύς
1066 2595 1186 2662 ἔναντι

203 2693 265 2758 τοῦ
286 2692 498 2776 κρατοῦντος
517 2688 536 2761 ὁ
560 2691 756 2783 Βελισύριος
782 2697 895 2762 πείθει
917 2689 979 2764 τόν
1006 2697 1181 2782 Γελίμερα

204 2795 251 2872 είς
270 2787 442 2880 τοῦδαφος
467 2799 671 2907 καταβαλεᾶι
697 2791 818 2863 ἑαυτόν
835 2793 892 2863 καὶ
908 2793 1017 2876 ὀὕτως
1036 2790 1188 2864 όπονεῑ-
1203 2818 1234 2864 ετ

203 2920 261 2980 μαι
290 2898 338 2988 τῷ
367 2899 502 2982 βασιλεῖ
528 2893 591 2983 τήν
621 2890 862 2985 προσκύνησιν.
904 2891 922 2963 ό
948 2892 979 2964 δ’
1010 2897 1117 2966 ίποίει
1144 2893 1189 2965 τό
1285 2893 1286 2900 ¹

204 2993 513 3085 προσταττόμενον,
537 2994 780 3085 καταχεόμενος
804 2994 959 3087 δάκρυσι.
995 2997 1053 3066 καὶ
1069 2993 1187 3078 αύτός

204 3094 243 3164 δὲ
261 3091 279 3164 ὁ
297 3094 491 3188 Βελισύριος
515 3097 742 3188 προσούδισεν
760 3095 893 3186 ἑαυτόν,
921 3095 1192 3186 ἐνδεικνύμενος
1285 3169 1287 3178 2

203 3200 251 3286 τῷ
277 3202 432 3288 Γελίμερι
456 3193 506 3266 ότι
530 3195 594 3287 οὐχ
619 3196 665 3280 ὥς
689 3197 899 3288 αἰχμάλωτος
923 3199 1052 3281 έκείνος
1078 3203 1195 3268 τοῦτο
1282 3267 1285 3290 J

205 3299 343 3380 ποιήσαι
361 3291 523 3388 ύπήτητο,
542 3293 620 3368 ἀλλ’
641 3293 693 3369 ότι
709 3297 800 3369 οὕτω
818 3299 1010 3389 νενόμισται
1026 3320 1192 3392 προσκυ-
1210 3325 1236 3368 ει

209 3405 346 3463 νεῖσθαι
363 3401 433 3466 τῶν
445 3395 617 3487 Ῥωμαίων
630 3399 710 3482 τούς
722 3405 883 3492 βασιλεῖς,
900 3401 959 3470 καὶ
975 3400 1080 3473 οίονεὶ
1097 3428 1199 3471 κου-

181 3494 320 3572 Οιρίζων
338 3493 432 3588 αύτῷ
448 3496 486 3566 τό
505 3499 712 3590 δυστύχημα.
747 3502 805 3571 καὶ
821 3501 886 3590 τήν
903 3511 984 3593 ίσην
1000 3503 1040 3573 δὲ
1056 3507 1098 3594 τῇ
1113 3509 1197 3590 βα-
