2510 3834
170 151 211 214 w
386 206 388 211 ,
510 151 800 206 mmmm

168 297 236 362 τάν
253 294 311 378 τῆς
334 295 394 378 γῆς
412 315 552 378 καρπων
576 291 718 360 καὶτῶν
741 287 888 362 ἄλλοθεν
911 292 1136 381 κομιζομένων

169 387 282 477 αὐτοῖς
299 397 569 514 προχειρίζονται.

240 490 285 562 H
306 492 343 562 δὲ
365 489 521 582 τετάρτη,
545 481 584 580 ἧς
607 487 626 562 ό
649 501 827 592 Γαλιλαῖος
847 488 973 574 Ἰούδας
995 495 1137 582 γέγονεν

168 591 321 683 ἡγεμών,
352 590 392 662 τά
419 593 481 682 μὲν
504 590 588 663 ἀλλα
616 607 685 676 τοϊς
710 590 945 681 Φαρισαίοις
929 592 1136 684 ομογνάμων

61 709 177 760 WI190
185 697 321 782 ἐστι,
282 723 340 784 της
355 693 385 764 δ’
405 693 659 785 έλευθερίας’
619 723 704 785 αντη
693 694 837 784 δριμὺς
852 701 934 786 έρως
949 698 1134 786 ἐντέτηκεν,
1149 725 1162 767 ε

169 787 209 885 ἧς
228 800 263 866 οί
277 794 435 886 τρόφιμοι
447 794 552 885 μόνον
565 794 714 886 ἡγεμόνα
728 798 784 866 καί
798 796 965 886 δεσπότην
981 797 1040 868 τὸν
1052 795 1136 867 θεὸν

169 895 408 986 ὀνομάζουσιν,
426 892 599 992 ἀνθρώπῳ
617 903 685 969 τῶν
702 893 877 988 ὀνομάτων
894 895 1022 968 τούτων
1038 923 1136 985 μετα·

135 1012 158 1062 Β
173 998 304 1068 διδόναι
320 996 367 1087 μὴ
384 996 590 1088 ἀνεχόμενοι,
609 997 693 1068 ἀλλὰ
705 1001 762 1069 καί
775 997 947 1078 θανάτους
962 999 1019 1069 καὶ
1036 1025 1136 1086 τιμω·

169 1106 243 1190 ρίας
261 1107 413 1181 ποικίλας
436 1127 472 1170 τε
489 1101 545 1168 καὶ
564 1098 676 1182 δεινάς
699 1099 909 1190 ὑφίστασθαι
930 1097 975 1188 μη
993 1096 1135 1168 ἀπαναι-

169 1199 316 1290 νόμενοι,
335 1206 393 1273 ἵνα
410 1199 455 1290 μὴ
472 1207 532 1290 τῆς
550 1204 712 1290 σφετέρας
731 1204 882 1272 ε’κσταίεν
902 1198 1095 1281 ένστάσεως.
1148 1229 1174 1270 ιο

160 1388 164 1394 ,
241 1300 422 1374 Ἐντεῦθεν
444 1293 507 1373 οὖν
535 1299 655 1393 ἤρξατο
684 1303 721 1374 τὸ
744 1305 812 1372 τάν
838 1297 1012 1372 Ἰουδαίων
1035 1308 1135 1382 έθνος

169 1419 283 1474 νοσεῖν
315 1407 347 1488 έξ
373 1401 489 1484 ἀνοίας
520 1399 683 1474 ἀπόνοιαν
690 1457 700 1492 ,
731 1409 876 1473 Γεσσίου
900 1401 1043 1492 Φλώρου
1067 1406 1134 1490 ,τοῦ

168 1502 331 1594 ἡγεμόνος
350 1511 397 1586 είς
414 1503 539 1593 ταύτην
556 1500 680 1584 αὐτούς
698 1507 913 1594 έρεθίσαντος
930 1501 1082 1590 ὕβρεσιν.
1115 1501 1133 1572 ὁ

164 1607 282 1695 μέντοι
299 1603 486 1695 Κυρήνιος,
510 1609 567 1693 της
591 1602 788 1696 ἀπογραφῆς
811 1607 867 1674 καὶ
890 1610 958 1676 τάν
975 1599 1135 1694 ἀποτιμη-

166 1727 257 1776 σεων
271 1711 547 1796 ’περαιωθεισάν,
575 1713 612 1776 αἳ
629 1709 780 1796 ἐγένοντο
805 1710 842 1778 ἐν
865 1713 931 1778 έτει
950 1708 1133 1797 τριακοστῷ
1148 1733 1174 1774 ιε

165 1809 224 1876 καὶ
243 1805 376 1900 ἑβδόμῳ
393 1805 475 1896 μετά
492 1804 555 1895 την
572 1809 609 1877 έν
623 1803 739 1902 Ἀκτίῳ
757 1799 860 1896 ἧτταν
878 1811 937 1878 τοῦ
952 1804 1134 1879 Ἀντωνίου

169 1904 236 1978 ὑπὸ
254 1911 314 1978 τοῦ
331 1913 521 2034 Καίσαρος,
537 1904 710 1996 Ἰωάζαρον
726 1907 786 1979 τὸν
802 1904 955 1998 ἀρχιερέα
973 1929 1135 1978 καταστα·

114 2020 117 2024 ’
170 2008 395 2131 σιασθέντρι
376 2007 442 2079 υπό
460 2013 521 2080 τοῦ
540 2007 691 2098 πλήθους
715 2005 920 2100 ἀφελόμενος
944 2006 1006 2097 τὴν
1023 2005 1135 2096 τιμήν,

160 2111 289 2185 Ἀνναν
310 2107 370 2192 τόν
387 2113 476 2182 Σεθὶ
500 2108 653 2201 ἀρχιερέα
677 2119 865 2200 καθίστησι.
903 2116 1078 2200 Κυρηνίου
1097 2109 1136 2177 δὲ

172 2219 219 2293 εςί
231 2209 358 2302 Ῥιόμην
371 2208 559 2302 ἀπάραντος
572 2211 747 2293 Κοπάνιος
761 2211 823 2298 τὴν
835 2209 1003 2281 Ἰουδαίαν
1017 2213 1133 2278 διεῖπε.
1150 2237 1177 2277 εο

170 2311 276 2404 τούτῳ
296 2313 334 2382 δὲ
353 2311 507 2401 διάδοχος
524 2319 653 2401 γίνεται
673 2311 810 2398 Μάρκος
826 2306 1051 2398 Ἀμβιβοῦχος.
1079 2311 1136 2380 καὶ

133 2435 158 2485 c
172 2413 230 2484 τὸν
248 2411 392 2500 Μάρκον
405 2409 542 2502 Ρουφος
561 2407 775 2502 διαδέχεται”
768 2421 922 2490 Αννινος.
960 2407 1016 2499 ἐφ’
1038 2437 1079 2480 ον
1066 2399 1136 2499 δη

169 2515 308 2604 τελευτᾷ
329 2521 462 2635 Καίσαρ
491 2509 706 2636 αὐτοκράτωρ
732 2510 918 2600 Ρωμαίων,
950 2508 1051 2601 ἀρξας
1079 2517 1135 2598 ἔτη

171 2611 254 2686 έπτά
272 2615 329 2684 καί
346 2611 553 2702 πεντήκοντα
570 2609 678 2703 μῆνάς
696 2642 731 2684 τε
749 2615 784 2696 ἓξ
767 2607 888 2702 ξέφ’
869 2614 1011 2702 ημέραιν
1016 2618 1134 2736 δυοῖν,

168 2711 231 2804 ἀφ’
253 2744 301 2784 ων
317 2721 617 2806 τεσσαρεσκαίδεκα
640 2720 696 2806 έτη
715 2710 804 2808 αάτῳ
829 2719 995 2804 συνῆρξεν
1016 2709 1134 2786 Ἀντω·
1148 2740 1173 2780 τε
1253 2779 1254 2786 ,

168 2843 260 2906 νιος,
289 2843 334 2898 ως
353 2815 489 2892 εἶναι
457 2845 516 2888 τον
532 2845 591 2904 της
607 2822 788 2906 μοναρχίας
806 2814 910 2886 αὐτοῦ
933 2812 1055 2907 χρόνον
1073 2819 1138 2888 ένι·
1250 2870 1253 2879 .

171 2914 294 3000 αντοδς
311 2915 559 3008 τεσσαράκοντα
576 2916 658 3006 πρὸς
675 2924 779 3007 τρισί,
798 2945 881 2988 κατα
868 2916 939 2988 δέ
954 2937 1122 2998 τιναςσ
1064 2918 1122 2988 τέσ
1122 2955 1136 2966 ·

128 3049 131 3052 ·
169 3040 301 3110 σαρσιν.
334 3019 470 3108 έβίωδδ
489 3025 546 3106 έτη
565 3015 794 3108 έβδομηιιοντα
812 3019 904 3088 καὶ“
888 3016 981 3088 επτά.

243 3117 288 3190 H
302 3121 340 3190 δέ
358 3126 522 3210 μοναρχία
544 3117 724 3209 μετήνεκτο
748 3126 795 3202 είς
819 3122 987 3244 Τιβέριον
995 3147 1053 3206 της
1076 3121 1137 3188 τοῦ
1254 3210 1255 3213 ¹

171 3227 341 3311 Καίσαρος
370 3218 529 3310 γυναικός
556 3217 695 3302 Ἰουλίας
721 3219 808 3292 νίόν.
855 3215 917 3310 ὑφ’
944 3208 987 3289 οά
1009 3215 1136 3307 Γράτος
1150 3245 1177 3286 ιο
1254 3268 1255 3281 1

172 3319 379 3411 Οὐαλλέριος
404 3329 451 3405 εἰς
473 3319 639 3394 Ἰουδαίαν
658 3319 835 3393 ἔσταλτο
817 3317 970 3445 ηχεμτόν
997 3315 1034 3402 δς
1051 3317 1137 3391 παύ-

170 3445 232 3504 σας
258 3419 316 3494 τόν
334 3420 461 3496 ‘Avvav
486 3453 544 3515 της
569 3421 818 3517 ἀρχιερωσννης
844 3419 977 3513 Ἰσμαηλ
1002 3416 1137 3492 ἀποδεί-
