2566 3800
190 145 250 208 162
431 145 503 195 LIB.
516 143 577 198 XII.
596 141 673 194 CAP.
687 141 788 195 XXXI.
801 141 916 192 XXXII.

172 369 174 378 y
187 281 205 356 ὁ
223 287 363 374 Ναρσης
373 288 557 374 πρεσβείαν
569 279 652 370 πρὸς
665 279 909 368 Διοκλητιανὸν
923 282 979 350 καλ
992 281 1155 371 Γαλέριον

189 385 376 474 ἐποιήσατο,
391 380 468 468 τοῦς
482 388 604 466 παῖδας
622 383 678 452 καὶ
691 381 748 466 τάς
762 397 925 470 γυναῖκας
942 379 1156 471 ἀποδοθῆναι

188 484 281 580 αῦτῷ
306 484 410 569 άξιῶυ
436 481 584 568 σπονδάς
608 486 734 556 θέσθαι
758 483 935 572 εἰρηνικάς.
976 485 1033 554 καί
1059 491 1155 574 ἐτνγε

185 595 245 678 τῆς
262 586 436 676 αἰτήσεως,
455 586 571 668 ἐκστάς
588 601 657 668 τοῖς
670 583 839 678 Ῥωμαίοις
856 581 946 656 ὅσων
965 583 1152 673 ἐβούλοντο.

263 691 331 764 Καὶ
354 687 477 773 ἄλλους
501 688 540 758 δέ
564 686 708 770 πολλοῦς
730 688 895 776 πολέμους
921 685 1182 778 κατάρθωσανε

85 787 427 882 ΡΙσεῖΔιοκλητιανῦς
444 791 500 862 καὶ
519 786 748 879 Μαξιμιανός,
772 787 850 870 τοῦς
874 789 937 878 μὲν
955 785 1003 860 δι’
1024 792 1155 860 ἕαυτεῑν

186 890 293 984 ἢτῦν
310 889 510 982 Καισάρων,
533 889 611 972 τοῦς
630 891 668 962 δὲ
685 889 742 960 διά
760 894 977 979 στρατηγῦυ,
1002 893 1059 960 καί
1076 892 1157 972 τοῦς

186 990 287 1086 ὅρους
321 1001 380 1081 τῆς
415 999 586 1082 βασιλείας
619 989 818 1064 ἐπλάτυναν.
862 986 914 1073 οἷς
945 991 1105 1080 ἐπαρθείς
1135 989 1154 1062 ὁ

186 1094 428 1184 Διοκλητιαυός
436 1097 492 1166 καὶ
505 1096 590 1183 μέγα
597 1090 771 1182 φρονήσας
783 1090 895 1164 οὐκέτι
908 1092 1154 1186 προσαγορεῦε·

186 1209 270 1268 σθαι
287 1195 377 1285 παρὰ
395 1199 453 1285 τῆς
471 1201 647 1286 γερουσίας
666 1193 710 1276 ὡς
733 1193 851 1288 πρβην
874 1193 1044 1286 ἠνείχετο,
1068 1191 1154 1266 άλλδι
1168 1231 1195 1269 ιο

186 1309 452 1386 προσκυνεῖσθαι
470 1299 639 1385 ἐθέσπισε,
656 1297 714 1366 καί
730 1294 788 1378 τάς
803 1299 946 1385 ἐσθῆτας
961 1298 1082 1368 ἑαυτοῦ
1095 1300 1152 1368 καί

185 1395 226 1469 τά
243 1395 442 1489 ὑποδήματα
459 1401 572 1490 χρυσῷ
590 1399 648 1468 καὶ
664 1403 774 1480 λίθοις
792 1399 848 1471 καί
871 1395 1054 1488 μαργάροις
1079 1398 1154 1470 ἐκέ·

186 1521 314 1590 σμησε,
349 1501 406 1572 καὶ
440 1505 579 1570 πλείονα
612 1501 832 1572 πολυτέλειαν
864 1515 934 1582 τοῖς
969 1507 1154 1587 βασιλικοῖς

186 1601 393 1693 παρασήμοις
424 1602 569 1672 ἐνέθετο.
612 1605 648 1670 οἱ
666 1599 785 1693 πρῴην
808 1599 872 1690 γάρ
896 1608 1045 1688 βασιλεῖς
1070 1601 1153 1672 κατά

185 1701 264 1784 τοῦς
286 1700 435 1784 ὑπάτους
458 1707 651 1792 τετίμηντο,
677 1704 734 1799 καί
756 1709 816 1791 τῆς
842 1709 1014 1790 βασιλείας
1045 1701 1153 1794 παρά·
1167 1735 1193 1775 ιι

186 1825 294 1893 σημον
310 1802 415 1892 μόνον
433 1803 524 1892 εἶχον
540 1807 741 1893 πορφυροῦν
757 1801 982 1893 περιβόλαιον.

141 1917 183 1984 32
271 1907 339 1976 Τοῦ
357 1909 505 1994 διωγμοῦ
524 1901 557 1974 δ’
578 1906 809 1994 ἐπιταθέντος,
834 1907 890 1976 καί
913 1903 1154 1995 ἀναριθμήτων

150 2001 324 2096 Βάνδρῦν
340 2009 586 2096 καὶγυναικῶν
610 2001 695 2095 ῦπὲρ
720 2012 778 2095 τῆς
803 2013 852 2089 είς
870 2005 1015 2096 Χριστόν
1036 2006 1153 2097 ὁμολο-

183 2113 259 2196 γίας
276 2107 511 2198 θνησκόντων,
529 2110 585 2178 καὶ
601 2111 670 2180 των
687 2109 817 2180 πιστοῦν
830 2117 878 2180 ἔτι
890 2107 1153 2196 πλεοναζόντων,

184 2211 381 2300 ἐκμανέντες
399 2214 434 2282 οί
447 2208 610 2299 τῦραννοι
627 2199 719 2280 οῦτοι
736 2209 813 2300 περί
835 2206 872 2280 τδ
900 2211 1149 2282 ἐνυεακαιδέκα-
1165 2240 1195 2281 εο

183 2339 242 2384 τον
272 2319 343 2394 ἔτος
373 2317 431 2400 τῆς
462 2313 708 2399 Διοκλητιαυοῦ
738 2316 910 2400 βασιλείας
938 2317 1154 2399 θεσπίσματα

183 2417 354 2500 πανταχοῦ
378 2413 604 2500 διεπέμψαντο
633 2423 876 2502 καθαιρεῖσθαι
905 2414 959 2482 καὶ
983 2411 1152 2484 natand-

182 2524 326 2582 πτεσθαι
356 2511 414 2593 τάς
443 2518 511 2582 τῶν
533 2516 736 2603 χριστιανῦν
769 2516 943 2603 ἐκκλησίας
973 2511 1154 2587 κελεύοντα
1281 2579 1282 2582 ,

183 2613 239 2684 καί
273 2611 331 2694 τάς
365 2618 504 2701 βίβλους
547 2609 660 2686 αῦτοῦν
699 2621 941 2688 κατακαίεσθαι
984 2617 1040 2686 καί
1074 2615 1153 2697 τοῦς
1280 2673 1282 2686 ,

183 2719 284 2803 ἱερεῖς
319 2711 432 2785 αῦτῦυ
467 2709 511 2798 ῦς
548 2714 769 2798 διδασκάλους
804 2719 861 2788 καὶ
901 2715 1050 2807 κήρυκας
1092 2721 1152 2807 τῆς
1166 2747 1194 2787 τε
1279 2759 1281 2804 η

181 2823 326 2898 πίστεως
344 2812 553 2906 ἀσυμπαθοῦς
571 2815 884 2909 προσαπόλλυσθαι,
902 2823 971 2888 τῦυ
988 2816 1021 2888 δ’
1038 2815 1154 2901 ἄλλων

181 2916 262 3000 τοῦς
294 2914 402 3002 άξίαις
436 2911 457 3006 ἢ
492 2923 679 3009 στρατείαις
714 2922 988 3009 κατειλεγμένους
1027 2917 1155 3010 ἀτίμως

182 3016 421 3100 ἐξελαύνεσθαι
438 3020 495 3090 καὶ
513 3022 572 3108 τῆς
588 3015 682 3103 άξίας
699 3022 831 3109 καὶτῆς
856 3028 1047 3111 στρατείας,
1071 3019 1155 3103 τοῦς

182 3119 220 3188 δὲ
236 3117 338 3207 τῦηης
357 3117 523 3204 ίδιιέτιδος
540 3117 639 3202 ὄντας
658 3126 877 3193 δουλοῦσθαι.

249 3264 316 3330 Gap.
330 3267 374 3320 32.
396 3266 529 3318 Fortasse
543 3268 598 3320 Dio
612 3271 800 3334 continuatus,
818 3285 870 3336 quo
888 3270 980 3322 locum
991 3268 1038 3320 vel
1056 3271 1153 3335 potius

181 3343 241 3378 eum
254 3347 286 3382 οο
304 3345 384 3394 quem
402 3332 451 3384 ille
464 3335 591 3398 sequitur
605 3341 746 3402 postrema
763 3339 918 3389 communia
931 3333 1018 3388 habet
1028 3353 1063 3388 ea
1076 3352 1153 3402 quae

180 3399 247 3472 sunt·
261 3411 288 3460 p.
297 3399 357 3478 ,246
375 3397 445 3462 (232,
460 3401 491 3451 13
502 3399 547 3463 L.)
564 3401 619 3458 vol.
633 3405 657 3464 2,
671 3419 697 3470 p.
711 3406 736 3470 6,
750 3406 782 3456 Β.
813 3404 929 3457 Eusebii
942 3404 1088 3456 Historiae
1101 3419 1148 3456 ee·

179 3457 359 3516 οΙοειειῖιτοε
375 3463 394 3517 1.
413 3466 437 3515 8.
