2538 3824
182 170 245 234 406
499 171 571 224 τοι.
584 171 618 220 x.
638 171 716 221 σει).
728 169 831 220 xxm.

184 309 338 399 ἀλλήλων
373 307 571 400 ἐφθάρησαν
607 312 644 380 ἐν
676 313 717 399 τη
747 311 841 398 φυγῇ
867 305 1149 398 συμπατούμενοι,

82 419 249 482 W1114902'
270 441 305 484 τε
329 414 604 504 περιλειφθέντες
627 417 674 508 είς
692 419 849 482 Κιλικίαν
871 416 1008 499 ἔφυγον.
1044 408 1150 480 όΛα·

184 514 299 604 βιηυός
331 515 367 584 δὲ
397 504 497 596 αὖθις
522 511 714 602 ἡτοιμάζετο
737 510 829 600 ἥξειν
853 515 886 593 ἐς
908 525 1019 601 χεῖρας
1047 507 1149 604 αύτῷ.
1267 573 1268 576 ,

184 621 217 688 οί
235 616 272 686 δὲ
290 622 489 704 στρατιῶται
506 613 719 703 ἀθυμοῦντες
737 613 793 684 διά
809 611 872 702 τὴν
885 619 954 684 τάν
967 611 1152 702 βαρβάρων

183 715 310 808 φυγήν,
328 715 517 809 άποδρᾶναι
533 715 654 797 νυκτὸς
672 720 898 806 ἐπεχείρησαν.
935 716 1100 786 καὶτοῦτο
1115 717 1149 798 ἐξ
1163 740 1178 783 τ

185 817 372 910 αὐτομόλου
390 817 557 908 προγνοὺς
574 815 591 888 ό
608 823 793 906 Βεντίδιος,
814 815 956 898 πολλούς
974 817 1037 906 μὲν
1055 819 1093 886 έν
1109 819 1150 906 τῇ

184 919 394 1011 ἀποχωρήσει
418 917 560 1010 λοχήσας
584 916 772 1006 ἀπέκτεινε,
796 917 874 1000 τούς
894 919 930 989 δὲ
948 917 1084 1000 λοιπούς
1102 925 1151 999 είς

188 1021 309 1093 ἑαυτὸν
328 1021 546 1093 ἐπεσπάσατο.
583 1025 709 1102 ἐκεῖνος
734 1021 772 1090 δὲ
794 1019 868 1090 τότε
892 1021 953 1109 μὲν
976 1022 1150 1110 διέφυγεν,

184 1121 386 1213 ὕστερονδὲ
409 1122 476 1194 ὑπὸ
493 1130 691 1213 Δημητρίου
715 1119 819 1211 ἑάλω,
842 1117 879 1203 ὃς
901 1127 962 1192 τού
986 1125 1152 1211 προτέρου

151 1233 355 1312 ΟΚαίσαρος
374 1225 588 1314 ἐξελεύθερος
606 1223 671 1312 άυ,
689 1221 762 1294 τότε
780 1224 870 1314 παρὰ
887 1227 947 1293 τού
969 1219 1151 1296 Ἀντωνίου
1164 1251 1192 1292 ω

186 1335 234 1409 είς
252 1326 394 1417 Κύπρον
417 1325 610 1397 ἀπέσταλτο.
647 1331 820 1407 Βεντίδιος
845 1325 883 1394 δὲ
906 1325 968 1413 τὴν
992 1331 1152 1396 Κιλικίαν

186 1432 360 1520 ἐκομίσατο
377 1432 433 1500 καὶ
450 1436 589 1499 Σίλωνα
606 1424 686 1516 μεθ’
715 1429 844 1498 ίππέων
861 1433 909 1508 είς
929 1424 987 1496 τόν
1007 1423 1151 1516 Ἀμανὸν

185 1533 416 1620 προέπεμψεν,
440 1527 516 1617 όρος
536 1530 572 1600 δὲ
590 1527 688 1599 τούτό
705 1532 796 1600 ἐστιν
814 1533 851 1600 ἐν
867 1534 1038 1618 μεθορίοις
1056 1537 1151 1600 Κιλι-

185 1641 259 1714 κίας
283 1635 339 1701 καὶ
357 1639 487 1718 Συρίας
511 1637 684 1720 κείμενον,
711 1634 833 1722 κομιδῇ
855 1627 978 1718 στενὴν
995 1637 1071 1720 ἔχον
1089 1629 1152 1718 τὴν

187 1739 317 1804 δίοδον·
359 1741 444 1804 ἔνθα
468 1735 524 1802 καὶ
550 1731 788 1804 ἐκινδύνευσεν
812 1727 855 1802 άυ
877 1729 944 1802 ὑπό
969 1735 1037 1802 τοῖν
1060 1729 1192 1818 παράιι

184 1841 244 1904 τού
258 1832 417 1924 Πακόρου
431 1837 640 1924 τεταγμένων
653 1831 834 1923 φυλάττειν
848 1829 941 1922 αύτό,
961 1840 992 1903 εί
1007 1831 1152 1923 μὴκατὰ

184 1933 290 2026 τύχην
303 1935 320 2006 ὁ
334 1942 506 2020 Βεντίδιος
520 1937 695 2030 μαχομένφ
714 1931 803 2028 αύτῷ
823 1935 955 2017 ἐπιστάς
973 1929 1151 2024 ἐβοήθησε.

113 2053 115 2058 ’
185 2041 241 2108 καὶ
259 2034 345 2108 οὕτω
363 2037 425 2127 τήν
442 2067 478 2110 τε
496 2046 645 2126 Συρίαν,
664 2035 752 2126 πλὴν
769 2041 838 2108 τεόν
852 2036 1027 2127 Ἀραδίων,
1046 2039 1150 2126 παρέ-

184 2148 300 2229 λαβεν,
320 2140 390 2210 εἶτα
407 2143 462 2210 καὶ
479 2139 541 2228 τὴν
559 2145 791 2228 Παλαιστίνην
807 2140 974 2228 κατέσχεν.

257 2241 400 2313 Ἀππίου
420 2242 457 2312 δὲ
471 2248 645 2312 Κλαυδίου
663 2243 719 2310 καὶ
733 2249 840 2312 Γαΐου
853 2243 1047 2329 Νωρβαυού
1057 2237 1146 2308 ύπα-
1161 2263 1190 2304 ιο

184 2344 353 2414 τενόντων
370 2341 407 2412 τὸ
424 2348 554 2431 πλῆθος
571 2341 655 2431 πρός
668 2339 746 2424 τούς
758 2339 904 2424 τελύνας
917 2339 1151 2432 βαρυνόμενον

184 2461 256 2526 ταῖς
275 2442 486 2532 είσπράξεσιυ
505 2447 697 2532 ἐστασίασε,
716 2441 884 2526 κάκείυοις
901 2445 958 2514 καὶ
975 2461 1044 2526 τοῖς
1060 2440 1153 2531 ύπη-

185 2547 294 2635 ρέταις
303 2561 371 2627 τοῖς
381 2574 416 2616 τε
430 2543 642 2634 στρατιύταις
654 2561 724 2627 τοῖς
738 2543 1038 2635 συνεισπράττουσι
1053 2551 1153 2634 σφίσι

184 2646 225 2717 τά
242 2645 393 2736 χρήματα
412 2651 445 2728 ἐς
463 2664 574 2737 χεῖρας
592 2645 706 2738 ᾔεσαν.

151 2760 176 2811 D
261 2743 296 2820 Ὁ
322 2749 360 2818 δέ
377 2757 509 2838 Καίσαρ
533 2747 594 2838 τὴν
611 2755 734 2837 Λιβίαν
757 2757 887 2838 ἔγημεν.
923 2737 966 2836 ἦν
984 2747 1022 2817 δὲ
1039 2745 1191 2835 θυγά-εσ

184 2878 246 2940 τηρ
270 2851 332 2941 μέν
357 2856 478 2938 Λιβίου
504 2849 680 2941 Δρούσου,
717 2847 753 2932 ὃς
779 2849 901 2921 ἑαυτὸν
923 2847 1005 2940 μετά
1026 2845 1089 2936 τὴν
1115 2852 1153 2919 ἐν

185 2958 384 3044 Μακεδονίᾳ
401 2943 503 3041 ἧτταν
521 2959 755 3042 διεχειρίσατο,
778 2949 864 3040 γυνη
891 2951 929 3022 δὲ·
952 2957 1012 3022 τού
1030 2953 1154 3036 Νέρω·

184 3081 260 3144 νος,
284 3057 341 3124 καὶ
364 3061 482 3143 ἔγκυος
506 3045 549 3143 ἦν
572 3058 604 3138 ἐξ
631 3057 761 3124 ἐκείνου
784 3058 874 3142 μῆνα
898 3056 1003 3123 ἕκτον.
1041 3049 1153 3121 διστά-

186 3163 296 3237 ζοντος
321 3157 357 3226 δὲ
382 3156 438 3225 διά
462 3163 559 3227 τούτο
576 3159 637 3226 τού
654 3162 824 3244 Καίσαρος
841 3153 1028 3244 ἀγαγέσθαι
1045 3149 1154 3242 αύτην

187 3256 225 3321 ἐν
247 3259 365 3345 γαστρὶ
390 3263 549 3346 ἔχουσαν,
576 3262 611 3326 οί
634 3263 733 3344 ίερείς
756 3262 791 3326 οί
811 3261 1081 3344 ποντίφικες,ἐί
1105 3251 1152 3343 μὴ
1166 3279 1192 3320 ιο

187 3347 323 3425 άνόσιον
341 3367 392 3444 είη
410 3360 523 3443 τούτο,
550 3360 772 3446 ἐρωτηθέντες
798 3357 893 3428 εἶπον
916 3355 960 3440 ὡς
987 3364 1019 3426 εί
1033 3357 1096 3445 μὲν
1115 3358 1152 3426 ἐν

187 3447 362 3546 ἆμγιβόληι
392 3456 428 3526 τὸ
459 3455 570 3544 κύημα
600 3448 660 3546 ἦν,
695 3457 926 3549 ὑπερτεθῆναι
955 3457 1013 3530 τὸν
1042 3455 1152 3546 γάμον
