2558 3820
461 188 533 240 Lm.
546 189 579 244 x.
598 185 676 238 οεε.
695 187 744 244 lx.
1013 187 1076 254 363

104 359 175 421 μην
192 327 230 398 δέ
247 329 303 398 καὶ
329 333 400 416 σοι’,
426 325 581 419 Πομπήιε
600 325 738 418 Μάγνε,
765 326 969 418 γενήσεσθαι
992 350 1076 421 συμ-

102 425 230 523 φορά”.
261 423 281 500 ὁ
296 429 334 499 δὲ
348 428 430 520 πρδς
444 435 549 500 ταῦτα
557 425 660 520 “μίαν
673 427 756 521 άρα,
771 437 954 521 Κορνηλία,
971 429 1077 522 τύχην

102 527 221 623 ήδεις”
237 539 302 621 ἔφη
312 529 395 620 “τήν
408 529 586 622 ἀμείνονα,
604 528 626 620 ἢ
644 533 700 602 καλ
713 532 752 603 σὲ
765 542 847 614 ῖσως
861 531 1076 623 ἐξηπάτησεν,

103 633 156 705 ὅτι
183 663 239 723 μοι
261 633 365 705 πλέον
386 640 445 705 τοῦ
469 631 643 724 συνήθους
665 636 874 725 παρέμεινεν.
910 631 994 705 ἀλλά
1020 639 1077 706 καὶ

74 765 89 807 ε
102 737 211 806 ταῦτα
225 742 280 807 δεῖ
290 737 408 826 φέρειν
421 731 626 827 ἀνθρώπους
638 733 737 819 ὄντας
744 789 754 826 ,
772 738 829 807 καὶ
842 739 901 825 τῆς
912 734 1015 827 τύχης
1028 743 1077 808 ἔτι

101 837 288 928 πειρατέον.
324 835 365 908 οὐ
387 835 452 928 γάρ
469 833 670 910 ἀνέλπιστον
688 841 725 908 έκ
747 836 876 910 τούτων
898 845 946 920 εἰς
965 842 1076 910 ἐκεῖνα

101 954 305 1030 μεταπεσεῖν
321 935 380 1010 τδν
398 943 432 1023 ἐξ
450 943 589 1011 ἐκείνων
607 943 644 1009 έν
661 937 790 1022 τούτοις
807 935 1018 1031 γενόμενον.”

178 1036 373 1130 Ἀναλαβάν
392 1041 430 1111 δλ
447 1039 510 1130 τήν
526 1056 672 1130 γυναῖκα
689 1043 745 1112 καὶ
765 1039 843 1124 τούς
863 1049 984 1132 φίλους
1004 1043 1075 1112 έκο-

99 1149 222 1234 μίζετο.
259 1144 316 1213 καὶ
335 1149 382 1224 είς
402 1140 592 1214 Ἀττάλειαν
616 1140 745 1230 έλθύν,
770 1140 870 1214 πόλιν
891 1147 950 1234 τής
974 1153 1075 1232 Παμ-

58 1275 86 1316 ιο
100 1251 228 1335 φυλέας
238 1296 248 1332 ,
273 1233 353 1335 εύρε
370 1247 427 1315 καὶ
444 1242 589 1336 τριήρεις
607 1247 644 1317 ἐκ
660 1251 815 1326 Κιλικίας
839 1246 895 1315 καὶ
913 1244 1075 1334 στρατιά-

98 1375 179 1434 τας,
203 1347 260 1415 καλ
277 1347 394 1416 πολλοὶ
411 1351 481 1417 τῶν
504 1350 735 1435 συγκλητικῶν
752 1347 829 1437 περὶ
848 1343 952 1417 αύτὸν
975 1367 1107 1422 evm-D

100 1451 258 1538 λέγησαν.
301 1449 436 1518 πολλάν
460 1448 498 1518 δὲ
520 1446 699 1538 γενόμενος
723 1454 909 1538 λογισμῶν,
941 1451 1075 1536 ἐνίκησε

98 1559 295 1620 τελευταῖον
311 1546 454 1638 φεύγειν
472 1555 520 1632 είς
537 1560 722 1639 Αῖγυπτον.
764 1551 820 1620 καλ
843 1547 965 1639 μαθάν
982 1559 1074 1620 Πτο·

100 1660 241 1741 λεμαῖον
266 1647 397 1740 διάγειν
421 1657 468 1732 είς
491 1648 529 1722 τδ
545 1648 756 1740 Πηλούσιον,
782 1655 854 1724 ἐκεῖ
874 1653 1072 1741 κατηνέχθη.

56 1780 86 1824 ιε
102 1757 316 1842 Πτολεμαίου
331 1753 367 1823 δὲ
381 1748 615 1845 ὄντεςκομιδῇ
627 1756 706 1825 νέου
721 1758 830 1826 διεῖπε
842 1749 883 1823 τά
896 1751 1074 1847 πράγματα

101 1852 270 1936 Ποθεινὸς
300 1852 318 1924 ὁ
350 1851 519 1944 εὐνοῦχος.
566 1856 622 1925 καὶ
648 1853 771 1944 μαθδν
793 1856 870 1943 περὶ
893 1863 1074 1944 Πομπηίου

1 1985 2 1992 “
101 1952 244 2044 ἤθροισε
265 1952 394 2044 βουλήν
415 1959 486 2027 τοῖν
509 1953 589 2044 παρ’
611 1953 703 2049 αύτῷ
728 1958 927 2045 δυναμένων
949 1953 990 2026 τά
1012 1960 1073 2045 μέ-

101 2076 209 2146 γιστα.
252 2059 308 2127 καὶ
330 2061 365 2127 οί
386 2056 449 2146 μὲν
472 2053 677 2128 ἀπελαύνειν
702 2053 882 2145 Πομπήιον
908 2055 1074 2144 συνεβού-

1 2201 2 2243 3
101 2169 221 2246 λευον,
240 2163 276 2230 οί
292 2159 329 2229 δέ
348 2161 523 2249 δέχεσθαι·
551 2153 569 2228 δ
589 2157 627 2228 δλ
644 2167 727 2238 Χῖος
745 2155 909 2236 Θεόδοτος
926 2152 944 2226 ὁ
963 2155 1073 2247 ῥήτωρ

1 2250 2 2258 ¹
57 2287 89 2328 εο
103 2257 245 2350 γνάμην
262 2257 458 2350 εἰσήνεγκεν
474 2258 610 2331 ἀνελεῖν
627 2255 747 2347 αύτόν,
775 2255 922 2328 έπειπύν
945 2255 997 2328 ὅτι
1019 2285 1073 2329 νε·

101 2360 182 2452 κρδς
205 2357 246 2431 ού
278 2359 402 2434 δάκνει,
448 2359 634 2451 ἐστάλησαν
663 2351 726 2431 οὖν
755 2386 844 2440 τινες
873 2357 935 2430 τδν
964 2356 1073 2449 ἄνδρα

1 2555 2 2558 ¹
100 2461 395 2553 μετακαλούμενοι.
428 2458 473 2544 άς
492 2462 525 2534 δ’
547 2464 639 2534 εἶδον
655 2469 692 2533 οί
705 2457 778 2552 μετ’
797 2459 903 2533 αύτού
919 2457 961 2531 ού
979 2467 1073 2550 βασι·

100 2563 202 2654 λικήν
226 2561 307 2635 οὐδὲ
330 2563 486 2654 λαμπρὰν
507 2562 570 2654 τήν
593 2562 784 2654 ἀποδοχήν,
816 2559 888 2634 ἀλλ’
920 2566 975 2634 έπλ
998 2567 1073 2653 μιᾶς

100 2664 240 2747 ἁλιάδος
263 2667 513 2756 προσπλέοντας
542 2661 676 2755 ὀλίγους
703 2663 925 2755 ἀνθρώπους,
955 2663 1175 2736 iudx-Pus?

56 2793 88 2834 τε
101 2788 229 2838 τευσαν
252 2763 314 2858 τήν
338 2763 536 2858 ὀλιγωρίαν,
564 2767 619 2836 καὶ
644 2769 692 2860 τῷ
708 2773 874 2860 Πομπηίῳ
898 2764 1074 2857 παρῄνουν

100 2866 164 2958 τήν
181 2871 270 2939 ναύν
288 2875 335 2952 είς
353 2871 496 2958 πέλαγος
513 2866 776 2960 ἀνακρούεσθαι.
812 2866 1017 2954 πελαζούσης
1036 2867 1074 2935 δὲ

100 2973 162 3058 τῆς
184 2967 321 3053 ἁλιάδος
344 2978 522 3060 μετελθεῖν
546 2977 594 3052 είς
618 2966 725 3059 αύτήν
746 2966 865 3057 ήξίουν
889 2965 994 3036 αύτδν
1018 2968 1075 3036 έλ-

100 3073 234 3160 ληνιστὶ
258 3067 504 3162 ἀσπασάμενοι,
527 3072 665 3158 τέναγος
688 3071 841 3158 λέγοντες
865 3067 953 3140 εἶναι
976 3064 1073 3155 πολύ,

100 3174 159 3244 καὶ
177 3173 284 3262 βάθος
301 3171 365 3244 ούκ
383 3180 469 3264 ἔχειν
486 3171 566 3244 ούδλ
591 3169 742 3261 πλάιμον
766 3169 852 3240 εἶναι
869 3165 997 3261 τριήρει
1013 3167 1075 3258 τήν

59 3301 87 3342 ει
100 3273 300 3364 θάλασσαν,
317 3273 524 3365 ὑπόψαμμον
536 3267 653 3346 οὖσαν.
685 3268 919 3362 ἀσπασάμενος
937 3261 999 3342 οὖν
1011 3271 1075 3360 τήν

99 3383 298 3468 Κορνηλίαν
327 3379 660 3468 προαποθρηνοῦσαν
683 3371 788 3446 αύτού
809 3373 846 3446 τδ
878 3376 988 3462 τέλος,
1019 3375 1074 3441 καὶ

100 3476 165 3549 δύο
191 3476 452 3570 ἑκατοντάρχους
475 3479 706 3571 προσεμβήναι
735 3473 895 3556 κελεύσας
926 3475 983 3544 καῖ
1006 3479 1075 3543 τῶν
