2558 3820
198 147 263 212 344
553 147 625 200 Lm.
638 147 672 196 x.
692 147 771 197 υΑΡ.
783 147 821 198 11.

201 285 298 375 δόξης
322 288 378 358 καὶ
404 283 578 375 δυνάμεως
602 289 619 357 6
645 282 838 374 Πομπήιος,
870 281 1108 374 αἰσχυνόμενος
1134 285 1171 354 66

201 385 346 458 κωλύειν
363 386 506 476 ἡσυχίαν
523 377 593 476 ήγε.
628 389 774 468 Λέπιδος
791 389 904 476 μέντοι
928 392 1061 476 σπονδή
1079 395 1170 473 Πομ·

201 499 303 578 πηίου
321 487 482 570 ὑπατείας
499 486 629 578 τνχιόν,
649 494 696 569 εἰς
713 486 775 576 τήν
788 485 907 558 Σύλλα
922 486 1069 576 δύναμιν
1088 488 1170 557 ἐκεί·

201 619 264 660 νου
281 588 541 678 τελευτήσαντος
561 588 682 660 ἑαυτὸν
701 596 876 676 εἰσεποίει,
900 591 956 660 καὶ
975 585 1080 670 εὐθύς
1099 593 1171 658 ἕνο-

168 701 282 774 Βπλος
311 683 371 780 ἦν,
402 691 442 761 τά
468 695 536 765 των
559 688 710 762 στάσεων
734 688 905 768 ἀνακινῶν
928 687 1198 780 ὑπολείμματα,

201 795 258 862 καὶ
293 791 311 863 6
342 789 516 884 Πομπήιος
546 790 681 882 ἡγεμόν
711 789 956 882 στρατεύματος
985 789 1172 879 ἀπεδείχθη

202 893 284 964 κατά
304 899 473 981 Λεπίδου,
499 891 564 982 ήδη
589 892 695 964 πολλά
718 900 776 981 τῆς
796 891 937 975 Ἰταλίας
961 887 1172 980 κεκινηκότος

201 997 259 1066 καὶ
276 993 338 1083 τήν
356 995 447 1076 ἐντός
458 993 611 1068 Ἀλπεων
628 1001 799 1066 Γαλατίαν
823 994 879 1066 διά
893 992 1048 1083 ,Βρούτον
1075 995 1173 1064 κατί-

200 1124 325 1186 χοντος.
375 1103 443 1166 τῶν
473 1098 534 1186 μὲν
564 1087 627 1168 οὖν
651 1093 763 1166 ἀλλων
786 1099 912 1189 ῥηιδίως
943 1093 1124 1186 ἐκράτησεν
1152 1093 1171 1164 6

201 1195 394 1288 Πομπήιος,
419 1194 685 1288 ἀντικαθήμενος
705 1198 742 1269 δὲ
758 1225 805 1291 τῳ
794 1195 963 1292 Βρούτῳ
988 1195 1169 1286 ἐχρόνισεν.
1185 1233 1212 1274 10

202 1297 309 1370 εἶτα
292 1297 413 1369 εαυτόν
430 1298 610 1388 ὁΒρούτος
628 1298 719 1392 αὐτῷ
735 1294 992 1390 ἐνεχείρισεν,“
971 1327 993 1387 η
1010 1304 1173 1421 μεταβαλ-

202 1401 341 1490 λόμενος
358 1429 379 1486 η
364 1396 583 1489 προδοθείς.
615 1402 699 1470 καὶ
685 1431 703 1472 ο
717 1400 779 1488 μὲν
792 1399 943 1492 ἀνηρίθη
951 1452 961 1488 ,
979 1389 1086 1488 ούπερ
1099 1397 1174 1480 υίὸς

201 1491 244 1588 ἦν
261 1499 278 1572 6
296 1500 355 1572 τὸν
374 1497 568 1626 Καίσαρα”
544 1523 689 1590 υστερον
714 1499 994 1591 διαχειρισάμενος
1010 1506 1173 1588 Βροῦτος,

201 1605 347 1683 Λέπιδος
366 1602 459 1672 δὲ
421 1631 479 1691 της
493 1599 632 1684 Ἰταλίας
648 1602 865 1684 ἐκπεπτωκώς
881 1602 971 1696 νόσῳ
989 1597 1172 1672 ἀπέθανεν.

273 1699 310 1772 Ὁ
328 1705 439 1790 μέντοι
457 1701 648 1826 Σερτιόριος
670 1731 732 1826 την
746 1701 852 1796 ’ίΙβηρ
851 1733 894 1774 αν
919 1710 1004 1793 ἔχων
1026 1699 1172 1792 φοβερός
1187 1737 1212 1778 ιι

202 1793 253 1889 ἦν.
291 1805 348 1873 καὶ
366 1803 449 1892 πρὸς
467 1833 587 1876 τουτον
605 1795 669 1876 ούν
693 1833 710 1875 ο
729 1803 902 1895 Πομπήιος
927 1803 1064 1928 ἐστάλη,
1089 1829 1173 1892 συμ-

169 1922 190 1972 c
202 1901 362 1994 μαχήσων
376 1901 502 1999 Ὀππίῳ
522 1908 683 2031 Μετέλλῳ
706 1907 881 2000 μαχομένῳ
906 1904 988 1994 πρός
1010 1905 1070 1976 τὸν
1087 1917 1173 1992 Σερ·
1277 1895 1278 1922 ³

202 2004 332 2097 τοτ’ριον.
366 1983 843 2097 είςἸβήρίανδλάφικόμενος
861 2007 1074 2097 πρῶτονμὲν
1093 2007 1173 2076 δυσὶ
1277 2041 1278 2048 ¹

202 2124 398 2198 στρατηγοῖς
416 2107 632 2196 ἀντικατίστη
652 2114 711 2179 τοῦ
728 2115 941 2198 Σερτωρίου,
960 2111 1017 2178 καὶ
1035 2105 1172 2195 νικήσας
1277 2153 1278 2178 ι

201 2205 288 2298 ὑπὲρ
310 2219 453 2299 μυρίους
471 2209 678 2282 ἀπέκτεινεν·
708 2209 778 2281 εἶτα
800 2212 856 2280 καί
880 2205 971 2304 αύτῷ
990 2214 1172 2301 Σερτωρίῳ
1186 2241 1215 2284 ιο
1277 2227 1278 2271 ἒ

201 2314 385 2399 προσμίξας
409 2309 595 2402 ἀμφίδοξον
619 2318 737 2401 ἔσχηκε
760 2309 819 2382 τόν
841 2308 965 2400 ἀγῶνα.
1008 2307 1174 2381 ἐπελθόν-
1276 2329 1277 2404 ]

201 2439 256 2492 τος
276 2411 313 2481 δὲ
332 2421 499 2506 Πομπηίῳ
516 2412 588 2484 όντι
608 2412 730 2504 ι’ππύτη
748 2410 872 2500 ἀνδρὸς
895 2411 1042 2502 μεγάλου
1060 2416 1173 2498 πεζοῦ,
1276 2481 1277 2486 ,

201 2509 219 2583 6
238 2511 302 2598 μὲν
316 2511 489 2602 Πομπήιος
507 2508 568 2584 ὑπ’
589 2518 720 2585 ἐκείνου
739 2513 865 2603 ἐπλήγη
882 2515 944 2602 τὴν
957 2529 1070 2603 χεῖρα,
1090 2515 1174 2584 ἐκεῖ·
1276 2511 1277 2588 6

202 2640 259 2692 νος
284 2612 321 2682 δὲ
344 2611 412 2685 ὑπὸ
430 2621 611 2705 Πομπηίον
634 2612 743 2703 αὐτὴν
766 2611 926 2704 ἀπεκόπη.
965 2615 1107 2695 ἑυωθελς
1135 2613 1175 2684 δὲ

200 2720 249 2808 τῷ
266 2718 429 2810 Μετέλλῳ
449 2720 583 2806 ἐτίμησε
600 2715 659 2788 τὸν
676 2713 784 2806 ἀνδρα
801 2719 857 2786 καὶ
876 2713 1027 2805 ἐτιμήθη.
1186 2747 1216 2788 ιε
1275 2773 1276 2776 ¹

277 2813 374 2888 Ἀλλά
398 2823 458 2888 τοῦ
479 2825 675 2908 Σερτωρίου
702 2819 989 2907 δολοφονηθέντος
1014 2811 1081 2888 ύπὸ
1105 2821 1175 2886 τῶν
1275 2815 1276 2866 6

201 2927 331 3007 φίλων,
363 2918 601 3008 Περπένναςὸ
631 2925 700 2989 τόν
731 2917 835 2990 αὐτού
865 2913 1041 3008 ἡγεμόνων
1072 2945 1176 3006 κορυ-

201 3018 381 3108 φαιότατος
412 3024 627 3110 ἐπεχείρησεν
658 3023 774 3114 ἐκείνῳ
805 3037 915 3092 ποιεῖν
944 3015 1084 3142 ὁμοίως,
1115 3019 1175 3100 τὰς

162 3137 187 3188 D
202 3124 335 3192 ἐκείνου
363 3119 521 3212 δυνάμεις
545 3119 816 3211 περιβαλόμενος.
861 3118 935 3192 ἀλλ’
961 3115 1176 3242 όΠομπήιος

202 3213 513 3308 ἀντιταξάμενος’
471 3250 562 3315 αυτῳ
547 3219 794 3311 ἐκράτησε
746 3251 884 3294 παντων
891 3223 971 3292 κοιλ
973 3218 1174 3348 διεφθάρη·
1187 3253 1216 3294 ω
1274 3267 1275 3322 3

202 3336 266 3387 σαν
291 3324 495 3390 οἱπλεῖστοι
518 3350 586 3392 των
612 3321 786 3412 ἡγεμόνων
811 3327 867 3394 ἐν
864 3328 911 3413 τῇ
936 3320 1043 3412 μάχη,
1068 3319 1176 3394 αὐτόν

204 3416 302 3484 δὲ
271 3447 331 3487 ιον
354 3421 557 3510 Περπένναν
581 3422 748 3496 ἑαλωκότα
773 3423 856 3510 ζωόν
886 3423 1067 3496 ἀπέκτεινε.
1117 3426 1176 3493 καλ
1270 3327 1275 3496 6
