2566 3800
379 161 450 212 LIB.
463 161 526 212 XII.
543 160 622 212 cAP.
636 162 722 214 XXV.
736 161 835 214 XXVI.
1031 163 1093 230 149

122 296 229 392 τάτμ,
260 295 480 388 ἀπαγγέλλων
511 295 556 382 ῦς
580 297 747 392 Αῦρίολος
777 297 843 390 ῆδη
874 307 980 374 ἔπεισι
1009 303 1091 394 μετά

20 472 22 476 ,
122 406 261 490 βαρείας
279 400 463 490 δυνάμεως.
500 395 518 472 5
538 401 576 472 δὲ
588 401 670 492 πρδς
683 399 720 473 ιδ
733 407 790 492 τῆς
804 399 1092 494 άγγελίαςαίφνί-

1 567 2 570 ,
123 507 199 572 διον
215 505 501 594 τεθορυβημένος,
526 508 585 592 τῆς
607 511 723 594 κλίνης
741 501 922 595 άναθορεδν
939 509 996 576 καὶ
1013 503 1091 598 ῆμί-

1 616 2 621 ’
121 631 249 693 γυμνος
272 601 344 694 ῆτει
366 603 407 674 τα
430 602 525 675 ὅπλα.
580 609 636 676 καὶ
658 601 676 676 5
697 605 932 698 Ἡρακλειανδς
955 606 1105 698 πλῆττειΧ

94 707 243 780 ετοῦτον
259 713 394 795 καιρίαν
410 709 466 776 καὶ
483 703 733 780 ἀποκτίννυσιν.

194 803 250 878 Ἐν
275 824 344 904 τοῖς
369 806 490 879 τοῦτον
514 807 646 901 χρόνοις
662 807 790 892 Ξῦστος
808 807 826 880 5
845 817 903 899 τῆς
921 809 1091 901 Ῥωμαίων

122 909 297 1000 ἐκκλησίας
315 909 460 1001 προστάς
478 909 530 980 ἐπ’
552 919 608 1001 ἔτη
627 915 747 982 ἕνδεκα
764 916 913 1005 τελευτᾷ,
936 915 991 982 καὶ
1010 923 1091 984 Διο-

1 1045 2 1048 “
121 1007 236 1093 νῦσιος
254 1009 358 1082 αὐτὸν
377 1015 574 1102 διαδέχεται.
610 1010 695 1085 ἄλλα
708 1015 763 1083 καὶ
778 1017 838 1084 τοῦ
856 1017 893 1086 ἐν
906 1012 1090 1108 Ἀντιοχείᾳ

120 1111 183 1200 τῆν
199 1117 258 1184 τοῦ
276 1117 429 1204 Χριστοῦ
439 1122 673 1205 ποιμαίνοντος
690 1121 836 1204 ποίμνην
849 1120 1089 1206 Λημητριανοῦ

79 1249 107 1290 ιο
120 1212 182 1302 τῆν
207 1211 293 1303 ζαῆν
317 1213 577 1306 ἐκμετρῆσαντος
594 1219 731 1298 Παῦλος
754 1215 772 1287 5
790 1216 1008 1308 Σαμοσατεῦς
1027 1231 1094 1288 πα-’

120 1313 329 1406 ραλαμβάνει
345 1314 407 1406 τῆν
426 1321 617 1408 ἐκκλησίαν,
636 1315 673 1400 δς
690 1316 830 1389 ταπεινα
848 1321 925 1409 περὶ
942 1324 1089 1408 Χριστοῦ
1110 1401 1112 1405 ,

44 1438 48 1442 ’
121 1415 355 1508 ἐδογμάτισεν,
382 1417 426 1502 ιδς
449 1417 635 1510 ανθρώπου
658 1423 774 1492 κοινοῦ
791 1418 853 1509 τῆν
870 1419 977 1511 φῦσιν
995 1447 1089 1509 γενο-

120 1521 225 1608 μένου
242 1523 298 1590 καὶ
316 1515 356 1590 οῦ
373 1525 467 1593 θεοῦ.
504 1521 586 1592 καθ’
606 1511 649 1592 οῦ
665 1519 814 1594 σύνοδον
831 1527 866 1592 ολ
879 1525 948 1593 τῦν
965 1525 1193 1597 λοιποῦνΡΙεισ

122 1622 306 1710 ἐκκλησιῶν
323 1625 478 1712 ποιμένες
496 1622 774 1714 συνηθροικότες,
811 1626 847 1694 ίν
864 1614 886 1716 ῆ
904 1631 1019 1713 παρῆν
1031 1627 1090 1695 καὶ

1 1765 2 1772 ¹
78 1755 106 1798 τε
120 1720 303 1812 Γρηγόριος
321 1717 339 1793 5
357 1725 616 1814 θαυματουργός
634 1727 688 1794 καὶ
707 1723 724 1796 5
743 1723 865 1798 τοῦτον
881 1723 1090 1816 αῦτάδελφος

116 1821 369 1914 Ἀθηνόδωρος,
392 1822 536 1915 ἤλεγξαν
554 1823 658 1898 αῦτὸν
674 1831 784 1910 κακῶς
802 1832 994 1917 φρονοῦντα
1012 1831 1090 1917 περὶ

20 1941 23 1945 “
120 1929 279 2014 Χριστοῦ,
298 1927 354 1996 καί
371 1922 593 2017 άπεκῆρυξαν.
631 1925 676 2017 μὴ
690 1931 894 2018 πειθομένου
908 1927 939 2000 δ’
958 1933 1090 2002 ἐκείνου

120 2031 180 2116 τῆς
207 2031 382 2117 ἐκκλησίας
407 2031 579 2119 ἐκστῆναι,
608 2025 822 2120 Αῦρηλιανδς
847 2027 919 2101 τότε
945 2037 1112 2122 κρατοῦν,

1 2138 2 2141 ’
121 2130 179 2198 καὶ
197 2133 345 2213 ἔντευξιν
362 2132 440 2221 περὶ
457 2129 579 2202 τοῦτον
597 2128 883 2220 δεξάμενοςπαρα
900 2137 969 2200 τῶν
986 2127 1090 2219 ὀρθο-

1 2265 2 2268 *
77 2263 107 2306 εο
122 2228 245 2320 δόξαν,
271 2229 435 2322 διάταγμα
453 2239 567 2322 ἔθετο,
589 2235 727 2314 ἐκείνοις
744 2237 934 2322 νεμηθῆναι
951 2228 1014 2320 τῆν
1032 2235 1089 2302 ίκ-
1169 2305 1172 2311 Α

1 2399 8 2406 ,,
120 2339 263 2422 κλησίαν
279 2328 329 2416 οἷς
347 2330 390 2405 διν
406 2337 440 2404 οί
456 2331 538 2404 κατα
556 2333 619 2423 τῆν
639 2331 769 2425 Ῥοίμην
791 2335 848 2402 καλ
864 2331 927 2424 τῆν
948 2328 1090 2404 Ἰταλίαν

121 2436 296 2506 ἐπίσκοποι
327 2433 542 2526 πρόσδοιντο.
596 2438 758 2532 ἐντεῦθεν
788 2434 913 2526 ἀτίμως
944 2434 1089 2524 ἐξηλάθη

119 2542 179 2624 τῆς
198 2539 375 2624 ἐκκλησίας
392 2531 411 2607 5
428 2541 577 2626 Παῦλος,
593 2540 650 2608 καὶ
669 2533 873 2629 αντεισῆχθη
891 2534 1036 2628 Δόμνος.
1127 2625 1129 2628 ¹

203 2639 273 2708 Τοῦ
309 2641 423 2728 μέντοι
457 2637 626 2730 Γαλιῆνου
669 2635 884 2732 άνηρημένον
919 2636 1141 2720 Κλαῦδιος26

1 2786 2 2791 1
76 2768 107 2812 ει
119 2733 294 2832 άνερρῆδη
312 2749 453 2831 Καῖσαρ.
489 2743 545 2812 καί
562 2739 581 2820 5
599 2740 765 2830 Αῦρίολος
782 2739 822 2812 τα
839 2739 926 2811 ὅπλα
943 2741 1122 2810 κακαί-Β

8 2889 12 2896 -
119 2867 219 2930 μενος
245 2837 337 2936 αῦτςδ
357 2839 521 2931 ὑπετάγη·
562 2838 599 2923 δς
623 2836 724 2924 αὖθις
740 2847 946 2930 τυραννῆσαι
966 2844 1090 2928 ἐπιχει-

95 2971 99 2976 ·
121 2937 554 3033 ρῶνῦπδτῦνστρατιοιτῦν
569 2941 747 3032 διεφθάρη.
766 2939 935 3024 Κλαύδιος
954 2941 990 3010 δὲ
1008 2969 1090 3030 χρη-

120 3042 198 3124 στὸς
221 3043 398 3135 τυγχάνων
421 3041 507 3135 άνῆρ
525 3045 582 3115 καὶ
599 3039 799 3134 δικαιοσύνη
817 3049 975 3133 στοιχεῖν,
1002 3037 1089 3130 άπη-

119 3142 269 3234 γόρευσε,
282 3151 364 3216 πᾶσι
378 3155 487 3235 ζητεῖν
501 3151 537 3217 ἐκ
551 3147 715 3235 βασιλέως
729 3141 886 3235 ἀλλότρια
900 3141 1086 3236 πράγματα.

201 3279 324 3288 -..—

191 3343 258 3410 Gap.
281 3347 322 3398 26.
357 3346 412 3396 Dio
434 3346 623 3408 continuatus,
650 3348 681 3396 ut
702 3344 827 3395 videtur:
854 3343 923 3398 Exe.
945 3343 1037 3393 Vatia.
1063 3357 1088 3406 p.

1 3463 2 3466 ,
121 3413 173 3463 240
185 3413 228 3463 εδ.
241 3413 316 3472 Μαί,
334 3412 389 3473 vol.
403 3415 427 3476 ὁ,
446 3429 474 3479 p.
486 3415 536 3464 226
550 3413 592 3464 εδ.
606 3413 682 3479 Lips.
706 3412 822 3464 Eusebii
831 3411 982 3467 ,Historiae
1002 3409 1098 3463 ecoIe-'

120 3479 255 3532 εἰοείίοοε
273 3479 293 3532 I.
313 3481 338 3544 λ,
357 3495 379 3534 ο.
399 3481 440 3534 28.
