2566 3812
494 183 567 236 ιιε.
580 184 629 236 ιιι.
650 183 728 238 σεε.
740 158 779 236 11]
836 143 839 150 “
1046 184 1111 250 255

140 319 182 394 οὐ
199 319 277 405 τοάς
295 319 449 411 ῆβοίντας
466 319 592 411 μόνον,Ι
612 316 697 395 άλλά
715 325 771 394 καί
789 323 1022 414 παρηβηκότας
1044 323 1110 416 ἤδη

139 427 337 512 κατέλεξαν,
355 425 420 492 καί
438 421 610 512 δεσμιότας
628 421 682 495 ἐπ’
703 421 801 517 άδείρι
819 427 875 496 καὶ
894 424 1035 508 δούλους
1054 426 1106 498 ἐπ’

140 530 321 618 ἐλευθερίᾳ
344 521 467 614 λῃστάς
490 525 529 608 τέ
548 553 640 608 τινας
663 524 927 618 προσελάβοντο,
951 530 1007 600 καί
1029 528 1144 612 τούςΙ)

140 625 335 718 συμμάχους
352 624 672 718 προσπαρεκάλουν,
702 623 1012 720 ἀναμιμνήσκοντες
1029 641 1063 700 εἴ
1075 637 1112 702 τί
1177 622 1189 666 ί

116 761 129 800 5
144 756 209 800 που
226 727 447 818 εόηργέτηντο
465 729 521 798 καί
539 727 886 826 προσυπισχνοιίμενοι
903 729 1025 826 δαίσειν
1041 749 1110 814 τοῖς

144 831 207 920 μέν
233 846 342 918 σῖτον,
373 845 442 912 τοῖς
467 830 505 900 δέ
534 827 696 920 άργάριιι,
727 827 809 922 ὅπερ
836 829 931 903 οάπω
954 823 1109 923 πρόσθεν

118 1021 124 1029 ¹
142 937 318 1020 ἐποίησαν·
346 932 402 1003 καί
420 932 453 1014 ἐς
470 929 532 1019 τῆν
545 929 685 1002 Ἑλλάδα
702 931 916 1024 πεπόμφασιν
933 928 955 1022 ῆ
972 941 1110 1006 κείσον-

139 1035 192 1115 τές
209 1062 303 1115 τινας
321 1035 534 1122 συμμαχῆσαι
552 1028 669 1113 αὐτοῖς
687 1027 708 1123 ῆ
725 1035 983 1124 μισθωσάμενοι.

212 1134 369 1222 Ἀννίβας
401 1135 438 1204 δέ
467 1135 708 1224 συνεστηκέναι
736 1133 815 1219 τοὺς
844 1134 1023 1227 Ῥωμαίους
1053 1137 1109 1208 καί

99 1268 125 1307 10
139 1233 453 1327 παρασκευάζεσθαι
479 1232 601 1324 μαθων
625 1237 661 1306 έν
683 1251 756 1318 ταῖς
779 1234 928 1320 Κάνναις
953 1241 1109 1328 διέτριβε,

137 1336 203 1427 τῆν
216 1341 251 1422 ἐξ
266 1338 445 1428 ἐπιδρομῆς
458 1333 586 1407 άλωσιν
598 1332 817 1426 άπεγνωκοός·
842 1341 898 1409 καί
911 1343 980 1410 τοῖν
993 1347 1109 1430 αἰχμα-

139 1441 259 1510 λοίτων
275 1438 311 1508 τό
328 1439 392 1529 μέν
415 1435 623 1528 συμμαχικόν
640 1435 723 1509 ἄνευ
740 1437 871 1531 λάτρων
888 1439 1038 1530 ἀφῆκεν,
1065 1436 1109 1524 άς
1191 1471 1197 1528 ’,

138 1543 196 1611 καί
213 1537 394 1630 πρότερον,
418 1539 496 1620 τούς
515 1541 552 1610 δέ
564 1537 744 1629 Ῥωμαίους
767 1539 893 1633 ἐτήρει,
918 1538 1211 1614 άποδόσθαιΡΙεεο

140 1647 289 1727 ἐλπίζων,
308 1639 446 1729 αὐτούς,
473 1639 520 1711 ἵν’
547 1639 667 1714 ἑαυτὸν
691 1641 922 1736 εὐποράτερου
948 1647 1110 1716 ἐντεῦθεν

98 1775 125 1814 15
139 1743 282 1833 ποιῆση,
311 1743 390 1824 τοίις
417 1743 454 1813 δέ
476 1740 655 1832 Ῥωμαίους
682 1741 923 1835 άπορωτέρους.
973 1749 1044 1818 ἐπεί
1072 1747 1109 1818 δὲ
1174 1807 1175 1812 ,

138 1847 259 1936 μηδείς
282 1849 316 1928 έξ
339 1840 452 1915 αάτιόν
475 1841 615 1934 ἄφίκετο
637 1845 715 1928 τούς
739 1845 968 1936 αἰχμαλώτους
990 1851 1107 1937 ζητοίν,

142 1949 317 2018 ἐκέλευσεν
341 1944 455 2026 αὐτοῖς
481 1947 608 2035 πέμψαι
636 1943 729 2027 τινάς
759 1954 875 2018 οίκαδε
906 1951 960 2020 ἐπί
990 1948 1107 2038 λότρα,

143 2047 390 2140 προομόσαντες
409 2045 593 2136 ἐπανήξειν.
625 2041 670 2130 οἱς
689 2047 727 2117 δέ
739 2045 813 2118 οὐδ’
835 2046 923 2120 οὕτω
936 2047 1107 2120 λόσασθαι

140 2152 229 2239 σφάς
246 2145 436 2239 ἠθέλησαν,
461 2145 539 2236 τούς
555 2149 619 2237 μέν
636 2147 738 2236 λόγον
752 2147 843 2230 τινός
863 2145 976 2232 άξίους
996 2153 1028 2232 ἐς
1046 2149 1108 2238 τῆν

99 2281 126 2320 εο
140 2249 344 2341 Καρχηδόνα
360 2247 553 2338 άπέστειλε,
577 2251 645 2319 των
665 2246 698 2320 δ’
717 2246 830 2320 άλλων
846 2250 924 2332 τοὺς
941 2250 1003 2339 μέν
1020 2258 1109 2320 αίκι-

139 2351 283 2442 σάμενος
301 2349 492 2440 ἀπέκτεινε,
516 2346 593 2433 τούς
612 2351 650 2422 δὲ
673 2354 901 2442 μονομαχῆσαι
927 2349 1106 2442 ἠνάγκασε,

138 2453 218 2534 τοὺς
232 2461 352 2543 φίλους
372 2455 428 2524 καί
451 2450 529 2535 τούς
550 2471 726 2541 συγγενεῖς
742 2448 897 2539 άλλῆλοις
914 2454 1106 2546 συμβαλών.

138 2562 175 2626 οί
192 2556 229 2625 δέ
251 2558 462 2646 πεμφθέντες
486 2557 540 2624 ἐπὶ
562 2554 603 2623 τά
626 2553 748 2645 λάτρα,
775 2555 1032 2648 ἐπανελθόντες,
1058 2555 1103 2628 ἵν’

139 2654 364 2746 εὐορκῆσωσι,
395 2653 562 2746 φυγόντες
591 2658 627 2726 δὲ
653 2657 735 2746 μετά
759 2665 875 2748 τοῦτο,
906 2655 1016 2748 α”τιμοι
1041 2657 1107 2729 ὑπὸ

97 2785 124 2827 ιε
138 2761 208 2830 τοῖιν
223 2763 371 2848 τιμητῶν
389 2759 559 2846 ἐγένοντο,
577 2759 634 2828 καί
653 2758 792 2840 ἑαυτοὺς
808 2758 1060 2850 κατεχρήσαντο.
1118 2777 1140 2826 Β
1175 2817 1177 2822 s

217 2858 372 2948 Μάγωνα
391 2860 428 2930 δέ
445 2859 504 2930 τὸν
522 2855 672 2948 άδεληιόν
690 2855 707 2930 ὁ
722 2858 879 2949 Ἀννίβας
896 2851 1106 2949 άγγελοῦντα

138 2975 211 3042 τοῖς
222 2967 467 3051 Καρχηδονίοις
485 2968 611 3051 ἔπεμψε
627 2961 668 3032 τά
684 2960 866 3052 γενόμενα,
884 2964 940 3033 καί
957 2959 1107 3052 χρήματα

139 3059 222 3152 παρ’
242 3060 355 3135 αὐτῶν
367 3064 424 3133 καὶ
439 3061 596 3153 δυνάμεις
609 3061 798 3153 αίτῆσοντα.
826 3065 881 3133 καὶ
901 3059 994 3152 ὁμέν
1007 3059 1106 3134 ἀπελ-

138 3163 216 3234 θάν
238 3161 325 3246 τούς·
347 3193 384 3236 τε
409 3170 607 3247 δακτυλίους
628 3162 797 3257 ἠρίθμησε
827 3166 882 3234 καί
914 3169 972 3252 ἐντίΙ
996 3173 1107 3255 μεῖζον

100 3290 128 3331 ιο
141 3269 237 3356 έξῆρε
263 3264 306 3355 δὴ
329 3265 367 3336 τό
391 3264 610 3357 κατόρθωμα,
635 3269 691 3337 καί
716 3269 890 3356 ἐψηφίσθη
913 3267 1022 3340 πάντα
1045 3263 1107 3336 ὅσα

139 3363 299 3457 ῆτῆσατο,
318 3373 365 3463 τῷ
382 3365 601 3460 γάρ”Αννωνι
613 3367 775 3440 τάναντία
792 3371 922 3458 λε’γοντι
936 3371 991 3440 καί
1010 3396 1106 3438 κατα·
