2566 3812
351 150 519 204 L113.v111.
538 148 617 207 οοΡ.
629 149 717 206 xx11.
961 130 1024 214 237

56 300 178 362 στείλαι
208 291 266 360 καί
294 295 355 359 τοῦ
374 286 536 376 Ἀννίβου
559 293 801 382 κατηγορήσοι,
829 291 885 360 καλ
910 297 940 361 εἰ
962 291 1026 380 μέν

55 392 98 482 μή
118 395 290 464 ἐπαινοῖεν
306 387 347 460 τά
363 391 576 480 πραχθέντα,
596 388 748 480 δικάσαι,
768 398 800 463 εἰ
818 389 850 461 δ’
872 398 920 474 εἰς
939 394 1026 464 ἐκελ-

56 523 114 565 νον
132 489 219 564 αὐτά
237 491 460 582 άναφέροιεν,
485 490 722 581 ἐξαιτήσασθαι
744 487 864 582 αὐτόν,
891 488 956 564 κάν
979 491 1023 583 μή

57 597 194 682 ἐκδάσι,
211 592 272 664 τόν
289 591 436 682 πόλεμον
454 597 648 684 ἐσαγγεῖλαι
666 591 790 676 αὐτοῖς.

30 725 44 767 ο
135 701 213 766 Τῶν
238 695 523 786 γοῦνπρέσβεων
550 692 771 768 ἀπελθόντων
793 701 828 767 οἰ
849 693 1026 786 Καρχηδό-
1094 757 1096 762 .

53 824 123 867 νιοι
138 795 176 866 τὸ
194 797 347 885 ποιητέον
371 795 546 870 ἐσκόπουν.
584 803 644 866 καί
664 825 711 879 τις
726 793 952 888 Ἀσδρούβας,
978 794 1027 880 εἰς,

52 902 123 970 τῶν
139 892 207 968 άπό
230 900 289 969 τοῦ
308 895 467 986 Ἀννίβου
490 902 900 993 προπαρεσκευασμένον,
925 920 1026 969 συνε-

56 997 220 1088 βούλευσε
243 1005 341 1087 σφίσι
370 1003 491 1090 χρήναι
513 995 576 1087 τήν
598 1025 634 1070 τε
658 995 800 1090 ἀρχαίαν
824 1005 1059 1086 ἐλευθερίανΒ

57 1099 310 1190 ἀνακτήσασθαι
327 1103 383 1170 καὶ
401 1098 464 1188 τήν
483 1104 520 1170 ἐκ
536 1105 595 1188 τῆς
613 1098 746 1191 εἰρήνης
766 1106 924 1172 δουλείαν
941 1097 1026 1172 άπο-

20 1233 44 1274 ιο
55 1209 241 1293 κρίνασθαι
259 1203 316 1271 καὶ
333 1199 478 1292 χρήμασι
501 1203 556 1271 λαὶ
582 1199 744 1291 δυνάμεσι
766 1204 823 1272 καί
840 1200 1024 1292 συμμάχοις

55 1305 390 1394 συγκεκροτημένως,
421 1301 600 1391 ἐπαγαγών
626 1299 677 1374 ότι
700 1301 719 1328 “
728 1297 792 1374 κάν
814 1306 862 1396 τῷ
880 1300 1128 1396 ἈνυίβριθίΙΙιε

52 1403 142 1500 μόνῳ
160 1403 226 1476 ὅσα
242 1401 399 1493 βούλεται
416 1407 538 1495 πρᾶξαι
557 1407 770 1495 ἐπιτρέψητε,
793 1407 850 1474 καί
866 1402 908 1474 τά
924 1426 1026 1495 προσ-

51 1502 175 1594 ήκοντα
206 1513 299 1578 ἐσται
324 1507 381 1576 καί
409 1501 513 1577 οὐδὲν
538 1501 635 1576 αὐτοὶ
664 1501 854 1595 πονήσετε.”
891 1511 1027 1576 τοιαῦτα

53 1607 89 1678 δὲ
117 1603 225 1678 αὐτοῦ
258 1605 410 1688 εἰπόντος
429 1607 564 1678 Ἀννοιν
589 1605 607 1676 ὁ
637 1609 740 1697 μέγας
771 1605 1026 1698 ἐναντιούμενος

16 1725 121 1792 ιοτοϊς
138 1711 201 1778 τοῦ
216 1704 424 1800 Ἀσδρούβαν
449 1708 560 1796 λόγοις
583 1706 722 1798 γνώμην
747 1707 922 1799 εἰσήνεγκε
943 1708 1027 1799 μήτε

51 1815 181 1904 βαδίσας
193 1809 276 1899 μήτε
287 1815 417 1901 μικρῶν
429 1812 486 1880 καί
499 1805 685 1902 άλλοτρίιον
699 1809 914 1901 ἐγκλημάτων
928 1814 1027 1884 ἕνεκα

49 1909 111 1983 τόν
135 1909 283 2002 πόλεμον
308 1907 364 2002 ἐφ’
391 1909 531 1992 ἑαντοάς
557 1909 822 2010 ἐπισπάσασθαι,
853 1910 963 2004 παρόν
985 1913 1026 1984 τὰ

48 2014 117 2102 μὲν
136 2014 245 2101 λῦσαι,
263 2011 304 2082 τά
320 2012 357 2082 δέ
372 2015 405 2094 ἐς
421 2009 499 2094 τοάς
514 2009 702 2103 δράσαντας
716 2011 800 2084 αὐτά
814 2017 942 2104 τρέψαι.
970 2017 1028 2084 καὶ

48 2109 67 2185 ό
85 2113 155 2204 μέν
174 2119 279 2183 ταάτα
298 2111 404 2185 εἰπάν
422 2112 607 2202 ἐπαύσατο,
632 2117 700 2184 τάν
725 2115 764 2184 δὲ
781 2120 1028 2202 Καρχηδονίων

13 2245 38 2287 τι
48 2220 86 2287 οί
100 2215 166 2306 μὲν
179 2213 400 2306 πρεσβύτεροι
417 2217 474 2286 καί
486 2218 548 2287 τοῦ
563 2215 646 2305 πρὶν
658 2217 862 2304 μεμνημένοι
878 2215 1024 2303 πολέμου
1036 2235 1057 2286 c

50 2315 147 2411 αὐτῷ
163 2323 400 2407 συνετίθεντο,
424 2322 459 2387 οἰ
475 2314 509 2386 δ’
533 2320 570 2388 ἐν
587 2314 700 2408 ήλικίρι
723 2317 779 2386 καὶ
796 2312 936 2406 μάλισθ’
956 2313 1030 2387 ὅσοι

50 2416 91 2488 τά
108 2419 173 2488 τοῦ
186 2415 345 2506 Ἀννίβου
363 2424 526 2507 ἔτραπον
541 2421 686 2510 ἰσχυράς
703 2415 891 2506 ἀντέλεγον.
928 2415 973 2500 ὡς
992 2414 1026 2488 δ’

50 2517 157 2591 οὐδὲν
174 2519 281 2609 σαφὲς
298 2517 523 2607 ἀπεκρίναντο
541 2523 597 2590 καί
625 2523 663 2592 ἐν
679 2515 838 2611 ὀλιγωρίᾳ
855 2516 934 2602 τοάς
951 2517 1029 2610 πρέ·

50 2629 147 2710 σβεις
167 2619 276 2710 εἰχον,
300 2619 317 2690 ὁ
337 2619 477 2713 Μάρκος
500 2619 518 2690 ὁ
538 2618 664 2710 Φάβιος
687 2620 745 2703 τάς
771 2636 883 2712 χεῖρας
906 2620 972 2692 ὑπὸ
990 2621 1031 2692 τά

7 2720 170 2812 κοίμάτια
193 2719 378 2810 ὑποβαλών
401 2725 457 2793 καί
479 2717 643 2806 δπτιάσας
661 2719 765 2803 αὐτάς
783 2730 846 2812 ἔφη
860 2718 947 2812 δ’ἐγοδ
966 2723 1030 2813 μὲν

50 2822 212 2914 ἐνταῦθ’,
236 2814 263 2893 ά
286 2821 529 2916 Καρχηδόνιοι,
554 2826 611 2894 καί
635 2823 694 2894 τόν
717 2823 866 2912 πόλεμον
889 2827 945 2894 καί
967 2823 1030 2913 τήν

50 2923 199 3016 εἰρήνην
221 2926 334 3016 φέροι,
363 2923 459 3016 ὑμεῖς
483 2923 525 2996 δ’.
542 2921 702 3016 ὁπότερον
725 2921 839 2995 αάτῶν
862 2923 1030 3012 βούλεσθε

48 3024 205 3097 ἕλεσθε.”
238 3025 496 3118 ἀποκριθέντων
514 3027 552 3098 δὲ
565 3029 749 3118 μηδέτερον
766 3027 828 3116 μέν
846 3031 1029 3116 αἱρεῖσθαι,

48 3129 217 3218 δέχεσθαι
235 3123 269 3197 δ’
290 3130 429 3218 ἑτοίμως
447 3123 609 3220 ὁπότερον
626 3135 903 3216 καταλείψουσιν,
929 3124 1033 3216 ἐπήγ·’
1119 3155 1121 3157 ·

5 3255 36 3299 ει
47 3239 170 3320 γειλεν
188 3228 303 3312 αὐτοῖς
322 3226 443 3302 αὐτίκα
460 3229 521 3302 τὸν
537 3227 692 3321 πόλεμον.

135 3329 236 3403 Οὕτω
253 3331 315 3422 μέν
333 3322 396 3403 οὖν
418 3335 475 3402 καὶ
492 3331 549 3402 διά
573 3336 679 3402 ταότα
697 3337 731 3402 οἵ
754 3359 790 3402 τε
803 3328 956 3420 Ῥωμαῖοι
974 3333 1029 3400 καί

47 3438 88 3504 οί
99 3435 331 3526 Καρχηδόνιοι
348 3431 384 3505 τό
404 3433 564 3526 δεύτερον
578 3435 796 3522 ἐπολέμησαν.
830 3433 887 3502 καί
904 3430 941 3503 τὸ
961 3439 1031 3502 δαι-
