2538 3824
418 183 489 234 τεο.
503 183 537 234 x.
557 183 634 236 σιν.
650 185 747 264 xxm.
997 181 1058 246 411

4 319 6 396 f
93 330 282 412 ναυμαχίας
304 320 503 412 ἀπήρξαντο.
539 325 594 393 καί
618 325 672 393 ἐπὶ
695 332 852 393 πλείστου
868 324 930 411 μὲν
947 319 1092 414 ἄγχω-Β

93 423 208 520 μάλως
225 420 453 513 ἠγωνίσαντο,
471 423 534 507 ὀψὲ
553 423 584 494 δ’
605 414 668 494 οὖν
685 451 765 495 ποτε
782 427 837 494 καί
855 425 936 514 πρὸς
954 425 1059 495 νύκτα

4 515 7 614 λ
95 524 164 616 ήδη
181 531 217 596 οί
230 531 290 596 τοῦ
308 526 478 616 Καίσαρος
496 525 700 615 ἐκράτησαν,
718 525 759 597 οὐ
776 529 889 616 μέντοι
906 529 962 597 καὶ
981 531 1060 597 ἐπε-

3 615 6 698 λ
97 632 231 711 δίωξαν.

64 759 80 798 ε
178 737 305 818 Καίσαρ
336 729 375 799 δέ
404 737 464 800 τοῦ
490 729 617 812 Σέξτου
647 733 684 798 ἐκ
706 733 765 818 της
788 727 972 819 Μεσσήνης
1002 729 1059 801 διά

3 927 4 930 ¹
93 830 158 919 τήν
192 837 382 920 ναυμαχίαν
420 827 608 917 ἀπάραντος
642 827 832 913 ἀκινδύνως
866 830 1058 921 ἐπεραιώθη

94 930 178 1020 πρὸς
201 935 437 1028 Ταυρομένιον.
474 929 539 1021 ἤδη
565 933 603 1002 δὲ
626 936 684 1020 τῆς
708 940 894 1024 ναυμαχίας
912 941 1060 1004 παυθεί-

93 1055 156 1123 σης
178 1037 311 1124 σπουδή
335 1033 419 1122 πρδς
441 1033 504 1122 τήν
521 1032 709 1124 Μεσσήνην
731 1033 749 1105 ὁ
768 1037 889 1119 Σέξτος
907 1030 1058 1124 ἀφίκετο,

93 1140 151 1206 καί
175 1133 298 1224 μαθων
321 1138 553 1224 περαιωθέντα
575 1132 635 1206 τὸν
659 1143 832 1226 Καίσαρα,
863 1139 1059 1226 προσέμιξεν

53 1269 79 1310 το
93 1233 184 1330 αύτῷ
206 1237 289 1307 κατά
312 1243 387 1326 γῆν.
424 1239 480 1308 καί
504 1235 673 1324 δΚαίσαρ
696 1241 757 1308 τού
779 1266 814 1309 τε
837 1242 998 1309 ναυτικοῦ
1020 1238 1058 1309 τὸ

92 1349 212 1410 πλεῖον
242 1336 390 1427 ἀπέβαλε
419 1341 476 1409 καὶ
507 1337 606 1422 αύτδς
635 1338 751 1428 ὀλίγον
781 1339 1056 1430 προσδιεφθάρη·

1 1451 3 1508 ι’
92 1444 173 1523 τέως
194 1439 225 1511 δ’
246 1431 307 1511 ούν
326 1447 373 1522 είς
391 1439 453 1530 τήν
470 1438 609 1532 ἤπειρον
628 1443 841 1512 διασέσωστο.
878 1438 1001 1532 ἤχθετο
1020 1443 1058 1511 δὲ

89 1549 152 1614 τοῦ
171 1541 414 1632 στρατεύματος
433 1545 470 1613 ἐν
486 1546 528 1633 τη
544 1542 637 1637 νήσω
654 1541 918 1634 ἀπειλημμένου,
937 1541 998 1614 fuat
1016 1541 1057 1613 οὐ

1 1644 2 1662 ³
90 1647 175 1733 πρὶν
198 1643 433 1733 ἀνεθάρσησεν
456 1647 518 1727 ἕως
543 1643 641 1735 ίχθύς
665 1643 847 1735 ἀναθοροδυ
865 1651 902 1716 ἐκ
918 1647 976 1734 τῆς
993 1657 1056 1716 θα-

53 1745 217 1834 τελάσσης
247 1744 431 1836 αύτόματος
458 1745 540 1835 πρὸς
567 1746 645 1829 τούς
674 1745 780 1829 πόδας
809 1743 913 1818 αύτού
941 1754 1089 1821 &msc

91 1855 192 1920 τοῦτο
209 1849 273 1936 γὰρ
291 1852 326 1918 οί
343 1845 477 1937 μάντεις
496 1855 623 1936 δηλοῦν
641 1847 842 1938 ἐξηγήσαντο
859 1847 909 1920 ὅτι
927 1847 1057 1921 δουλεύ-

93 1971 185 2019 σεται
208 1948 271 2038 τήν
294 1947 482 2020 θάλασσαν.
528 1945 549 2038 ή
583 1950 621 2019 δέ
644 1953 704 2019 τού
726 1957 896 2040 Καίσαρος
919 1949 1056 2038 στρατιά

1 2049 2 2053 ’
93 2053 334 2138 ἐπολιορκεῖτο,
358 2052 415 2120 καὶ
440 2051 512 2120 ἐπεὶ
534 2048 575 2120 τά
600 2047 767 2137 ἐπιτήδεια
790 2053 947 2120 ἐπέλιπον
969 2055 1056 2138 σφοῖς

1 2145 3 2207 ῗ
89 2155 148 2223 καὶ
165 2151 183 2223 δ
202 2151 385 2242 βοηθήσων
401 2150 465 2222 οὐκ
481 2142 542 2241 ήυ,
561 2151 579 2222 ὁ
597 2149 718 2239 ταύτης
735 2148 847 2240 ἄρχων
865 2161 1056 2240 Κορνονφί-

54 2281 75 2322 ιι
89 2284 160 2336 κιος
178 2253 220 2324 τά
236 2283 272 2324 τε
290 2252 401 2344 σκάφη
418 2250 482 2324 ὅσα
501 2256 537 2323 ἐκ
553 2260 611 2342 τῆς
629 2259 815 2342 ναυμαχίας
832 2253 1057 2342 περισέσωστο

89 2365 217 2428 ἔκαυσε
242 2359 298 2426 καλ
322 2353 421 2438 αὐτὸς
439 2354 521 2445 πρὸς
539 2354 597 2438 τάς
614 2351 736 2436 Μύλας
754 2351 862 2443 ἀπῆγε
879 2350 942 2442 τήν
958 2375 1056 2443 στρα·

88 2460 177 2529 τιάν.
230 2457 416 2528 καὶπολλὰ
440 2455 661 2547 ἐκακώθησαν
685 2456 775 2546 παρὰ
801 2459 870 2526 τοῖν
893 2460 1057 2527 ἐναντίων

90 2562 310 2651 ἐφεπομένων
329 2555 443 2640 αύτοίς
461 2566 499 2631 ἐν
515 2587 551 2629 τε
568 2567 609 2650 τῇ
627 2555 711 2651 ἀλλη
728 2564 846 2652 πορείᾳ
860 2561 914 2630 καὶ
929 2561 1056 2650 μᾶλλον

90 2667 129 2734 ἐν
147 2676 222 2742 ταῖς
239 2665 307 2732 τῶν
325 2667 484 2751 ποταμῶν
503 2661 686 2748 διαβάσεσι.
722 2664 778 2731 καὶ
797 2663 850 2730 ἐπὶ
867 2678 956 2750 τρεῖς
973 2658 1056 2750 ήμέ·

1 2772 2 2776 ’
52 2791 76 2830 ιι
89 2793 153 2854 ρας
172 2769 319 2852 ἔπασχον
335 2758 462 2850 οὕτως,
480 2770 520 2854 τῇ
546 2767 585 2833 δέ
606 2789 645 2850 γε
667 2771 842 2855 τελευταίᾳ
864 2761 973 2854 πάντη
993 2761 1055 2832 αὐ-

88 2866 170 2946 τούς
188 2862 378 2952 ἐκάκωσαν,
401 2867 671 2965 προσγενρμίυου
688 2860 801 2944 αύτοίς
818 2865 874 2932 καὶ
891 2870 952 2934 τοῦ
971 2868 1057 2946 Σέξ-

89 2993 163 3038 του.
200 2969 256 3036 καὶ
279 2964 400 3047 πάντες
424 2963 466 3036 ἀν
490 2964 742 3054 διεφθάρησαν,
769 2971 800 3034 εί
822 2963 867 3051 μή
884 2970 982 3052 σφῶν
999 2965 1055 3032 καὶ

87 3065 229 3148 ἄκοντες
246 3063 427 3157 ἀπέσχοντο
445 3072 481 3138 οί
496 3069 655 3156 πολέμιοι.
692 3063 791 3153 ὁγάρ
811 3062 989 3153 Ἀγρίππας
1006 3093 1055 3134 νι-

89 3169 196 3258 κήσας
225 3168 287 3258 τήν
316 3177 505 3258 ναυμαχίαν
529 3171 562 3250 ἐς
586 3175 746 3240 Σικελίαν
777 3165 967 3256 ἐπεραιώθη
997 3167 1089 3236 καλΙ)

51 3297 76 3340 ιο
90 3269 188 3342 σῖτόν
212 3298 249 3341 τε
271 3274 318 3365 τῷ
341 3274 472 3364 στρατῷ
493 3273 549 3340 καλ
572 3267 737 3358 βοήθειαν
764 3276 899 3358 ἔπεμψε.
952 3271 1008 3338 καὶ
1037 3267 1056 3338 ὁ

92 3373 216 3456 Σέξτος
234 3369 337 3442 αύτὸν
354 3373 413 3443 τὸν
425 3370 614 3461 Ἀγρίππαν
630 3367 722 3461 ήξειν
739 3377 810 3442 ἐκεί
824 3371 1056 3459 προσδοκήσας

91 3475 149 3545 καλ
167 3481 343 3564 φοβηθείς,
361 3477 496 3564 σπουδῇ
512 3470 736 3564 ἀνεχώρησεν,
755 3470 839 3544 ὥστε
857 3469 963 3562 σκεύη
981 3471 1057 3543 τινά
