2558 3820
207 173 270 239 306
534 173 622 239 ,Lm
635 174 683 228 lx,
702 173 781 226 OAP.
793 174 853 228 xx,

208 317 264 384 καὶ
296 315 334 385 ἐν
363 327 435 394 ταῖς
467 310 701 404 Θερμοπύλαις
731 308 1008 401 άυτικροσιόντας
1039 316 1074 382 οί
1101 311 1177 394 τούς

204 415 386 506 Ῥωμαίους
402 409 577 506 ὑπέμεινε·
604 413 687 505 πρὸς
709 413 774 505 γάρ
798 411 946 503 τὴντῶν
969 420 1178 502 στρατιωτῶν

208 515 383 606 ὀλιγότητα
397 514 573 608 σόμμαχον
590 513 652 606 τὴν
669 519 730 587 τοῦ
746 523 872 607 χωρίου
884 513 991 604 φύσιν
1008 518 1095 598 ἕξειν
1109 513 1177 587 ἐνό-

207 642 292 709 μισε.
325 621 381 690 καὶ
398 616 514 708 ἵναμή
530 648 562 689 τι
580 619 637 688 καὶ
656 613 757 700 αὐτός
774 617 870 707 τάθη
884 613 958 690 οἷον
975 619 1011 690 οἱ
1021 615 1178 706 Ἕλληνες

208 726 243 792 οί
259 717 419 810 κρδςτὸν
432 723 558 810 Μῆδον
576 717 831 810 ἀντιταχθέντες
850 722 934 808 ἐκεῖ,
952 720 1052 809 μέρος
1068 745 1100 788 τι
1113 723 1203 791 τῶντ

209 827 373 893 Αἰτωλῶν
391 823 446 892 ἐντὶ
469 819 510 892 τά
533 819 620 912 ῶκρα
644 826 713 892 τῶν
735 817 825 912 ὀρῶν
847 817 1068 909 ἀνεβίβασεν,
1094 819 1178 891 ῶστε

208 929 397 1015 φρουρῆσαι
415 918 510 994 αὐτά.
546 918 564 994 ὁ
585 925 622 994 δὲ
638 929 819 1015 Γλαβρίων
844 919 953 1014 βραχύ
976 949 1012 994 τε
1029 927 1097 993 τῶν
1114 951 1179 1012 χω-

210 1035 293 1116 ρίων
312 1024 489 1118 ἐφρόντισε
507 1027 563 1096 καὶ
580 1024 643 1116 τὴν
660 1025 770 1116 μάχην
787 1020 852 1095 οὐκ
869 1020 1069 1114 ἀνεβάλετο,
1095 1021 1180 1094 ἀλλὰ

208 1126 359 1218 Πόρκιον
383 1128 446 1221 μὲν
464 1125 609 1199 Κάτωνα
632 1129 688 1198 καὶ
708 1122 893 1219 Οὐαλέριον
912 1122 1070 1198 Φλάκκον
1095 1119 1180 1196 ῶτιο-

173 1228 415 1322 Βστρατήγους
432 1228 553 1312 νυκτὸς
578 1231 632 1300 ἐπὶ
656 1226 735 1312 τούς
752 1227 925 1310 Αἰτωλοὺς
947 1225 1025 1310 τούς
1051 1229 1089 1298 ἐν
1111 1242 1179 1310 τοῖς
1192 1253 1217 1294 ιο

208 1329 322 1423 άκροις
346 1329 558 1421 ἀπέστειλεν,
591 1327 692 1414 αὐτός
718 1331 755 1402 δὲ
777 1337 825 1424 τῶ
848 1325 1004 1426 Ἀντιόχῳ
1027 1325 1096 1401 ὑπό
1119 1325 1180 1418 τὴν

209 1437 253 1504 ἕω
279 1435 444 1525 συνέμιξε.
493 1435 550 1504 καλ
576 1435 639 1515 ἕως
664 1433 727 1524 μὲν
754 1435 791 1504 ἐν
816 1436 863 1527 τῶ
888 1429 1004 1526 ὁμαλῶ
1031 1427 1179 1524 ἐμάχετο,

209 1533 400 1628 ἐπεκράτει,
426 1529 704 1626 ἀναχωρήσαντος
723 1535 760 1606 δὲ
778 1537 838 1606 τοῦ
853 1530 1024 1623 Ἀντιόχου
1041 1534 1125 1624 πρὸς
1141 1531 1182 1602 τά

208 1640 356 1729 μετέωρα
373 1633 575 1726 ἠλαττοῦτο,
598 1637 712 1728 μέχρις
729 1635 747 1708 ὁ
765 1632 889 1708 Κάτων
913 1633 997 1706 κατά
1020 1630 1131 1706 νῶτου
1149 1640 1184 1704 οί

209 1739 349 1826 ἐγένετο.
398 1753 468 1820 τοῖς
493 1737 557 1829 γάρ
581 1745 746 1823 Αίτωλοίς
770 1735 1001 1809 καθεύδουσιν
1025 1733 1218 1810 ἐτελθῶνιε

207 1835 286 1922 τούς
304 1839 367 1929 μὲν
384 1845 521 1922 πλείους
538 1835 712 1912 ἀπέκτεινε
730 1838 882 1922 καὶτοὺς
900 1838 1036 1921 λοιιτοδς
1055 1842 1182 1910 διεσκί-

210 1947 310 2031 δασε,
340 1938 530 2014 κάντεῦθεν
554 1939 778 2033 καταδραμῶυ
803 1942 858 2012 καὶ
882 1945 940 2030 τῆς
964 1938 1053 2012 κάτω
1075 1938 1182 2030 μάχης

207 2046 353 2135 μετέσχε.
390 2044 446 2115 καί
464 2041 523 2115 τόν
539 2073 575 2115 τε
590 2042 760 2134 Ἀντίοχου
778 2051 923 2135 ἔτρεψαν
946 2044 1002 2114 καὶ
1025 2039 1061 2112 τό
1080 2065 1184 2134 στρα-

106 2143 381 2217 ΨΙΙ104τότιεδου
404 2143 510 2218 αὐτοῦ
529 2141 630 2217 εἷλον.
676 2147 732 2216 καὶ
756 2143 774 2218 ὁ
798 2145 860 2240 μὲν
885 2148 918 2226 ἐς
943 2145 1005 2236 τὴν
1029 2150 1184 2215 Χαλκίδα

209 2241 315 2330 εὐθὺς
333 2245 547 2338 ιἰιιεχῶρησε,
571 2245 693 2337 μαθῶυ
711 2248 748 2318 δὲ
765 2245 825 2318 τόν
842 2244 971 2318 ὕπατον
988 2243 1221 2338 προσιόντων

210 2351 243 2432 ἐς
260 2347 323 2438 την
337 2345 453 2420 Ἀσίαν
470 2347 679 2440 ἀνεκομίσθη
698 2346 824 2420 λαθῶν.
1269 2353 1270 2356 ’

286 2451 354 2521 Καὶ
372 2449 435 2538 τὴν
458 2451 519 2540 μὲν
536 2458 702 2522 Βοιωτίαν
725 2447 861 2539 καὶμὴν
879 2445 1032 2537 Εὔβοιαν
1054 2443 1072 2519 ό
1092 2457 1186 2521 Γλα-

210 2556 320 2642 βρίων
337 2545 457 2622 αὐτίκα
475 2555 631 2643 κατέσχε,
655 2581 696 2644 τη
685 2549 748 2624 δ’
773 2550 932 2642 Ηρακλεί
930 2581 969 2645 α,
993 2580 1038 2643 μη
1056 2558 1188 2640 βουλη-
1269 2557 1270 2640 j

106 2669 207 2723 P1452
213 2655 346 2724 θεντων
360 2650 454 2748 αυτῷ
467 2661 703 2746 προσχωρησαι
715 2657 784 2725 τῶν
798 2659 973 2742 Αἰτωλῶν,
993 2649 1187 2744 προσβολάς
1267 2681 1270 2798 χ

210 2756 368 2825 ἐποιεῖτο
404 2757 460 2826 καὶ
483 2782 546 2846 την
570 2757 697 2846 μὲν’
655 2785 743 2827 κατω
774 2754 874 2828 πόλιν
898 2761 1074 2847 πολιορκία
1102 2745 1270 2844 εἷλε,
1201 2783 1270 2826 τε
1268 2819 1270 2844 ,

209 2855 286 2940 τοὺς
322 2855 353 2928 δ’
384 2857 480 2940 ἐς
443 2887 506 2948 την
540 2855 723 2950 άκρότιολιν
753 2854 988 2949 ἀναφυγόντας
1022 2854 1188 2948 ὁμολογία

209 2957 449 3051 παρεστήσατο.
483 2962 520 3030 ἐν
540 2961 577 3031 δε
594 2974 664 3043 τοϊς
681 2959 756 3032 τότε
774 2968 976 3050 ζωγρηθείσι
993 2959 1050 3029 καὶ
1067 2954 1188 3048 Δημό-

209 3089 320 3150 κριτος
342 3059 360 3132 ὁ
386 3061 568 3154 στρατηγὸς
598 3064 667 3133 τῶν
690 3067 855 3134 Αἰτωλῶν
887 3062 1036 3151 ἐγένετο,
1067 3055 1104 3142 ὃς
1136 3066 1188 3154 τῶ
1267 3087 1270 3168 χ

210 3168 385 3256 Φλαμινίῳ
412 3163 550 3236 τοτὲ
514 3193 578 3254 την
603 3173 795 3256 συμμαχίαν
818 3160 1005 3254 ἠρνήσατο,
1036 3163 1094 3232 καὶ
1116 3160 1191 3250 ψή-
1268 3173 1270 3296 ί

209 3283 317 3349 φισμα
335 3266 521 3336 ίαείνουί
485 3295 505 3336 α
508 3263 699 3356 ίτησαντος,
717 3261 765 3338 ἵν’
786 3265 872 3350 ἐς
836 3294 898 3354 την
912 3260 1037 3356 Ρῶμην
1055 3265 1270 3356 τίμημα

205 3358 366 3453 “θάρρει”
387 3364 494 3486 ἕφη·“
497 3361 640 3489 η,ἐγῶ
601 3398 665 3462 γαρ
684 3365 766 3440 αότδ
784 3375 889 3459 κομιῶ
906 3365 989 3458 μετὰ
1005 3369 1065 3438 τοῦ
1083 3386 1190 3456 στρα

209 3489 269 3531 του
253 3465 343 3532 καὶ
360 3464 451 3556 παρά
474 3473 520 3561 τῶ
543 3466 740 3560 Τιβέριδι’
717 3486 802 3561 υμίν
820 3463 1085 3570 άναγνῶσομαιῗ
1123 3475 1192 3538 τοῦ
1268 3507 1270 3544 ε
