2566 3812
525 169 791 223 LIB.1x.cAP.L
873 141 874 148 '
1062 129 1144 234 “253

171 313 281 398 ξιφῶν
307 305 576 402 ἀπορρίψαντας,
607 302 647 380 τά
679 303 713 377 δ’
738 312 920 401 ἐγχειρίδια
944 306 1060 399 κρύφα
1086 313 1144 399 φέ·
1241 304 1246 312 ’

172 437 310 500 ροντας,
325 414 382 480 ἵνα
397 410 587 498 δεξαμένων
600 407 722 494 αὐτούς
734 416 803 482 τῶν
813 409 1145 501 ἀντικαθεστηκότων

173 511 218 594 τός
236 508 385 591 ἀόπλους
403 513 588 582 έπίθωνται
605 509 718 594 αὐτοῖς
735 509 1001 604 ἀπροσδοκήτως.

253 617 301 684 OC
317 612 354 682 δέ
369 608 411 701 δὴ
425 610 577 702 Ῥωμαῖοι
592 610 720 695 ἰδόντες
734 619 888 704 πρωίθεν
900 611 978 695 τούς
995 615 1073 705 περί
1086 612 1145 686 τόν

151 711 335 803 εἈννίβαν
358 714 669 804 παρατεταγμένους
699 709 881 800 ἀπλίζοντό
903 743 939 786 τε
963 717 1019 786 καὶ
1045 742 1145 806 παρε·

179 813 339 885 τάττοντο.
372 816 429 885 καὶ
446 819 480 885 οἱ
495 817 694 903 σαλπιγκταί
712 814 921 908 ἀμφοτέρους
942 815 1178 907 έξοότρυναν,0

177 917 233 987 καί
256 915 296 986 τά
321 930 441 1005 σημεῖα
463 913 571 1007 ἤρθη,
597 918 654 987 καὶ
677 915 905 1008 συμπεσόντες
929 916 1146 1005 πολυτρόπως

175 1016 396 1106 ἠγωνίσαντο.
445 1019 501 1088 καί
526 1019 622 1108 μέχρι
646 1022 705 1106 τῆς
727 1026 936 1109 μεσημβρίας
959 1014 1147 1109 οὐδετέροις

175 1117 212 1189 τό
230 1116 351 1210 κρότος
368 1114 610 1208 ἀπενενέμητο·
640 1121 713 1190 ἐπεὶ
735 1119 774 1191 δέ
790 1119 828 1191 τό
850 1127 983 1210 πνεῦμα
1007 1123 1146 1210 ἐπῆλθε,

134 1249 162 1289 ιο
177 1221 233 1290 καὶ
258 1224 294 1290 ολ
314 1217 582 1311 ψευδαντόμολοι
614 1223 790 1312 δεχθέντες
818 1216 863 1304 ἀς
886 1217 1001 1294 ὅπλων
1024 1225 1147 1311 γυμνοί

173 1320 322 1394 όπισθεν
338 1327 407 1392 τῶν
420 1315 591 1412 Ῥωμαίων
609 1325 780 1412 ἐγένοντο,
805 1321 924 1412 ἵναμὴ
942 1330 1060 1412 σφίσιν
1078 1327 1147 1394 έπι-

175 1425 298 1494 τιθοῖσι
316 1428 425 1510 δῆθεν
442 1427 477 1492 οί
489 1421 735 1516 Καρχηδόνιοι,
754 1423 828 1494 τότε
840 1426 897 1494 καὶ
913 1421 1053 1516 οίιλόχοι
1072 1427 1146 1494 ἑκα-

176 1526 329 1615 τέρωθεν
348 1524 595 1614 ἐπανέστησαν,
620 1523 712 1596 καὶὸ
734 1521 892 1614 Ἀννίβας
916 1523 999 1598 κατά
1016 1524 1146 1617 πρόσω-

177 1652 243 1697 πον
261 1622 326 1696 σύν
343 1641 412 1708 τοίς
432 1629 569 1697 ἱππεῦσι
586 1629 781 1717 προσέμιξε,
807 1629 864 1698 καὶ
887 1633 973 1699 οἵτε
997 1628 1148 1718 πολέμιοι

137 1753 165 1794 ιε
178 1726 257 1810 τούς
270 1724 450 1816 Ῥωμαίους
464 1726 679 1817 πανταχόθεν
692 1725 900 1819 ἐθορύβουν,
921 1731 977 1800 καὶ
994 1727 1012 1801 ὁ
1027 1726 1148 1820 ἀνεμος

178 1825 199 1898 ό
216 1855 252 1899 τε
270 1825 440 1920 κονιορτός
459 1831 492 1910 ές
508 1825 568 1911 τάς
591 1826 685 1914 ὄψεις
703 1829 814 1902 πότων
825 1837 950 1920 ’βιαίως
976 1834 1148 1921 ἐμπίπτων

180 1927 335 2021 έτάραττε
359 1931 415 2000 καί
439 1928 476 2000 τό
507 1927 621 2021 ἀσθμα
652 1930 830 2022 γινόμενον
861 1933 998 2023 συνεχὲς
1029 1935 1065 2003 ἐκ
1089 1935 1150 2003 τού

182 2029 329 2122 καμάτου
352 2027 581 2122 ἀπέφραττεν,
610 2028 692 2102 ὥστ’
717 2032 977 2123 ἀπεστερημένοι
1006 2034 1067 2122 μὲν
1090 2037 1183 2122 τῆςΙ)

180 2129 306 2223 ὅψεως,
325 2129 586 2224 ἀπεστερημένοι
604 2133 642 2204 δέ
659 2135 715 2203 καί
732 2137 866 2223 φωνῆς,
884 2131 1022 2224 φύρδην
1038 2135 1095 2202 καὶ
1114 2138 1150 2204 έν

139 2259 168 2300 νο
180 2229 298 2305 ούδενί
316 2231 428 2329 κόσμφ
447 2231 664 2326 ἐφθείροντο.’
692 2237 749 2305 καὶ
772 2236 932 2306 τοσοῦτον
950 2239 1048 2306 ἔπεσε
1066 2239 1151 2323 πλῆ-

179 2347 243 2417 θος
263 2332 349 2406 ε’όστε
365 2332 425 2406 τδν
438 2331 598 2424 Ἀννίβαν
614 2339 684 2406 τῶν
700 2336 763 2426 μέν
786 2339 823 2406 ἐκ
839 2337 901 2406 τού
923 2333 1043 2426 ὁμίλου
1067 2335 1152 2425 μηδὲ

180 2441 387 2528 πειραθῆναι
405 2439 554 2528 ἐξευρεῖν
577 2433 741 2530 ἀριθμόν,
765 2439 843 2530 περὶ
867 2438 906 2510 δὲ
928 2443 997 2510 τῶν
1022 2441 1152 2510 ἱππέων

181 2540 238 2608 καί
255 2539 325 2609 ττδν
342 2541 378 2609 ἐκ
395 2545 453 2628 τῆς
466 2531 595 2628 βουλῆς
617 2537 763 2630 ἀριθμόν
785 2540 849 2631 μὲν
865 2537 910 2631 μὴ
934 2538 1060 2633 γράψαι
1082 2555 1152 2622 τοῖς

180 2649 268 2710 οίκοι
294 2646 558 2731 Καρχηδονίοις,
591 2639 653 2712 διά-
673 2643 711 2712 δέ
734 2647 803 2715 τόν
829 2649 1020 2715 δακτυλίων
1046 2646 1152 2714 ἐνδεί-

141 2767 169 2808 εο
183 2745 307 2824 ξασθαι
323 2744 460 2813 τούτον·
488 2747 607 2831 χοίνιξι
629 2741 693 2834 χάρ
711 2749 801 2834 σφᾶς
823 2740 1053 2837 ἀπομετρήσας
1070 2739 1152 2813 ἀπέ-

182 2851 300 2912 στειλε.
331 2840 429 2932 μόνοι
445 2841 511 2935 γὰρ
528 2848 563 2915 ολ
577 2848 758 2933 βουλευταί
775 2847 832 2918 καί
850 2851 886 2918 οί
901 2851 1013 2926 ίππείς
1033 2850 1152 2916 δακτυ-

182 2950 266 3026 λίοις
285 2946 471 3037 ἐκέχρηντο.
503 2948 621 3036 συχνοί
639 2945 673 3017 δ’
694 2936 759 3018 ούν
775 2945 863 3037 ὅμως
876 2947 933 3018 καί
950 2943 1023 3017 τότε
1037 2946 1153 3034 διέφυ·

182 3073 245 3136 μον
262 3047 318 3116 καί
336 3044 354 3115 ό
378 3048 563 3139 Τερέντιος·
591 3045 691 3140 δχάρ
709 3052 845 3130 Παῦλος
863 3046 1045 3118 ἀπέθανεν.
1081 3041 1099 3119 ό
1119 3043 1151 3117 δ’

181 3143 337 3236 Ἀννίβας
351 3145 415 3218 οὐκ
430 3151 609 3234 έπεδίωξεν
622 3145 699 3220 οὐδ’
720 3157 771 3232 είςΙ
784 3146 983 3240 τὴνῬύμην
995 3145 1151 3240 ἠπείχθη.
1160 3169 1255 3220 P1419

143 3274 171 3316 εο
187 3247 374 3339 δυνάμενος
391 3246 455 3340 χάρ
473 3243 494 3339 ἢ
512 3253 613 3322 παντὶ
635 3253 683 3346 τῷ
700 3248 919 3344 στρατεύματι
942 3245 963 3341 ἢ
981 3255 1037 3323 καὶ
1061 3254 1154 3342 μέρει

183 3348 304 3422 τούτου
322 3349 405 3443 πρὸς
421 3349 484 3441 τὴν
497 3346 623 3443 Ῥύμην
640 3360 830 3446 παραυτίκα
856 3349 999 3444 ὅρμησαι
1025 3356 1081 3424 καί
1098 3380 1154 3424 τα·

185 3453 268 3541 χέως
294 3455 555 3547 διαπολεμῆσαι,
579 3451 643 3526 ούκ
666 3458 801 3548 ἐποίησε
822 3459 937 3549 τοῦτο,
962 3462 1071 3528 καίτοι
1094 3445 1165 3527 τού
