2566 3812
158 189 223 254 214
463 193 535 247 Lm.
548 192 627 245 v111.
644 191 725 243 cAP.
737 191 812 244 m.

158 359 217 414 ους
240 324 366 423 ἡμέρας
396 332 575 421 γινομένου
599 335 634 401 οί
655 326 880 452 Καρχηδόνιοι
905 331 1125 420 ἐφρονηματί-

159 445 293 522 σθησαυ
316 434 372 502 καί
402 433 631 523 προσέβαλλον
653 429 874 554 θρασύτερον.
922 433 977 502 καὶ
1006 428 1121 502 τότε“
1106 461 1124 503 ο

158 538 328 616 Μέτελλος
353 549 492 625 σημεῖον
515 551 584 616 τοῖς
609 532 780 624 Ῥωμαίοις
804 523 879 624 ἦρε
910 531 974 602 πάντ
1003 526 1168 604 τούτου

124 640 360 720 Βέξαπιυαίως
379 639 500 707 εἰιεῑνοι
523 635 607 706 κατά
624 634 733 718 πάσας
749 631 806 716 τάς
830 632 937 716 πάλας
962 637 1125 724 ἐπεκδρα-

159 735 277 826 μόντες
291 741 416 830 ῥᾳδίως
431 734 628 828 ἐκράτησαν,
647 739 702 808 καὶ
717 741 749 819 ἐς
763 759 883 808 στευου
896 733 1019 820 αὐτοὺς
1032 739 1150 808 κατέ-5

159 847 313 927 κλεισαυ,
337 835 422 909 ὥστε
445 837 558 929 μηκέτ’
585 835 801 932 ἀναχωρῆσαι
819 835 866 908 δι’
886 833 993 910 αότού
1021 844 1126 928 δυνη-

158 946 273 1028 θῆναι.
310 939 615 1031 στενοχωρούμενοι
632 940 715 1032 γάρ,
740 937 798 1010 ἅτε
816 943 872 1010 καὶ
889 937 985 1012 αὐτοὶ
1009 942 1126 1011 πολλοὶ

158 1039 251 1123 ὄντες
269 1044 325 1111 καὶ
349 1042 492 1124 πολλοὺς
518 1043 700 1132 ἐλέφαντας
727 1043 875 1132 ἔχοντες,
901 1040 1124 1133 ἐταράττοντο.

158 1139 223 1214 τόν
252 1141 360 1238 τούτῳ
388 1143 425 1214 τό
457 1143 618 1214 ναυτικόν
640 1143 677 1215 τό
701 1140 857 1230 Λιβνπόυ
888 1147 1127 1236 προσπλεόσαν

159 1244 273 1325 αὐτοῖς
292 1246 422 1334 ἐγένετο
440 1249 573 1336 φθοράς
596 1243 800 1316 αἰτιώτατον.
838 1243 966 1328 ίδόντες
988 1245 1052 1337 χάρ
1069 1243 1127 1329 τάς
1140 1281 1166 1320 ιο

159 1347 242 1428 ναός
261 1342 421 1436 ὥρμησαν
439 1354 486 1430 είς
504 1343 606 1430 αότάς
630 1349 686 1418 καλ
711 1351 883 1437 ἐμβαίνειν
909 1344 1126 1436 έξεβιάζοντο,

159 1448 276 1518 καλοί
297 1449 360 1536 μὲν
384 1455 431 1529 είς
457 1445 519 1536 τὴν
536 1446 713 1519 θάλασσαν
731 1451 909 1520 ἐνέπιπτον
931 1450 988 1518 καὶ
1013 1451 1126 1539 ἐφθεί-

160 1576 276 1636 ροντο,
306 1555 341 1618 οί
371 1549 410 1619 δὲ
439 1547 506 1620 όπό
537 1553 606 1621 τόν
636 1549 830 1638 ἐλεφάντων
855 1553 1127 1640 ἐμπελαζομένωυ

159 1645 315 1737 άλλήλοις
339 1679 375 1720 τε
399 1653 456 1720 καὶ
484 1667 552 1732 τοῖς
575 1649 769 1742 ιἰυθροόποις
792 1650 1009 1740 ἀπώλλυντο,
1034 1657 1069 1722 οί
1090 1654 1127 1724 δὲ

158 1747 225 1820 ὑπό
243 1753 311 1821 τεόν
324 1748 494 1842 Ῥωμαίων
513 1755 716 1839 ἐκτείνοντο,
742 1755 859 1824 πολλοὶ
880 1754 917 1824 δὲ
934 1756 990 1823 καὶ
1008 1759 1127 1839 ζῶντες
1140 1784 1166 1824 15

160 1849 313 1924 ἑάλωσαν
331 1850 454 1946 άνδρες
472 1882 508 1924 τε
526 1857 582 1925 καὶ
601 1857 788 1945 ἐλέφαντες.
827 1853 943 1944 ἐπειδὴ
962 1851 1025 1945 γάρ
1044 1849 1127 1925 ἄνευ
1180 1911 1182 1914 -

56 1957 228 2025 Ρ1394τῶν
259 1953 423 2044 συνήθων
452 1964 570 2046 σφίσιν
604 1952 741 2048 άυδριόν
775 1953 869 2038 ὅντες
903 1955 1149 2046 ἠγριαίνοντο,

159 2053 315 2146 κήρυγμα
349 2073 419 2139 τοῖς
454 2055 672 2147 αἰχμαλώτοις
701 2053 720 2128 ό
750 2060 920 2140 Μέτελλος
951 2055 1127 2146 ἐποιήσατο

160 2166 330 2248 σωτηρίαν
343 2161 399 2229 καλ
408 2159 526 2230 άδειαν
537 2176 605 2242 τοῖς
615 2163 844 2248 συλλαβοῦσιν
857 2156 980 2241 αὐτους
994 2162 1125 2230 διδοῦν·

159 2261 215 2328 καί
233 2258 338 2342 οὕτως
356 2259 601 2350 προσελθόντες
625 2262 712 2342 τινες
730 2278 799 2343 τοις
817 2263 915 2351 σφων
933 2259 1128 2354 πρᾳοτάτοις
1141 2289 1168 2330 εο

161 2365 310 2442 ἐκείνους
328 2389 364 2431 τε
384 2361 439 2430 διά
456 2361 518 2450 τὴν
536 2360 723 2451 συνήθειαν
742 2363 959 2453 ἐχειρώσαντο
978 2361 1127 2445 καὶτοὺς

160 2457 284 2542 άλλους
309 2459 637 2550 προσεπεσπάσαντο.
686 2459 746 2546 οὓς
770 2465 826 2534 καὶ
851 2471 898 2545 είς
920 2461 983 2552 τὴν
1002 2461 1129 2554 Ῥάμην

161 2559 321 2649 έιιόμισαν
349 2562 467 2634 ἑκατὸν
489 2561 588 2647 ὄντας
618 2567 674 2636 καὶ
705 2574 848 2652 είκοσιν,
880 2561 985 2646 οὕτως
1008 2560 1129 2646 αότούς

161 2661 222 2732 τόν
240 2662 396 2753 πορθμὸν
413 2666 668 2757 περαιόσαντες.
699 2673 824 2749 πίθους
842 2664 987 2747 πολλοὺς
1004 2664 1129 2754 συνδή-

161 2787 281 2848 σαντες
299 2761 453 2856 άλλήλοις
471 2769 527 2838 καὶ
551 2767 662 2852 ξύλοις
681 2766 896 2857 διαλαβόντες
914 2771 1020 2858 σφᾶς,
1045 2764 1129 2838 ὥστε
1142 2797 1170 2838 25

161 2863 239 2956 μήτ’
259 2863 475 2960 άπαρτάσθαι
493 2873 582 2959 σφοῖς
600 2869 683 2959 μήτε
700 2877 915 2960 συμπίπτειν,
935 2865 1055 2950 δοκους
1074 2867 1126 2939 ἐπ’

158 2963 272 3039 αὐτων
290 2972 464 3041 ἐπέτεινον
476 2973 532 3041 καὶ
546 2969 634 3059 υλην
647 2973 762 3041 καὶ
720 2999 784 3094 μην
797 2972 1023 3062 ἐπεφόρησαν,
1042 2968 1130 3060 φρά-

158 3072 275 3150 ξαυτές
298 3097 333 3140 τε
356 3063 468 3198 πέριξ
474 3072 511 3142 τὸ
535 3067 728 3162 χωρίον,
704 3101 748 3154 ως
772 3070 859 3164 αὐλῇ
883 3101 949 3142 τινι
974 3074 1129 3159 ἐοικέναι,

160 3175 208 3250 είς
238 3173 335 3240 τοῦτο
366 3171 488 3256 αὐτους
520 3178 601 3263 έπεβ
603 3181 743 3264 ίβασαν,
774 3177 831 3244 καί
858 3171 1131 3296 διεπόρθμευσαυ

125 3264 295 3339 Βοόδ’ί
258 3299 279 3339 α
281 3272 561 3398 ίσθανομένρυς”
542 3305 592 3346 οτι
607 3279 747 3347 πλέοιεν.
773 3305 791 3347 ο
780 3263 926 3366 μὲν
884 3304 947 3346 ουν
960 3277 1131 3356 Μέτελλος
1146 3303 1172 3344 ιο

160 3367 266 3452 Οὕτως
281 3371 479 3474 ένίκησεν,’
464 3405 480 3445 ο
502 3373 532 3445 δ’
550 3372 790 3468 Ἀσδροάβας’
775 3406 793 3447 ο
806 3405 874 3447 των
887 3381 1132 3468 Καρχηδονίων
