2566 3812
177 182 180 188 ’
196 181 260 246 206
367 195 377 215 ·
481 177 643 235 LlB.v111.
663 177 741 234 CAP.
753 179 803 231 XI.
814 179 878 230 xli.

33 399 34 402 ,
70 336 78 415 J
197 317 302 393 αότοῦ
319 321 522 410 ποιουμένου
539 323 672 410 πρῶτον
688 317 752 408 μέν
768 321 804 390 οί
816 315 986 409 ἐτιχοόριοι
1001 315 1166 408 μετὰτῶν

76 418 80 424 ’
198 428 442 514 Καρχηδονίων
459 416 627 511 ήμάνοντο
645 422 827 511 κραιπνοῖς,
851 426 920 491 τῶν
938 420 977 490 δέ
993 423 1166 508 γυναικών

197 527 254 596 καί
270 527 339 596 τεόν
356 529 488 596 παίδων
507 526 541 603 ἐς
553 519 685 612 δάκρυα
702 523 758 592 καί
771 525 805 604 ἐς
816 519 962 612 οἰμωγάς
973 524 1165 613 προαχθέν-

163 657 267 710 ῃτων
297 624 359 698 οὐκ
388 622 558 714 ἀντέσχον.
610 619 868 708 ὑπεξελθόντων
892 625 930 694 δέ
953 621 1074 706 νυκτός
1096 627 1166 696 των

197 733 442 822 Καρχηδονίων
471 721 539 817 ἅμα
564 715 606 818 τή
635 728 681 820 ἕφ
709 724 768 806 τάς
793 722 902 807 πάλας
928 727 1103 797 ἐθελονταὶ
1131 731 1167 796 οἱ
1177 754 1193 794 ε

198 827 367 922 ἐπιχώριοι
384 827 601 900 ἀνεπέτασαν.
634 825 792 909 εἰσιόντες
811 827 849 898 δέ
865 832 901 897 οί
911 821 1068 917 Ῥωμαῖοι,
1078 825 1166 898 πάν-

196 961 256 1014 τας
274 930 449 1022 ἐφόνευον,
467 933 529 1012 ἕως
548 926 707 1020 ἐκήρυξεν
724 923 742 1000 ὁ
757 923 895 1010 Ἀτίλιος
912 926 975 1018 τήν
992 929 1112 1019 λοιπήν
1127 957 1166 1000 τε

198 1041 293 1106 λείαν
315 1035 372 1104 καὶ
395 1029 473 1113 τοός
490 1027 693 1122 ἀνθρώπους
711 1035 773 1101 τοῦ
790 1027 950 1119 λαβόντος
970 1030 1073 1103 εἶναι·
1105 1039 1165 1103 έκ-

198 1164 273 1207 τοτε
295 1132 360 1226 γάρ
382 1133 462 1216 τούς
486 1130 624 1216 λοιποός
646 1160 682 1202 τε
701 1127 890 1224 ἐζώγρησαν
914 1135 970 1203 καί
987 1130 1050 1222 τὴν
1067 1131 1165 1204 πόλιν

198 1233 508 1330 προδιαρπάσαντες
525 1236 747 1326 κατέπρησαν.
1027 1295 1029 1300 .
1179 1263 1207 1302 ιο

146 1352 187 1416 12
272 1335 424 1410 Ἐκεῖθεν
447 1334 478 1408 δ’
501 1339 556 1406 ἐπὶ
573 1333 776 1428 Καμάριναν
798 1333 1044 1428 ἀπερισκέπτως
1067 1333 1165 1425 γενό-

198 1469 293 1531 μενοι
311 1443 344 1522 ἐς
361 1447 467 1530 χωρία
485 1439 768 1529 προλελοχισμένα
795 1439 970 1509 ἐνέπεσον
1002 1439 1058 1508 καὶ
1075 1463 1164 1508 παυ-

198 1545 276 1613 συδὶ
306 1536 350 1611 ἀν
379 1537 598 1630 ἐφθάρησαν,
635 1545 667 1608 εἰ
694 1536 741 1628 μή
765 1537 906 1628 Μάρκος
930 1538 1165 1632 Καλπούρνιος

198 1645 379 1734 χιλιαρχῶν
396 1647 499 1735 σοφία
523 1643 671 1730 μετῆλθε
686 1638 725 1711 τό
743 1639 948 1732 δυστύχημα.
993 1639 1078 1712 ίδεόν
1099 1640 1165 1730 γάρ

197 1773 272 1815 τινα
295 1746 364 1814 των
385 1744 479 1834 πέριξ
504 1740 620 1832 λόφων
642 1740 748 1832 μόνον
769 1737 837 1814 άπὸ
859 1746 922 1814 τοό
945 1741 1164 1834 κρημνώδους
1179 1768 1205 1809 1⁵

95 1878 193 1930 P1389
199 1845 244 1936 μή
262 1846 601 1936 προκατειλημμένον,
616 1839 753 1927 ὁπλίτας
770 1851 980 1935 τριακοσίους
998 1843 1088 1937 παρά
1104 1851 1164 1916 τοῦ

196 1942 328 2021 ὑπάτου
344 1944 508 2039 ήτήσατο,
532 1947 588 2017 καὶ
606 1945 672 2017 σάν
694 1943 808 2029 αὐτοῖς
832 1944 883 2018 ἐπ’
906 1949 1035 2019 ἐκεῖνον
1053 1944 1166 2038 ὥρμη-

198 2070 269 2140 σευ,
286 2046 332 2120 ἵν’
354 2053 389 2120 οί
403 2051 555 2138 πολέμιοι
573 2045 655 2140 πρός
668 2043 790 2129 αότοός
802 2045 1006 2138 τράπωνται,
1024 2045 1165 2120 κάντεῠ-
1277 2047 1280 2100 ί

196 2163 262 2222 θεν
279 2155 314 2222 οί
328 2152 439 2222 λοιποί
458 2149 657 2240 διαφύγωσι.
693 2152 750 2220 καὶ
768 2155 864 2240 ἔσχεν
881 2148 1002 2233 οὕτως·
1039 2149 1082 2232 ὥς
1099 2152 1163 2238 γάρ

196 2251 260 2341 τήν
276 2247 385 2344 ὁρμήν
402 2249 515 2340 αὐτῶν
533 2251 626 2322 είδον
643 2257 679 2322 οί
694 2255 851 2340 ἐναντίοι,
869 2251 1087 2342 ἐκπλαγέντες
1103 2247 1163 2322 τόν
1176 2277 1205 2318 εο

197 2356 259 2443 μὲν
276 2351 407 2425 ὕπατον
424 2356 480 2424 καὶ
499 2353 576 2436 τούς
600 2355 677 2444 περὶ
702 2349 807 2424 αότόν
825 2348 870 2436 οἱς
892 2350 958 2444 ήδη
979 2351 1164 2449 ἑαλωκότας
1217 2345 1221 2350 ’

197 2457 392 2544 κατέλιπον,
430 2457 482 2524 ἐπί
514 2455 550 2524 δέ
584 2453 643 2524 τόν
669 2452 907 2543 Καλπούρνιον
941 2458 1162 2545 συνέδραμον.

197 2558 253 2626 καὶ
277 2554 383 2646 μάχης
409 2559 546 2647 ἰσχυράς
569 2563 745 2646 γεγονυίας
764 2559 880 2628 πολλοὶ
904 2557 968 2647 μέν
985 2554 1162 2646 κάκείνων,

197 2655 318 2740 πάντες
345 2653 378 2728 δ’
404 2661 439 2728 oi
458 2655 642 2747 τριακόσιοι
665 2664 800 2729 ἔπεσον·
836 2655 939 2749 μόνος
958 2659 996 2730 δέ
1013 2662 1164 2750 περιεσά-

67 2795 74 2802 ·
197 2779 304 2831 σωστο
327 2755 614 2852 όΚαλποόρνιος,
650 2762 794 2852 τρωθεὶς
817 2764 896 2851 μέν,
924 2759 1043 2832 λαθὼν
1067 2757 1101 2830 δ’
1127 2763 1164 2831 ἐν
1177 2783 1204 2824 ²⁵

196 2879 265 2946 τοῖς
282 2878 414 2954 νεκροῖς
431 2867 582 2952 κείμενος
599 2857 666 2932 ὑπὸ
683 2867 752 2934 τῶν
770 2859 970 2953 τραυμάτων
984 2857 1029 2944 ὥς
1041 2873 1164 2951 τεθνη·

197 2963 274 3055 κός,
301 2972 388 3037 ἐνθα
412 2961 492 3049 ζωός
517 2959 671 3055 εὑρεθεὶς
696 2962 819 3053 ἐσώθη.
856 2968 894 3035 ἐν
918 2953 946 3058 ᾦ
971 2959 1004 3034 δ’
1023 2965 1058 3034 οί
1074 2992 1163 3056 τρια-

162 3065 305 3138 Βκόσιοι
327 3065 505 3157 ἐμάχοντο,
540 3060 558 3138 ό
582 3062 709 3148 ὕπατος
732 3062 936 3157 ἀπεχώρησε.
986 3062 1165 3154 διαφυγόν

197 3166 230 3237 δ’
250 3165 357 3251 οὕτως
377 3166 441 3257 τήν
462 3196 499 3240 τε
523 3167 724 3259 Καμάριναν
753 3169 810 3238 καί
839 3165 941 3249 άλλας
970 3164 1084 3249 πόλεις
1106 3166 1164 3248 τάς

195 3270 258 3357 μέυ
275 3275 345 3363 βίᾳ,
359 3268 418 3353 τάς
433 3269 472 3340 δέ
487 3271 544 3340 καὶ
557 3265 716 3364 ὁμολογίᾳ
729 3267 966 3360 παρεστήσατο.
1000 3271 1164 3340 ἐντεῦθεν
1176 3292 1204 3334 εο

110 3395 115 3398 -
196 3392 401 3406 -υ--υ-ι-

195 3503 229 3553 43
252 3432 337 3553 Ῑὲεχιό
346 3437 387 3488 12.
411 3435 510 3488 Dionis
527 3435 670 3488 Historiae
688 3435 829 3486 Romanae
846 3435 912 3487 libri
929 3434 1044 3502 perditi:
1063 3434 1164 3500 fragm.

230 3537 238 3565 ‚
286 3540 292 3565 ‚
339 3539 345 3552 .
