2586 3800
446 181 517 234 LIB.
531 181 592 232 XII.
613 179 692 233 OAP.
705 181 780 235 VIII.
1056 181 1097 246 99

128 337 197 404 τοὶς
228 326 333 392 εἴδεσι
357 323 412 392 καὶ
430 320 667 410 ἁπλουστέρων
696 339 764 403 τοῖς
794 318 932 411 ήθεσιν,
969 326 1097 406 ἐκεῖνος

127 419 218 515 παρά
240 421 277 494 τό
304 429 384 505 ἔθος
407 427 619 512 στρατιωτῶν
642 423 707 511 τήν
730 421 829 494 πόλιν
853 426 1015 513 ἐνέπλησε
1039 427 1096 496 καὶ

127 531 217 596 ἰδεῖν
251 520 467 615 ἀγριωτάτων
501 528 558 595 καὶ
591 523 733 595 ἀκούσαι
763 522 1008 615 φοβερωτάτων
1038 529 1096 596 καὶ

126 625 283 717 ὁμιλῆσαι
299 624 555 718 άγροικοτάτων.

99 758 113 798 ι
199 724 347 816 Ἐγένετο
383 729 422 800 δὲ
456 727 547 822 αύτῷ
577 755 654 798 τινα
678 745 799 818 σημεῖα
823 727 885 817 τήν
907 723 1095 818 ἡγεμονίαν

126 829 431 920 προμαντευόμενα.
473 830 569 913 ἔδοξέ
591 855 671 901 ποτε
694 827 777 921 όναρ
801 829 966 902 λύκαιναν
989 829 1093 918 θηλά-

127 940 202 1020 ζειν,
221 926 266 1013 ύς
283 934 360 1021 περὶ
375 927 545 1022 Ῥωμύλου
563 930 750 1024 ἱστόρηται·
778 933 834 1002 καλ
850 929 944 1023 ὕδωρ
963 929 1094 1002 καθεύ-

125 1038 241 1116 δοντος
259 1031 371 1122 ὥσπερ
390 1038 427 1104 ἐκ
444 1039 553 1123 πηγής
569 1028 737 1123 ἀνεδόθη·
774 1035 831 1104 καὶ
854 1031 935 1104 καθ’
964 1032 1092 1115 ὕπνους

125 1130 216 1228 αύτῷ
233 1129 254 1224 ή
271 1141 339 1206 τῶν
351 1133 521 1224 Ῥωμαίων
543 1132 701 1225 σύμπασα
719 1133 826 1224 βουλή
849 1131 941 1206 καὶὸ
959 1139 1156 1226 δήμοςλλΠῖ

84 1266 111 1306 10
124 1234 264 1328 προσῄει
286 1265 323 1308 τε
347 1240 404 1308 καὶ
426 1233 601 1326 ήσπάζετο.
642 1237 697 1307 καλ
723 1228 825 1318 αὖθις
851 1236 960 1309 ἐδόκει
988 1244 1026 1309 έν
1049 1241 1090 1330 τῇ

123 1338 230 1432 ἀγορᾷ
263 1343 304 1429 τῇ
331 1333 479 1431 Ῥωμαία
509 1335 695 1410 ἱππεύοντα
724 1339 783 1411 τδυ
808 1347 1002 1428 Περτὶνακα
1031 1345 1126 1410 τούο

123 1445 229 1512 ἵππου
246 1435 493 1532 άπορριφήναι,
511 1437 612 1522 αὐτὸς
630 1442 669 1511 δὲ
684 1439 805 1513 τούτου
824 1439 959 1524 ἑκόντος
979 1445 1091 1512 έπιλα-
1184 1528 1187 1534 ¹

123 1544 254 1629 βέσθαι.
296 1548 423 1631 ἔφηβος
458 1541 495 1612 δδ
530 1539 580 1613 οδυ
615 1546 649 1624 ές
683 1540 742 1613 τδν
768 1540 945 1631 βασιλικόν
968 1550 1093 1634 δίφρον

122 1641 267 1732 άγνοάν,
285 1639 362 1713 ἀλλ’
381 1641 444 1714 ούκ
462 1647 499 1714 ἐκ
515 1651 676 1732 προνοίας
692 1643 783 1736 ὕπαρ
802 1643 970 1716 ἐκάθισεν.

82 1771 109 1814 ιε
224 1743 445 1836 Αύταρχήσας
468 1745 507 1816 δδ
530 1745 588 1816 διά
610 1752 777 1819 πλείστων
801 1744 938 1839 τρόπων
956 1750 1091 1836 ἐτίμησε

121 1845 181 1920 τόν
197 1854 407 1939 Περτὶνακα,
432 1850 489 1918 καὶ
512 1845 625 1937 ταφήν
648 1846 754 1918 αὐτοῦ
778 1854 886 1919 καίτοι
903 1845 1006 1920 πύλαι
1023 1859 1091 1918 θα-

121 1947 239 2030 νόντος
272 1947 560 2038 πολυτελεστάτην
595 1951 761 2038 ἐποίησεν.
807 1948 878 2020 εἱτα
912 1948 996 2021 κατά
1030 1951 1092 2020 τού

121 2056 256 2140 Νίγρου
280 2048 513 2142 ἐστράτευσεν·
544 2047 580 2133 δς
600 2045 721 2132 Ἰταλὸς
743 2040 789 2139 ἦν
813 2053 846 2132 ἐξ
870 2053 1018 2138 ἱππέων,
1049 2046 1090 2122 ού

119 2155 191 2223 τάν
225 2148 314 2222 πάνυ
349 2150 383 2222 δ’
418 2150 599 2242 ἐπισήμων.
643 2153 699 2221 καὶ
731 2148 906 2240 διαφόρων
935 2152 1092 2239 πολέμων

80 2280 106 2322 ιο
120 2255 422 2344 σνγκροτηθέυτων
447 2257 539 2335 τέλος
563 2256 602 2325 ἐν
624 2248 722 2348 Ἰσσῷ
745 2259 804 2342 τῆς
827 2259 982 2336 Κιλικίας
1012 2253 1090 2342 περὶ

118 2353 177 2439 τάς
195 2358 402 2446 καλουμένας
419 2353 548 2446 Πύλας,
567 2363 604 2426 αἳ
621 2352 677 2425 διά
693 2351 756 2445 τήν
773 2357 836 2426 τού
852 2351 957 2424 τόπου
975 2351 1089 2424 στενό·

118 2487 201 2548 τητα
218 2455 306 2530 οὕτω
324 2459 516 2548 κέκληνται,
541 2464 645 2529 ένθεν
667 2456 730 2548 μὲν
752 2455 818 2547 γάρ
840 2452 903 2547 όρη
919 2451 1124 2527 άνατεὶυειλ)

118 2555 281 2650 άπότομα,
295 2561 436 2652 κρημνοὶ
449 2555 482 2629 δ’
490 2562 625 2630 ἐκεῖθεν
631 2565 752 2646 βαθεῖς
758 2555 1024 2648 καθήκονσινεὶς
1029 2554 1092 2647 τήν

118 2659 315 2750 θάλασσαν,
339 2660 446 2752 μάχης
463 2664 626 2752 καρτεράς
642 2663 825 2751 γενομένης
842 2658 974 2750 ἡττήθη
991 2658 1009 2730 ὁ
1027 2667 1091 2730 Νἱ·

76 2789 105 2830 ει
119 2782 217 2853 γρος·
243 2765 300 2834 καλ
323 2759 361 2834 τό
384 2764 487 2834 πλέον
504 2763 567 2853 μέν
583 2766 642 2851 τής
659 2757 766 2834 αύτού
790 2759 965 2850 δυνάμεως
984 2764 1092 2832 έκελσε

121 2863 278 2954 διώλετο,
315 2867 442 2946 έκεϊνος
472 2865 510 2935 δὲ
540 2861 681 2954 φεύγων
710 2860 908 2950 κατελήφθη
934 2863 992 2930 καὶ
1009 2858 1091 2952 άυη-

120 2969 215 3055 ρέθη.
253 2956 295 3037 οὗ
318 2978 507 3058 τμηθεῖσαν
529 2964 592 3055 τήν
614 2961 767 3054 κεφαλήν
791 2960 981 3053 δΣευήρος
1006 2962 1093 3050 πέμ-

10 3153 12 3158 ,
118 3083 188 3150 ψας
207 3074 254 3150 εἱς
271 3066 308 3138 τὸ
321 3065 505 3154 Βυζάντιον
521 3061 793 3155 ἀνεσταύρωσεν,
811 3061 858 3134 ἵν’
880 3060 1011 3144 ἰδόντες
1028 3057 1092 3132 αύ-

119 3167 183 3257 τήν
200 3174 237 3239 οἱ
250 3167 426 3254 Βυζάντιοι
442 3164 716 3261 προσγωρήσωσι.

77 3298 106 3340 ω
202 3267 288 3352 Τοδς
322 3271 360 3342 δὲ
393 3267 434 3342 τά
458 3278 592 3360 Νίγρον
619 3265 855 3360 φρονήσαντας
881 3270 1092 3348 δικαιοῦντος
1152 3330 1154 3334 ,

121 3370 292 3462 Σευήρον,
310 3369 495 3462 βουλευτής
511 3400 561 3454 τις
584 3368 725 3454 Κάσσιος
738 3367 877 3461 Κλήμης
894 3366 1091 3458 κρινόμενος

121 3472 201 3564 παρ’
228 3469 319 3569 αὐτῷ
345 3471 612 3566 ἐπαρρησιάσατο
635 3471 746 3562 φήσας
770 3467 816 3555 άς
841 3470 929 3561 “ἐγοδ
953 3470 1031 3543 οὔτε
1054 3469 1092 3539 σδ

897 3584 939 3648 73
