2538 3824
400 105 474 163 τευ.
486 106 519 159 x,
538 105 617 157 οΑΡ.
632 106 758 158 xxm.
1003 101 1066 166 457

94 233 277 336 μοναρχίας
293 240 465 326 ἐνιαυτοῦς
479 245 638 333 γενέσθαι
651 247 713 315 του
727 251 909 335 Καίσαρος,
927 239 968 314 οὐ
981 241 1066 314 κατά

94 347 132 419 τὸ
149 345 413 439 τεσσαρακοστὸν
437 345 597 437 δεύτερον
622 353 692 430 ἔτος
715 345 736 439 ἡ
755 343 931 436 ἐπιφάνεια
948 347 1066 434 γίγονε

24 489 25 494 1
93 453 155 519 τοῦ
173 455 294 541 κυρίου
311 449 367 518 καί
382 453 530 538 σωτῆρος
543 442 650 539 ἡμῶν,
668 446 753 519 άίλά
767 445 850 518 κατά
863 447 899 518 τὸ
915 447 1066 518 είκοστόν
1156 460 1158 464 ’

93 558 215 622 ἔνατον
233 558 304 632 ἔτος
322 557 500 640 συμβαίνει
518 555 679 640 τεχθῆναι
696 547 756 621 τάν
774 547 903 638 κάριου.
940 547 983 630 ὡς
1001 547 1065 638 γάρ

63 647 112 723 εὸ
136 653 316 733 θεσπέσιος
340 649 576 741 εὐαγγελιστὴς
600 656 734 734 Λουκᾶς
760 657 902 742 ίστορεϊ,
938 654 975 722 ἐν
999 657 1098 721 §mn

91 750 381 848 πεντεκαιδεκάτῳ
410 757 468 841 τῆς
498 751 678 843 ἡγεμονίας
714 760 873 844 Τιβερίου
897 757 1065 844 Καίσαρος

91 854 153 926 τὸν
171 853 319 942 Χριστὸν
340 847 358 925 ὁ
380 851 537 944 Ἰωάννης
562 855 733 942 ίβάπτισε·
775 853 951 944 τριάκοντα
969 852 1001 924 δ’
1021 845 1066 943 ἦν

94 960 180 1028 ἐτῶν
203 951 258 1027 ὅτε
277 961 482 1045 ἐβαπτίσθη,
509 957 593 1027 κατὰ
609 955 669 1028 τόν
686 954 791 1028 αὐτὸν
810 952 1062 1046 εάαγγελιστήν·

93 1055 180 1130 ὥστε
204 1055 322 1128 λοιπὸν
344 1057 422 1139 τούς
446 1058 509 1148 μὲν
531 1065 772 1130 πεντεκαίδεκα
796 1063 864 1130 τῶν
886 1055 1064 1149 τριάκοντα

53 1188 79 1229 ιο
94 1163 261 1231 ἐνιαυτῶν
279 1163 315 1230 ἐκ
330 1162 400 1230 τάν
418 1164 475 1249 τῆς
490 1156 669 1251 αὐταρχίας
682 1163 744 1232 τοῦ
762 1166 919 1252 Τιβερίου
932 1157 1063 1252 χρόνον

92 1259 343 1352 λαμβάνεσθαι,
374 1257 452 1344 τοάς
478 1264 518 1332 δέ
538 1290 577 1351 γε
601 1259 738 1344 λοιποάς
762 1268 1003 1334 πεντεκαίδεκα
1027 1265 1064 1332 ἐκ

91 1368 160 1434 τῶν
176 1368 239 1434 τοῦ
258 1361 459 1452 Αὐγούστου
476 1363 724 1455 τεσσαράκοντα
742 1365 798 1435 καὶ
815 1361 988 1454 τεσσάρων
1005 1392 1063 1434 κα-

90 1472 333 1555 ταίογίζεσθαι.
371 1472 550 1556 συμβαίνει
567 1473 685 1538 τοίνυν
701 1463 778 1548 τούς
798 1469 830 1550 ἐξ
845 1462 957 1538 αάτάν
971 1491 1062 1555 περι-

92 1569 359 1658 λιμπανομίνους
378 1570 475 1638 ίννία
494 1565 655 1640 εἶναικαὶ
674 1579 808 1640 είκοσιν.
847 1572 885 1639 ἐν
908 1570 993 1657 γοῦν
1015 1569 1061 1660 τῷ

16 1695 17 1698 ’
51 1696 77 1738 15
93 1673 231 1764 εἰκοστῷ
250 1666 356 1764 ἐνάτῳ
379 1673 437 1758 τῆς
450 1667 610 1760 ἀκριβοῦς
622 1677 805 1763 μοναρχίας
818 1674 878 1741 τοῦ
892 1677 1062 1759 Καίσαρος

92 1767 298 1862 Αὐγούστου
315 1769 604 1860 καταλαμβάνεται
622 1777 784 1863 τεχθῆναι
803 1771 840 1843 τὰ
855 1771 939 1843 κατά
954 1769 1061 1862 σάρκα

93 1877 131 1996 ἐκ
147 1869 211 1997 τῆς
223 1867 449 1964 άειπαρθίνου
467 1876 523 1944 καί
540 1874 637 1965 ἁγίας
656 1882 794 1964 Μαρίας
820 1880 880 1962 τῆς
898 1871 1060 1946 θεοτόκου

14 2031 16 2040 .
91 2003 152 2045 τον
169 2002 295 2066 κυριον.
