2566 3812
188 161 252 228 w?
440 161 853 217 ,τωωοωωμ

187 301 295 396 ὁρμήν
312 299 416 372 αὐτου
405 304 561 408 ’ἔγνωκε
585 302 666 424 πρὶν
689 297 772 391 πρός
795 295 880 392 αὐτῇ
903 327 944 390 τη
933 299 1156 392 Καρχηδόνι

187 406 362 495 γενέσθαι
391 405 447 474 καὶ
466 409 564 492 ἔλαβε
582 399 648 474 σάν
665 399 758 496 πόνφ
774 401 838 490 τήν
855 399 961 476 πόλιν.

259 503 421 594 Ἁλούσης
440 505 534 576 δὲ
494 533 552 595 της
570 501 786 594 Καρχηδόνος
810 501 925 585 στάσις
941 510 1079 594 μεγίστη
1101 534 1156 594 μι-

78 629 81 634 “
187 609 272 698 κροά
283 609 353 680 τεόν
366 610 578 698 στρατιωτῶν
592 601 757 694 ἐγένετο”
735 634 786 677 αν.
814 609 874 678 τοῦ
887 605 952 696 γὰρ
965 614 1156 701 Σωτίωνος

188 709 356 799 στέφανον
368 707 601 800 ὑποσχομένου
614 703 737 782 δάσειν
753 711 800 800 τῷ
814 704 936 802 πράτφ
953 709 1014 778 τοῦ
1026 715 1154 798 τείχους
1168 736 1181 776 τ

189 809 359 900 ἐπιβάντι,
384 808 446 882 δάο
464 807 602 898 ἀνδρες,
628 806 727 898 ὁμέν
745 803 919 898 Ῥωμαίος,
943 803 960 880 δ
981 805 1014 880 δ’
1035 813 1072 880 ἐκ
1088 813 1157 882 των

188 908 389 1003 συμμάχων,
413 913 492 1004 περὶ
516 906 623 982 αὐτοῦ
644 907 913 1000 ἠμφισβήτησαν.
941 914 1157 1005 ,διαφερομέ-

188 1043 259 1086 νων
277 1015 309 1084 δ’
332 1017 472 1086 ἐκείνων
490 1014 546 1084 καὶ
563 1011 600 1084 τὸ
617 1008 699 1084 ἀλλο
715 1016 846 1100 πλῆθος
865 1011 1081 1103 ἐθορυβήθη,
1100 1016 1155 1083 καὶ

154 1119 243 1191 ὒέπὶ
261 1125 418 1188 πλείστου
436 1111 688 1207 ἐταράχθησαν,
714 1109 799 1185 ὥστε
816 1115 872 1184 καὶ
897 1111 1011 1186 δεινόν
1026 1144 1059 1186 τι
1076 1120 1155 1204 δρά-

189 1238 261 1306 σαι,
292 1223 322 1288 εδ
345 1215 390 1308 μή
414 1212 431 1288 ὁ
458 1222 613 1288 Σκιπίων
636 1217 692 1286 καί
716 1211 815 1305 ἀμφοο
840 1213 1069 1306 ἐστεφάνωσε,
1099 1217 1155 1286 καὶ
1171 1244 1196 1285 ιο

189 1317 296 1410 συχνὰ
319 1321 382 1410 μὲν
404 1335 474 1400 τοῖς
498 1313 713 1409 στρατιώταις
734 1318 893 1406 διέδωκε,
920 1317 1028 1407 συχνά
1045 1317 1082 1388 δὲ
1099 1319 1156 1388 καλ

188 1437 258 1504 τοῖς
286 1424 457 1512 δημοσίοις
487 1422 702 1512 προσένειμε,
732 1419 790 1489 καί
819 1417 899 1500 τούς
927 1421 998 1490 ἐκεῖ
1024 1447 1156 1509 κατεχο-

188 1523 310 1612 μένους
332 1517 479 1614 ὁμήρους
509 1537 632 1612 προίκα
663 1517 790 1602 πάντας
819 1536 889 1602 τοῖς
917 1526 1053 1603 οἰκείοις
1076 1517 1155 1592 ἀκέ-

191 1629 307 1694 δωκεν.
339 1622 423 1694 ὅθεν
440 1625 557 1694 πολλοὶ
574 1622 636 1712 μὲν
653 1625 770 1712 δῆμοι,
789 1623 905 1694 πολλοὶ
925 1623 962 1694 δέ
979 1624 1036 1692 καὶ
1054 1620 1156 1694 δυνά·

188 1745 264 1794 σται
289 1722 379 1819 αὐτῷ
403 1721 682 1816 αροσεχάρησαν,
705 1725 762 1796 καλ
786 1720 823 1794 τὸ
846 1727 915 1795 των
938 1721 1157 1816 Κελτιβήρων
1171 1747 1199 1790 15

189 1832 289 1908 ἔθνος
320 1823 401 1918 πρός
431 1842 500 1910 τοίς
530 1835 668 1908 λοιποῖς.
721 1826 895 1917 παρθένον
924 1824 989 1917 γὰρ
1021 1829 1060 1896 ἐν
1087 1840 1156 1908 τοῖς

191 1927 409 2016 αἰχμαλώτοις
433 1926 548 2016 λοβόν
573 1926 687 2002 κάλλει
713 1929 877 2017 ἐπιφανῆ,
908 1931 1072 2017 ἐνομίσθη
1094 1927 1157 2017 μὲν

189 2035 329 2100 ἔσεσθαι
346 2029 449 2118 αὐτῆς
474 2031 511 2100 ἐν
529 2036 644 2120 ἔρωτι,
669 2023 791 2118 μαθων
815 2029 852 2099 δέ
869 2025 920 2100 ὅτι
942 2031 1010 2102 τινὶ
1033 2033 1101 2100 τῶν
1119 2032 1157 2100 έν

186 2131 275 2208 ,τέλει
301 2127 520 2222 Κελτιβήρων
551 2127 764 2220 έγγεγάηται,
794 2131 1023 2221 μετεπέμψατο
1054 2126 1156 2202 αὐτόν

188 2235 245 2302 καὶ
261 2229 324 2322 τήν
340 2239 460 2304 νεάνιν
482 2228 583 2328 αὐτῷ.
596 2233 833 2323 παραδέδωκε,
857 2229 1083 2324 προσεπιδοδς
1100 2233 1156 2302 καὶ
1171 2254 1200 2296 20

153 2331 229 2404 1)τά
247 2331 352 2426 λάτρα
369 2331 391 2404 ἀ
407 2340 443 2406 ολ
458 2330 681 2425 προσήκοντες
699 2328 785 2424 αὐτῇ
802 2331 1057 2424 προσεκόμισαν.
1092 2330 1156 2404 κάκ

188 2432 308 2506 τούτου
326 2437 382 2506 καί
401 2438 549 2517 ἐκείνους
567 2436 624 2506 καὶ
641 2433 719 2516 τοδς
735 2432 872 2517 λοιποάς
888 2433 1106 2526 ἀνηρτήσατο.

266 2535 403 2608 Μαθὼν
435 2535 473 2606 δέ
502 2536 561 2608 τὸν
587 2533 797 2627 Ἀσδρούβαν
826 2534 887 2608 τόν
915 2541 975 2608 τοῦ
998 2533 1156 2626 Ἀννίβου

188 2634 339 2728 ἀδελφόν
356 2641 490 2730 σπουδή
515 2635 651 2713 ἐπιόντα
669 2640 725 2710 καὶ
742 2635 930 2728 ἀγνοοῦντα
954 2645 1002 2711 ἐτι
1019 2638 1082 2728 τήν
1097 2643 1156 2727 τῆς

188 2736 317 2821 πόλεως
347 2737 473 2812 ἀλωσιν
503 2742 560 2812 καὶ
589 2739 697 2831 μηδὲν
719 2745 959 2832 προσδοκῶντα
982 2740 1065 2812 κατὰ
1094 2738 1157 2830 τήν
1173 2773 1202 2814 ετ

189 2847 328 2933 πορείαν
347 2843 524 2932 πολέμιον,
549 2838 829 2932 τροσαττήντησεν
847 2837 956 2938 οὕτω,
982 2845 1038 2914 καὶ
1057 2846 1095 2914 ἐν
1111 2869 1158 2912 τω

188 2947 402 3038 στρατοπέδῳ
426 2940 535 3019 αὐτοῦ
559 2944 723 3035 κρατήσας
747 2945 972 3070 ἐνηυλίσατο,
993 2945 1049 3016 καὶ
1079 2913 1159 3014 πολ·

188 3044 267 3128 λοδς
285 3049 353 3117 τάν
377 3047 446 3116 έκελ
471 3043 746 3136 προσεποιήσατο.
780 3035 826 3134 ήν
849 3045 972 3137 μὲν
935 3075 1000 3138 γαρ
1025 3049 1063 3118 ἐν
1085 3059 1158 3126 ταίς

189 3151 401 3236 στρατηγίαις
415 3145 542 3238 δεινός,
563 3149 599 3218 ἐν
618 3147 656 3220 δέ
669 3158 741 3230 ταῖς
758 3143 902 3238 ὁμιλίαις
917 3145 1081 3236 ἐπιεικής,
1100 3147 1158 3218 καὶ

191 3247 223 3325 ἐς
241 3246 302 3334 μὲν
315 3243 394 3328 τούς
407 3245 673 3340 ἀνθισταμένους
688 3245 885 3342 φοβερός,ἐ
885 3281 901 3334 ς
921 3250 958 3321 δέ
971 3249 1049 3332 τούς
1062 3244 1158 3320 ἀπεί-

257 3477 963 3566 μωωωωμωωω-ωωω
