2580 3816
396 166 466 219 ωε,
485 165 558 217 x1v.
577 166 657 216 CAP.
676 167 764 218 xxn.
1003 165 1065 229 323

103 310 401 396 αἰχμαλωτίζοντες.
438 296 483 392 ἦν
507 305 545 373 δὲ
568 311 615 396 τῷ
638 311 772 390 βασιλεῖ
786 305 893 398 τούτῳ
912 309 1065 395 ἐκτομίας

102 407 306 576 Στέφανος,ὲ
305 403 342 474 τό
360 405 423 493 μὲν
436 407 534 492 γένος
548 408 584 474 ἐκ
596 405 778 494 βαρβάρων
797 409 915 494 ἕλκων,
934 405 1065 495 ἀπηνὴς

102 507 137 576 ἐ
160 505 260 576 καὶ
240 506 327 598 υπδρ
351 506 543 596 βαρβάρους
569 507 625 574 καὶ
650 513 727 574 λίαν
754 502 931 594 ω’μότατος.
967 535 1065 589 ουτος

67 606 182 697 παρ’
213 605 306 698 αὐτῷ
337 615 476 677 πλείστα
507 609 734 696 δεδυνημένος
763 608 818 675 καλ
850 608 1065 698 σακελλάριος

76 707 304 834 επροεβλήθη,
322 735 379 778 και
368 707 503 799 βαρδς
528 698 572 795 ἦν
589 707 713 777 άπάσιυ
732 705 797 776 οόκ
815 711 903 778 ἐνί
870 737 885 778 ε
889 709 1097 834 ίσπράξεσιΒ

100 809 215 931 μόνον,
232 807 318 878 άλλά
336 811 449 897 μέντοι
466 809 523 877 καὶ
538 811 574 877 ἐν
587 809 769 934 κρλάσεσι,
771 809 885 878 κάλ’
845 838 886 879 ου
905 809 984 891 τοδς
1002 839 1064 880 τυ

100 910 218 998 γόντας
252 910 358 998 μόνον
395 909 565 997 ἐκόλαζεν,
601 907 685 978 άλλά
715 910 772 978 καὶ
802 917 869 980 τοῖν
898 908 1064 998 ὑπερλίαν

100 1009 237 1098 ἥπτετο,
263 1005 308 1092 ὥς
334 1012 391 1079 καὶ
415 1009 527 1098 αὐτὴν.
545 1017 713 1098 τυπτῆσαι
737 1035 817 1080 ποτε
847 1012 909 1101 τὴν
939 1014 1064 1102 μητέρα

99 1117 159 1181 τοῦ
183 1111 429 1200 βασιλεύοντος.
464 1119 526 1182 καί
545 1139 621 1180 τινα
644 1111 682 1180 δὲ
699 1109 848 1200 μοναχδν
867 1113 1062 1200 Θεοδόσιον,

62 1248 87 1286 10
100 1218 288 1300 ἔγκλειστου
304 1214 387 1304 πρὶν
403 1213 496 1300 ὅντα,
515 1211 651 1299 γενικδν
668 1211 686 1282 ὁ
705 1212 861 1299 βασιλεδς
879 1213 1062 1302 προεβάλε-

98 1340 145 1401 το,
169 1316 226 1383 καί
249 1307 294 1402 ἦν
317 1310 396 1384 οὐδ’
421 1306 520 1394 οὗτος
542 1313 652 1401 ἥττων
676 1319 724 1392 είς
748 1323 870 1384 κακίαν
888 1321 949 1382 τοῦ
969 1319 1063 1384 ἐκτο-

97 1421 174 1502 μίου
199 1414 390 1503 Στεφάνου.
443 1420 577 1484 πολλῶν
601 1407 665 1484 οόν
691 1413 770 1504 παρ’
795 1413 910 1484 αὐτῶν
940 1421 1062 1484 δεινῶν

98 1518 372 1605 ἐπενενηγμένων
397 1523 443 1609 τῷ
468 1515 702 1603 πολιτεύματι,
730 1514 867 1604 μισητός
890 1513 1017 1585 άπασιν
1043 1513 1061 1584 6

93 1613 327 1698 Ἰουστινιανός
354 1619 456 1699 ἔδοξε.
497 1615 557 1686 τόν
581 1623 668 1704 γοῦν
692 1616 880 1706 στρατηγόν
901 1615 1063 1686 Λεόντιον

59 1752 84 1791 15
99 1719 130 1800 ἐξ
153 1712 317 1798 ὑπονοίας
340 1723 402 1786 τοῦ
425 1719 484 1805 τῆς
507 1724 677 1803 βασιλείας
705 1720 860 1806 ἐφίεσθαι
883 1721 1062 1804 καθείρξας

99 1819 153 1887 ἐπὶ
171 1819 235 1888 δόο
254 1818 439 1905 ἐνιαυτούς,
454 1817 597 1906 ὕστερον
615 1814 767 1904 ἐκβαλάν
785 1817 972 1908 στρατηγόν
987 1812 1062 1889 Ἐλ-

96 1920 197 2000 λάδος
216 1923 382 2008 ἐποίησεν.
419 1913 437 1987 ὁ
456 1918 494 1986 δὲ
515 1917 643 2010 Παύλῳ
661 1919 727 1988 τινὶ
744 1926 880 2013 μοναχῷ
899 1917 1057 2010 άστρολο-

96 2027 174 2106 γίαν
182 2021 327 2110 μετιόντι
339 2021 396 2088 καὶ
407 2018 471 2106 τὴν
483 2025 658 2104 βασιλείαν
671 2027 956 2108 γρησμοδοτοῦντι
969 2018 1061 2113 αὐτῷ

2 2211 3 2216 ¹
95 2143 199 2208 φησιν
218 2115 263 2201 οἱς
276 2119 365 2206 δ’ἐγοδ
382 2119 448 2209 ἤδη
466 2119 578 2207 άπειμι
595 2114 845 2209 πρόςἘλλάδα·
865 2119 941 2188 οἶδα
955 2121 993 2188 δὲ
1011 2117 1095 2188 ότιΟ

54 2220 112 2294 εοὸ
130 2222 290 2308 βασιλεύς
313 2230 426 2291 στελεῑ
439 2219 518 2300 τοδς
543 2218 783 2309 άναιρήσοντάς
801 2247 842 2308 με
859 2218 967 2288 ὀπίσω
985 2247 1061 2308 μου.

2 2353 3 2386 ;
95 2319 173 2390 δὶδὲ
192 2321 237 2390 σό
254 2350 308 2410 μοι
325 2323 521 2410 προόλεγες,
540 2317 715 2408 οἴχονται.”
751 2317 826 2390 ὁδδ
839 2318 906 2408 “μῆ
926 2325 1060 2389 δειλαν-

94 2421 238 2514 δρήσῃς”
264 2429 340 2512 ἔφη,
363 2420 459 2492 “άλλ’
480 2425 689 2510 ἐπιχείρησον
713 2427 755 2509 τῇ
779 2420 905 2510 πράξει,
923 2422 980 2490 καὶ
998 2421 1063 2490 οάκ

91 2523 285 2613 άστοχήσεις
303 2531 365 2594 τοῦ
384 2520 538 2612 ἐφετοῦ”.
564 2521 771 2613 παραλαβών
789 2515 858 2592 οὖν·
872 2516 890 2592 6
905 2522 1062 2602 Λεόντιος

92 2625 173 2705 τούς
191 2621 241 2706 οἷς
260 2626 397 2720 ἐθάρρει
414 2624 469 2693 καὶ
487 2622 546 2704 τάς
561 2628 723 2713 δημοσίας
737 2623 915 2714 διαρρήξας
929 2622 1061 2713 εἱρκτάς

1 2752 5 2758 ·
55 2755 84 2798 νε
96 2723 178 2804 τούς
196 2728 458 2815 καθειργμένους
477 2725 649 2812 ἐξήγαγεν,
671 2731 720 2805 είς
731 2730 870 2817 ,πλῆθος
888 2744 1059 2813 περιιστα-

90 2824 217 2912 μένους
240 2826 341 2912 πολύ,
365 2834 402 2894 οδ
423 2827 478 2895 καὶ
496 2832 543 2904 είς
561 2824 599 2893 τό
616 2828 703 2912 μέγα
720 2824 946 2914 παρελθόντες
963 2825 1061 2911 τέμε-

91 2952 153 3004 νος
182 2930 244 2992 τοῦ
273 2931 371 3013 θεοῦ,
401 2931 538 2994 πολλῶν
561 2926 617 2993 καὶ
641 2922 753 2994 άλλοιν
778 2924 1060 3014 σννεισρνέντοιν,

89 3024 227 3114 ὕβριζον
243 3026 307 3113 μὲν
323 3023 384 3094 τόν
397 3023 648 3111 Ἷουστινιανόν,
668 3024 846 3114 εὐφήμουν
864 3024 903 3093 δέ
919 3022 978 3092 τόν
991 3033 1059 3094 Λε-

88 3124 216 3214 όντιον,
243 3132 490 3216 σννεργοῦντος
512 3127 569 3195 καὶ
587 3133 791 3195 Καλλινίκου
815 3130 877 3195 τοῦ
894 3123 1058 3214 πατριάρ-

44 3261 75 3302 so
89 3253 167 3314 χον.
203 3229 335 3296 ἐκεῖθεν
361 3225 395 3296 δ’
424 3233 472 3308 είς
494 3224 531 3295 τό
558 3225 744 3314 ἱππήλατον
767 3223 1059 3316 μεταχωρήσαντες

87 3328 240 3412 θέατρον
262 3326 303 3396 τά
327 3326 424 3415 ὅμοια
441 3327 690 3417 διεπράττοντο,
713 3327 770 3396 καὶ
786 3325 848 3397 τόν
861 3325 1091 3397 Ἰουστινια-Ι)

87 3427 157 3500 νδν
173 3435 241 3499 τῶν
258 3427 455 3518 άνακτόρων
479 3426 696 3515 ἐξαγαγόντες
719 3425 802 3498 κατά
818 3425 881 3515 τὴν
899 3427 1077 3517 Σφενδό-

792 3537 855 3600 21*
