2566 3812
390 139 463 191 mn.
475 140 552 193 vm.
571 139 650 191 σεε.
662 139 749 195 xxv.
997 137 1061 204 245

69 276 185 360 ἀύτός
201 305 239 348 τε
256 266 320 351 οὖν
336 271 355 347 ὁ
370 284 555 369 Φλαμίνιος
572 279 628 350 καλ
645 275 739 348 ἄλλοι
752 288 966 368 παμπληθείς
984 285 1062 352 ἐπε-

82 403 164 470 σον,
192 371 312 470 συχνοί
337 378 376 449 δέ
401 383 459 450 ἐπί
479 407 555 452 τινα
584 377 690 470 λόφον
712 375 898 469 ἀνέβησαν·
927 383 999 452 ἐπεὶ
1025 379 1057 452 δ’

81 481 191 572 ἡμέρα
216 483 366 570 ἐγένετο,
400 487 447 563 είς
477 479 592 570 φυγὴν
623 479 801 575 ὥρμησαν,
831 483 888 552 καί
918 493 1059 573 καταλη-

82 585 233 672 φθέντες
246 579 288 652 τά
300 608 337 652 τε
348 579 437 652 ὅπλα
449 584 507 653 καὶ
521 581 661 666 ἑαυτούς
676 581 728 654 ἐπ’
745 580 844 677 άδείμ
856 586 1058 674 παρέδοσαν.

56 683 104 754 τό
122 713 163 772 γε
186 681 253 774 μὴν
272 680 430 772 Ἀννίβας
447 681 557 775 βραχύ
578 689 648 756 τῶν
663 681 912 775 ὀμωμοσμένων
936 683 1059 778 ἐφρόν-

85 805 164 854 τισε
172 837 182 872 ,
205 781 343 856 πάντων·
358 785 396 855 δέ
412 791 480 856 τῶν
498 788 536 856 ἐν
552 787 601 880 τῷ
621 788 835 880 στρατοπέδῳ
853 783 1004 858 ἁλόντων
1020 787 1057 858 τό

86 885 154 975 μέν
166 882 315 974 ύτιήκοον
327 883 365 956 τό
378 914 413 957 τε
427 883 636 978 συμμαχικόν
648 893 718 958 τεόν
731 884 901 978 Ῥωμαίων
914 885 1056 977 άφῆκεν,

85 982 211 1068 αύτούς
239 987 277 1057 δέ
308 990 457 1070 ἐκείνους
489 985 593 1077 δήσας
624 985 801 1078 ἐφύλασσε.
861 987 988 1079 πράξας
1021 991 1057 1060 δέ

83 1091 190 1158 ταύτα
209 1089 266 1158 ἐπὶ
282 1086 345 1176 τὴν
358 1086 486 1179 Ῥοόμην
502 1087 675 1180 ἠπείγετο,
700 1091 758 1160 καὶ
774 1089 869 1181 μέχρι
887 1091 950 1180 μὲν
964 1100 1058 1182 Ναρ·

41 1221 70 1259 τε
83 1196 160 1271 νίας
177 1185 242 1278 τήν
258 1215 295 1258 τε
311 1192 377 1279 γῆν
393 1194 523 1280 τέμνων
540 1188 668 1274 καὶτὰς
685 1188 798 1273 πόλεις
811 1188 1059 1283 προσαγόμενος

82 1288 176 1379 πλὴν
195 1297 399 1380 Σπωλητίου
416 1295 569 1384 προῆλθε
575 1345 586 1380 ,
610 1291 716 1365 Γάιόν
738 1319 775 1362 τε
800 1295 949 1364 ἐνταῦθα
972 1303 1091 1366 Κεν-(ί

80 1389 201 1481 τήνιον
228 1390 414 1484 στρατηγόν
440 1391 660 1484 ἐνεδρεύοντα
685 1392 854 1483 περισχὼν
881 1399 1056 1486 ἔφθειρεν·
1110 1451 1116 1462 .

83 1491 130 1575 ὥς
155 1493 193 1563 δέ
216 1496 264 1586 τῷ
287 1500 476 1589 Σπωλητίφ
506 1494 709 1586 προσβαλάν
732 1493 970 1586 ἀπεκρούσθη,
1000 1497 1058 1566 καί

82 1593 148 1684 νην
167 1600 232 1664 τού
255 1600 407 1686 Ναείρον
435 1599 590 1688 γέφυραν
614 1601 856 1690 καθῃρημένην
887 1599 973 1687 είδε,
1000 1599 1057 1669 καί

45 1725 71 1766 τε
83 1697 165 1785 περὶ
181 1694 261 1778 τούς
278 1694 401 1779 ἄλλους
418 1695 586 1788 ποταμούς
609 1694 669 1782 ούς
694 1697 879 1788 άναγκαίον
901 1689 944 1788 ἦν
970 1705 1057 1771 διελ-

81 1809 166 1868 θεῖν
183 1794 280 1868 τούτο
297 1797 435 1887 γεγονὸς
450 1797 612 1889 ἐπύθετο,
629 1804 688 1890 τῆς
705 1800 767 1890 μὲν
786 1802 840 1871 ἐπὶ
854 1798 915 1890 τὴν
928 1799 1057 1893 Ῥύμην
1130 1841 1132 1846 ·

82 1897 190 1988 ὁρμης
208 1900 364 1988 ἐπέσχεν,
385 1903 417 1982 ἐς
437 1900 475 1970 δέ
491 1900 553 1990 τὴν
570 1907 776 1991 Καμπανίαν
794 1901 970 1993 ἐτράπετο,
994 1902 1057 1994 τήν

84 2027 123 2070 τε
141 1995 251 2090 χάραν
268 1996 409 2091 άρίστην
431 2003 487 2072 καί
510 1999 572 2090 τὴν
597 2001 696 2074 πόλιν
718 2001 781 2092 τὴν
798 2002 945 2092 Καπύην
962 2012 1057 2093 μεγί-

83 2119 171 2189 στην
183 2091 289 2173 οὖσαν
302 2099 455 2191 ἀκούων,
470 2101 635 2193 ἐνόμιζεν,
652 2110 684 2174 εί
694 2109 782 2191 σφᾶς
796 2102 1056 2194 προκαταλάβοι,

44 2232 71 2272 νο
84 2204 143 2272 καί
159 2197 263 2272 τᾶλλα
282 2200 327 2272 δι’
348 2199 465 2294 ὀλίγον
481 2202 766 2297 προσκτήσασθαι.

166 2308 212 2374 OC
233 2299 267 2373 δ’
295 2307 332 2374 ἐν
354 2309 395 2396 τῇ
415 2299 520 2398 Ῥύμῃ
547 2303 737 2395 πυθόμενοι
765 2307 844 2397 περὶ
872 2311 930 2394 τῆς
956 2302 1056 2396 ἥττης

84 2401 248 2494 ἤλγησαν,
263 2407 319 2475 καί
335 2402 380 2475 δι’
397 2409 545 2490 ἐκείνους
558 2409 614 2479 καί
629 2405 674 2478 δι’
691 2407 830 2490 ἑαυτούς
844 2405 1056 2499 ὀδυρόμενοι,

84 2507 141 2576 καί
161 2509 199 2576 ἐν
215 2501 331 2601 άπόρφ
354 2498 458 2598 ἦσαν,
485 2506 543 2591 τάς
566 2537 603 2581 τε
625 2507 776 2602 γεφύρας
799 2515 859 2580 τοῦ
882 2511 1055 2602 Ίλβέριδος

84 2605 176 2695 πλὴν
192 2612 268 2698 μιᾶς
290 2618 452 2681 καθεῖλον
475 2613 533 2680 καὶ
556 2607 596 2682 τά
618 2617 712 2700 τείχη
735 2616 885 2704 πολλαχῇ
909 2638 1054 2702 πεπονη-

44 2704 167 2778 εεκότα
193 2711 327 2800 σπουδῇ
357 2709 586 2797 ἐπεσκεύαζον.
642 2710 827 2804 δικτάτωρά
857 2742 893 2785 τε
923 2733 1087 2806 προχει·1)

84 2815 248 2900 ρίσασθαι
264 2815 491 2901 βουληθέντες
505 2810 601 2885 αὐτοὶ
619 2815 656 2884 ἐν
670 2817 827 2908 ἐκκλησία
845 2811 948 2887 αὐτόν
965 2811 1056 2886 άνεί·

47 2937 161 2982 επον.
203 2907 398 3001 ἀγαπῶντες
423 2914 460 2984 δέ
492 2921 523 2985 εί
538 2923 539 2928 ’
552 2909 649 2986 αύτοί
671 2915 768 3006 μόνοι
798 2927 961 3003 σωθεϊεν,
992 2913 1056 2986 οὐκ

83 3018 240 3083 ἔστειλαν
269 3029 340 3096 τοῖς
370 3013 552 3106 συμμάχοις
574 3014 748 3106 βοήθειαν.
797 3015 985 3106 πυθόμενοι
1017 3016 1055 3086 δέ

82 3111 146 3186 τόν
158 3109 319 3204 Ἀννίβαν
337 3119 371 3198 ἐς
384 3125 589 3208 Καμπανίαν
601 3112 810 3208 ὁρμηθῆναι,
828 3114 901 3188 τότε
915 3118 971 3188 καί
985 3132 1055 3201 τοϊς

42 3243 70 3285 ao
84 3213 272 3307 συμμάχοις
291 3220 512 3308 ἐπικουρῆσαι
529 3226 691 3308 ἐγνωσαν.
727 3221 775 3313 τῷ
792 3216 825 3290 δ’
840 3214 978 3312 Ἀννίβᾳ
994 3220 1055 3292 τόν

84 3315 271 3410 δικτάτωρα
284 3317 344 3390 τὸν
360 3318 491 3409 Φάβιον
508 3323 564 3392 καί
577 3321 636 3392 τόν
651 3325 819 3414 ἵππαρχον
832 3318 891 3392 τὸν
904 3320 1156 3413 ΜάρκοννίΙΙλο

153 3451 186 3500 25
205 3443 370 3517 δικτάτωρα
381 3478 414 3488 -
426 3454 460 3505 30
473 3447 613 3520 ἐγνωσανἸ
635 3451 717 3506 conf.
735 3453 835 3506 Dionis
854 3453 951 3520 fragm.
965 3456 1007 3520 5⁷,
1027 3456 1052 3508 8.
