2546 3822
196 99 261 164 m
494 97 876 168 mmmmm

197 246 342 320 δείλαιος
373 238 472 310 Λέων
501 237 705 326 βασιλεύσας
737 243 794 326 ἔτη
819 239 965 328 τέσσαρα
991 237 1075 328 πρός
1100 255 1175 322 τοῖς

197 351 304 411 εἴκοσι
327 344 530 432 δυσεντερίαι
552 339 699 428 νοσήσας
724 337 854 420 ἀθλίως
876 339 938 427 τὴν
963 337 1078 428 ψυχὴν
1095 343 1173 428 ἐξη-

199 441 349 532 ρεύξατο.
522 508 524 516 ,

163 555 184 620 5
277 544 457 625 Διεδέξατο
474 541 514 611 δὲ
536 541 600 630 την
615 547 684 612 τοῖν
697 540 868 630 Ῥωμαίων
885 540 995 632 ἀρχὴν
1011 541 1092 632 μετά
1111 548 1175 630 τῆς
1262 625 1263 632 ¹

197 647 357 731 πατρικῆς
375 648 574 731 δυσσεβείας
591 640 609 714 ὁ
629 639 832 732 δυσώνυμος
852 645 984 712 ἐκείνου
1008 643 1100 730 υἱός,
1126 641 1203 713 ού5

198 744 282 816 κατὰ
298 749 369 814 τοῖν
387 749 519 814 σεπτῶν
537 743 680 814 εἰκόνων
693 743 861 833 λυττήσας
873 745 993 833 μόνον,
1009 741 1093 814 ἀλλά
1112 745 1175 813 καὶ
1262 773 1263 776 “

198 851 364 934 γοητείαις
390 851 630 935 προσκείμενος
653 844 711 916 καλ
738 849 870 937 ίερείοιν
901 843 1084 935 ἀνατομαῖς
1114 846 1176 915 καὶ

165 953 473 1036 ονεκνομαντείαις
496 947 554 1016 καλ
577 944 825 1038 ἀρρητοποιίαις
847 946 906 1016 καὶ
924 943 1010 1028 ὅλως
1027 942 1175 1028 ούδενός

198 1052 306 1118 κακού
333 1045 551 1137 ἀπεχόμενος,
576 1048 635 1118 καλ
658 1056 808 1129 ποικίλος
828 1045 878 1116 ὢν
894 1047 957 1136 τὴν
974 1053 1097 1120 κακίαν
1115 1047 1175 1120 καὶ

199 1147 248 1220 ού,
262 1147 448 1237 μονοειδής.
485 1147 527 1218 ού
552 1147 618 1238 γάρ
645 1148 844 1238 χριστιανός,
868 1147 931 1238 ούχ
945 1146 1081 1236 Ἕλλην,
1105 1143 1173 1218 ούκ
1189 1168 1213 1223 ¹.⁰
1261 1153 1263 1172 ¹

194 1253 358 1329 ’λονδαίος
385 1248 569 1339 ἐτύγχανεν
594 1249 660 1338 όν,
686 1244 764 1320 ἀλλ’
789 1247 944 1337 ἀσεβείας
967 1276 1016 1330 τις
1038 1248 1176 1320 κυκειδν

95 1376 207 1430 W11187
215 1351 272 1422 καλ
289 1345 345 1420 οἷα
362 1349 402 1422 τά
421 1349 553 1439 Λιβυκά
576 1357 683 1442 θηρία
705 1349 876 1440 ἱστόρηται
893 1349 1042 1439 φύεσθαι
1060 1353 1097 1419 ἐκ
1115 1358 1175 1439 μί-

199 1456 280 1535 ξεως
306 1453 521 1541 ἑτερογενῶν,
546 1457 708 1541 πολυειδῆ
730 1453 787 1522 καλ
811 1451 976 1541 σύμμικτα
993 1450 1056 1540 τὴν
1076 1453 1174 1521 ίδέαυ

199 1555 257 1623 καὶ
274 1551 337 1641 τὴν
349 1557 541 1642 δηριαδίαν
557 1553 769 1642 γεννώμενα·
789 1550 844 1622 διά
856 1558 963 1622 ταῦτα
978 1551 1065 1642 πρός
1081 1551 1175 1622 πάυ-

199 1682 268 1725 των
291 1661 462 1744 μεμίσητο.
498 1655 556 1724 καὶ
581 1653 664 1725 κατά
689 1653 726 1723 τό
752 1653 912 1742 δεύτερον
937 1659 1009 1734 ἔτος
1033 1657 1091 1742 τῆς
1110 1681 1173 1723 τν-
1189 1673 1212 1713 1⁵

201 1760 361 1845 ραννίδος
379 1754 499 1842 αύτού,
517 1752 559 1824 ού
574 1755 641 1845 γάρ
654 1761 760 1843 φαίην
773 1751 818 1824 ἀν
830 1761 1012 1843 βασιλείας,
1031 1756 1175 1844 ἐκστρα-
1261 1805 1263 1826 ι

199 1856 322 1936 τεύσας
339 1854 423 1924 κατά
440 1853 593 1945 Ἀράβων
610 1857 668 1926 καὶ
686 1858 723 1929 ἐν
739 1861 787 1950 τῷ
804 1856 927 1944 δίματι
943 1861 1006 1926 τού
1020 1853 1175 1938 Ὀφικίου

200 1955 391 2045 γενόμενος,
409 1947 453 2025 οὗ
471 1955 513 2044 δὴ
530 1957 677 2045 δόματος
693 1956 756 2046 τὴν
774 1954 883 2046 ἀρχὴν
900 1955 919 2025 ό
936 1956 1087 2047 γαμβρός
1106 1953 1173 2028 αά-
1260 1989 1263 2048 η

199 2063 260 2128 τού
274 2057 472 2146 περιέζωστο
485 2051 504 2128 ὁ
519 2057 772 2146 κουροπαλάτης
782 2055 1021 2147 Ἀρτόβασδος,
1032 2057 1175 2146 ἐπεβού-
1261 2053 1263 2102 ³

166 2168 280 2233 Βλευε
301 2158 411 2252 τούτῳ
436 2155 478 2247 δὴ
502 2165 549 2252 τῷ
572 2165 685 2254 οίκείφ
707 2164 859 2252 γαμβρῷ.
908 2164 941 2230 οἳ
962 2186 998 2229 τε
1022 2158 1087 2249 γάρ
1112 2165 1174 2229 τού
1186 2177 1208 2218 ⁸⁰
1261 2177 1263 2230 ι

202 2261 311 2350 δήμου
342 2261 399 2330 καλ
430 2265 465 2330 οί
492 2267 550 2348 τῆς
581 2266 777 2351 γερουσίας,
804 2257 890 2329 ἀλλά
919 2262 1032 2349 μέντοι
1056 2261 1113 2330 καλ
1136 2259 1173 2330 τό

201 2359 456 2453 στρατιωτικόν,
481 2355 752 2451 ἀπεχθανόμενοι
768 2365 816 2454 τῷ
833 2367 1102 2454 Κανσταντίνφ,
1129 2359 1174 2442 ιός

202 2473 345 2552 εἴρηται,
369 2467 417 2554 τῷ
440 2456 656 2556 Ἀρταβάσδςο
680 2457 856 2556 όρδοδόξςο
885 2461 1087 2552 τυγχάνοντι
1112 2461 1176 2548 τὴν

201 2567 375 2650 βασιλείαν
400 2563 651 2650 ἀπεψηφίζοντο.
688 2562 793 2650 γνούς
816 2569 936 2634 τοίνυν
952 2561 1016 2650 την
1034 2566 1175 2652 ἐπιβου-

201 2662 265 2752 λὴν
283 2661 301 2734 ὁ
316 2659 552 2751 Ἀρτόβασδος,
570 2665 629 2732 καὶ
646 2665 835 2753 διαλεχθεὶς
853 2669 901 2757 τῷ
919 2669 1003 2758 λαῷ,
1023 2667 1173 2734 ίπιτίδε·
1187 2681 1210 2724 2⁸

200 2791 253 2834 ται
276 2769 323 2857 τῷ
341 2771 601 2858 Κωνστοιυτίνφ.
636 2760 712 2834 ἀλλ’
738 2771 830 2854 ἔφθη
852 2769 1034 2853 διαφυγεῖν
1058 2764 1077 2836 ὁ
1101 2773 1175 2836 Κο-

202 2866 383 2956 πριόυνμος
407 2865 464 2935 καλ
487 2871 536 2948 είς
553 2863 591 2935 τό
606 2863 762 2956 Ἀμόριον
779 2881 1005 2956 προσφυγεῖν,
1023 2867 1080 2936 καὶ
1098 2872 1176 2936 δια-

202 2967 421 3056 πεμφάμενος
439 2965 524 3060 πρός
536 2965 599 3037 τόν
612 2971 675 3037 τού
689 2965 890 3038 ἀνατολικού
908 2966 1098 3058 στρατηγόν
1114 2967 1177 3037 τὸυ

202 3066 383 3155 Λαγκηνδυ
413 3069 471 3136 καλ
499 3065 585 3158 πρός
614 3067 673 3137 τόν
696 3075 758 3138 τού
778 3075 971 3160 Θρηικησίου
994 3067 1055 3138 τόν
1073 3078 1175 3139 Σισι-

201 3169 333 3255 νόκιον,
357 3176 526 3258 λαμπραῖς
549 3167 750 3257 ὑποσχέσεσι
767 3170 924 3240 πέπεικεν
941 3167 1065 3250 αύτούς
1083 3190 1177 3258 συμ-
1190 3187 1214 3228 ³⁰

201 3273 345 3354 μαχῆσαι
368 3261 471 3360 αύτῷ.
509 3271 672 3339 ἐντεῦθεν
697 3270 853 3359 ἐμφύλιοι
876 3269 1016 3360 πόλεμοι
1032 3271 1091 3340 καὶ
1107 3268 1176 3342 ἀπ’

201 3363 358 3451 ἀλλήλων
381 3371 417 3436 οί
434 3366 587 3457 Ῥωμαῖοι
613 3371 821 3460 ἐφθείροντο.
865 3374 998 3443 ἕκαστοι
1020 3370 1086 3462 γάρ
1111 3377 1177 3442 τοῦ
