<?xml version="1.0" encoding="UTF-8"?>
<!DOCTYPE html PUBLIC "-//W3C//DTD XHTML 1.0 Transitional//EN"
    "http://www.w3.org/TR/xhtml1/DTD/xhtml1-transitional.dtd">
<html xmlns="http://www.w3.org/1999/xhtml" xml:lang="en" lang="en">
 <head>
  <title>
</title>
<meta http-equiv="Content-Type" content="text/html;charset=utf-8" />
  <meta name='ocr-system' content='tesseract 3.04.00' />
  <meta name='ocr-capabilities' content='ocr_page ocr_carea ocr_par ocr_line ocrx_word'/>
</head>
<body>
  <div class='ocr_page' id='page_1' title='image "./iannoutouznapae01canggoog_0141.png"; bbox 0 0 2562 3814; ppageno 0'>
   <div class='ocr_carea' id='block_1_1' title="bbox 159 166 807 250">
    <p class='ocr_par' dir='ltr' id='par_1_1' title="bbox 159 166 807 250">
     <span class='ocr_line' id='line_1_1' title="bbox 159 166 807 250; baseline 0.002 -32"><span class='ocrx_word' id='word_1_1' title='bbox 159 166 222 232; x_wconf 80' lang='lat'><strong><em>134</em></strong></span> <span class='ocrx_word' id='word_1_2' title='bbox 481 167 552 219; x_wconf 70' lang='grc' dir='ltr'><strong><em>τεο.</em></strong></span> <span class='ocrx_word' id='word_1_3' title='bbox 564 169 625 250; x_wconf 77' lang='grc' dir='ltr'><strong><em>νει.</em></strong></span> <span class='ocrx_word' id='word_1_4' title='bbox 645 167 722 248; x_wconf 61' lang='lat' dir='ltr'><strong><em>off.</em></strong></span> <span class='ocrx_word' id='word_1_5' title='bbox 734 169 807 221; x_wconf 75' lang='grc' dir='ltr'><strong><em>ενι.</em></strong></span> 
     </span>
    </p>
   </div>
   <div class='ocr_carea' id='block_1_2' title="bbox 56 303 1164 3546">
    <p class='ocr_par' dir='ltr' id='par_1_2' title="bbox 56 303 1164 3546">
     <span class='ocr_line' id='line_1_2' title="bbox 161 303 1124 397; baseline 0 -16"><span class='ocrx_word' id='word_1_6' title='bbox 161 306 398 390; x_wconf 77' lang='grc' dir='ltr'><strong><em>Οὐολούσκους</em></strong></span> <span class='ocrx_word' id='word_1_7' title='bbox 422 303 542 378; x_wconf 88' lang='grc' dir='ltr'><strong><em>αὐτίκα</em></strong></span> <span class='ocrx_word' id='word_1_8' title='bbox 567 305 631 397; x_wconf 89' lang='grc' dir='ltr'><strong><em>πρδ</em></strong></span> <span class='ocrx_word' id='word_1_9' title='bbox 655 311 714 380; x_wconf 83' lang='grc' dir='ltr'><strong><em>τού</em></strong></span> <span class='ocrx_word' id='word_1_10' title='bbox 738 303 867 396; x_wconf 82' lang='grc' dir='ltr'><strong><em>ἀγῶνος</em></strong></span> <span class='ocrx_word' id='word_1_11' title='bbox 892 304 1040 390; x_wconf 80' lang='grc' dir='ltr'><strong><em>ἅπαντας</em></strong></span> <span class='ocrx_word' id='word_1_12' title='bbox 1060 312 1124 392; x_wconf 81' lang='grc' dir='ltr'><strong><em>ἐξε·</em></strong></span> 
     </span>
     <span class='ocr_line' id='line_1_3' title="bbox 158 407 1119 503; baseline 0.001 -22"><span class='ocrx_word' id='word_1_13' title='bbox 158 409 314 503; x_wconf 80' lang='grc' dir='ltr'><strong><em>κήρνξαν.</em></strong></span> <span class='ocrx_word' id='word_1_14' title='bbox 351 414 387 480; x_wconf 85' lang='grc' dir='ltr'><strong><em>οί</em></strong></span> <span class='ocrx_word' id='word_1_15' title='bbox 402 410 440 480; x_wconf 73' lang='grc' dir='ltr'><strong><em>δὲ</em></strong></span> <span class='ocrx_word' id='word_1_16' title='bbox 458 413 784 500; x_wconf 77' lang='grc' dir='ltr'><strong><em>δυσανασχετοῦντες</em></strong></span> <span class='ocrx_word' id='word_1_17' title='bbox 800 407 852 480; x_wconf 81' lang='grc' dir='ltr'><strong><em>ὅτι</em></strong></span> <span class='ocrx_word' id='word_1_18' title='bbox 868 407 965 500; x_wconf 87' lang='grc' dir='ltr'><strong><em>μόνοι</em></strong></span> <span class='ocrx_word' id='word_1_19' title='bbox 984 413 1021 480; x_wconf 84' lang='grc' dir='ltr'><strong><em>ἐκ</em></strong></span> <span class='ocrx_word' id='word_1_20' title='bbox 1038 409 1119 482; x_wconf 89' lang='grc' dir='ltr'><strong><em>πάν-</em></strong></span> 
     </span>
     <span class='ocr_line' id='line_1_4' title="bbox 158 508 1125 602; baseline 0.001 -20"><span class='ocrx_word' id='word_1_21' title='bbox 158 541 226 586; x_wconf 87' lang='grc' dir='ltr'><strong><em>των</em></strong></span> <span class='ocrx_word' id='word_1_22' title='bbox 250 509 461 601; x_wconf 77' lang='grc' dir='ltr'><strong><em>ἐξελήλαντο,</em></strong></span> <span class='ocrx_word' id='word_1_23' title='bbox 484 514 606 600; x_wconf 75' lang='grc' dir='ltr'><strong><em>ἕτοιμοι</em></strong></span> <span class='ocrx_word' id='word_1_24' title='bbox 630 511 711 602; x_wconf 87' lang='grc' dir='ltr'><strong><em>πρὸς</em></strong></span> <span class='ocrx_word' id='word_1_25' title='bbox 736 508 845 601; x_wconf 87' lang='grc' dir='ltr'><strong><em>μάχην</em></strong></span> <span class='ocrx_word' id='word_1_26' title='bbox 870 512 1032 600; x_wconf 86' lang='grc' dir='ltr'><strong><em>ἐγέυουτο.</em></strong></span> <span class='ocrx_word' id='word_1_27' title='bbox 1068 515 1125 584; x_wconf 84' lang='grc' dir='ltr'><strong><em>καὶ</em></strong></span> 
     </span>
     <span class='ocr_line' id='line_1_5' title="bbox 123 611 1125 704; baseline 0.002 -21"><span class='ocrx_word' id='word_1_28' title='bbox 123 611 425 704; x_wconf 89' lang='grc' dir='ltr'><strong><em>Βπροστησάμενοι</em></strong></span> <span class='ocrx_word' id='word_1_29' title='bbox 440 611 500 684; x_wconf 87' lang='grc' dir='ltr'><strong><em>τὸν</em></strong></span> <span class='ocrx_word' id='word_1_30' title='bbox 516 613 726 704; x_wconf 88' lang='grc' dir='ltr'><strong><em>Κοριολᾶνόν</em></strong></span> <span class='ocrx_word' id='word_1_31' title='bbox 742 641 779 683; x_wconf 88' lang='grc' dir='ltr'><strong><em>τε</em></strong></span> <span class='ocrx_word' id='word_1_32' title='bbox 801 615 858 682; x_wconf 85' lang='grc' dir='ltr'><strong><em>καὶ</em></strong></span> <span class='ocrx_word' id='word_1_33' title='bbox 880 612 940 684; x_wconf 86' lang='grc' dir='ltr'><strong><em>τὸν</em></strong></span> <span class='ocrx_word' id='word_1_34' title='bbox 962 611 1125 685; x_wconf 87' lang='grc' dir='ltr'><strong><em>Τούλλιον</em></strong></span> 
     </span>
     <span class='ocr_line' id='line_1_6' title="bbox 160 709 1150 805; baseline 0.001 -20"><span class='ocrx_word' id='word_1_35' title='bbox 160 719 214 786; x_wconf 83' lang='grc' dir='ltr'><strong><em>ἐπὶ</em></strong></span> <span class='ocrx_word' id='word_1_36' title='bbox 237 713 299 804; x_wconf 87' lang='grc' dir='ltr'><strong><em>τήν</em></strong></span> <span class='ocrx_word' id='word_1_37' title='bbox 319 709 464 805; x_wconf 75' lang='grc' dir='ltr'><strong><em>Ῥώμην,</em></strong></span> <span class='ocrx_word' id='word_1_38' title='bbox 487 717 544 784; x_wconf 83' lang='grc' dir='ltr'><strong><em>καὶ</em></strong></span> <span class='ocrx_word' id='word_1_39' title='bbox 566 714 644 797; x_wconf 88' lang='grc' dir='ltr'><strong><em>τούς</em></strong></span> <span class='ocrx_word' id='word_1_40' title='bbox 661 719 827 796; x_wconf 82' lang='grc' dir='ltr'><strong><em>Λατίνους</em></strong></span> <span class='ocrx_word' id='word_1_41' title='bbox 851 714 1150 805; x_wconf 79' lang='grc' dir='ltr'><strong><em>προσειληφότες,ε</em></strong></span> 
     </span>
     <span class='ocr_line' id='line_1_7' title="bbox 158 812 1125 908; baseline 0.001 -21"><span class='ocrx_word' id='word_1_42' title='bbox 158 817 281 906; x_wconf 83' lang='grc' dir='ltr'><strong><em>πλήθει</em></strong></span> <span class='ocrx_word' id='word_1_43' title='bbox 300 815 474 908; x_wconf 72' lang='grc' dir='ltr'><strong><em>ἐχώρησαν</em></strong></span> <span class='ocrx_word' id='word_1_44' title='bbox 498 824 636 889; x_wconf 88' lang='grc' dir='ltr'><strong><em>πλείονι,</em></strong></span> <span class='ocrx_word' id='word_1_45' title='bbox 672 812 743 886; x_wconf 68' lang='lat' dir='ltr'><strong><em>Soc</em></strong></span> <span class='ocrx_word' id='word_1_46' title='bbox 760 814 912 906; x_wconf 85' lang='grc' dir='ltr'><strong><em>Ῥωμαῖοι</em></strong></span> <span class='ocrx_word' id='word_1_47' title='bbox 935 817 1125 907; x_wconf 84' lang='grc' dir='ltr'><strong><em>πυθόμενοι</em></strong></span> 
     </span>
     <span class='ocr_line' id='line_1_8' title="bbox 158 914 1120 1010; baseline 0 -21"><span class='ocrx_word' id='word_1_48' title='bbox 158 915 241 1010; x_wconf 79' lang='grc' dir='ltr'><strong><em>πρὸς</em></strong></span> <span class='ocrx_word' id='word_1_49' title='bbox 265 917 305 988; x_wconf 86' lang='grc' dir='ltr'><strong><em>τά</em></strong></span> <span class='ocrx_word' id='word_1_50' title='bbox 327 915 415 988; x_wconf 79' lang='grc' dir='ltr'><strong><em>ὅπλα</em></strong></span> <span class='ocrx_word' id='word_1_51' title='bbox 443 918 508 1007; x_wconf 72' lang='grc' dir='ltr'><strong><em>μὲν</em></strong></span> <span class='ocrx_word' id='word_1_52' title='bbox 528 917 592 988; x_wconf 93' lang='grc' dir='ltr'><strong><em>οὐκ</em></strong></span> <span class='ocrx_word' id='word_1_53' title='bbox 620 914 858 1009; x_wconf 79' lang='grc' dir='ltr'><strong><em>ἐρρύσθησαν,</em></strong></span> <span class='ocrx_word' id='word_1_54' title='bbox 883 919 920 988; x_wconf 84' lang='grc' dir='ltr'><strong><em>ἐν</em></strong></span> <span class='ocrx_word' id='word_1_55' title='bbox 943 925 1064 1000; x_wconf 76' lang='grc' dir='ltr'><strong><em>αἰτίαις</em></strong></span> <span class='ocrx_word' id='word_1_56' title='bbox 1088 919 1120 988; x_wconf 88' lang='grc' dir='ltr'><strong><em>δ’</em></strong></span> 
     </span>
     <span class='ocr_line' id='line_1_9' title="bbox 158 1016 1125 1110; baseline 0 -20"><span class='ocrx_word' id='word_1_57' title='bbox 158 1016 321 1108; x_wconf 74' lang='grc' dir='ltr'><strong><em>ἀλλήλους</em></strong></span> <span class='ocrx_word' id='word_1_58' title='bbox 341 1026 540 1110; x_wconf 82' lang='grc' dir='ltr'><strong><em>πεποίηντο,</em></strong></span> <span class='ocrx_word' id='word_1_59' title='bbox 565 1025 601 1089; x_wconf 80' lang='grc' dir='ltr'><strong><em>οἱ</em></strong></span> <span class='ocrx_word' id='word_1_60' title='bbox 615 1019 752 1109; x_wconf 68' lang='grc' dir='ltr'><strong><em>μεστοῦ</em></strong></span> <span class='ocrx_word' id='word_1_61' title='bbox 776 1016 894 1108; x_wconf 83' lang='grc' dir='ltr'><strong><em>ὁμίλου</em></strong></span> <span class='ocrx_word' id='word_1_62' title='bbox 917 1017 995 1101; x_wconf 87' lang='grc' dir='ltr'><strong><em>τούς</em></strong></span> <span class='ocrx_word' id='word_1_63' title='bbox 1019 1017 1125 1090; x_wconf 89' lang='grc' dir='ltr'><strong><em>εὐπα-</em></strong></span> 
     </span>
     <span class='ocr_line' id='line_1_10' title="bbox 157 1117 1125 1211; baseline 0.001 -20"><span class='ocrx_word' id='word_1_64' title='bbox 157 1128 273 1210; x_wconf 88' lang='grc' dir='ltr'><strong><em>τρίδας</em></strong></span> <span class='ocrx_word' id='word_1_65' title='bbox 296 1120 347 1192; x_wconf 86' lang='grc' dir='ltr'><strong><em>δτι</em></strong></span> <span class='ocrx_word' id='word_1_66' title='bbox 374 1125 406 1204; x_wconf 78' lang='grc' dir='ltr'><strong><em>ἐξ</em></strong></span> <span class='ocrx_word' id='word_1_67' title='bbox 437 1117 549 1193; x_wconf 74' lang='grc' dir='ltr'><strong><em>αὐταῖν</em></strong></span> <span class='ocrx_word' id='word_1_68' title='bbox 571 1117 589 1190; x_wconf 87' lang='grc' dir='ltr'><strong><em>δ</em></strong></span> <span class='ocrx_word' id='word_1_69' title='bbox 613 1127 818 1211; x_wconf 85' lang='grc' dir='ltr'><strong><em>Κοριολάνος</em></strong></span> <span class='ocrx_word' id='word_1_70' title='bbox 840 1121 1019 1210; x_wconf 89' lang='grc' dir='ltr'><strong><em>τυγχάνων</em></strong></span> <span class='ocrx_word' id='word_1_71' title='bbox 1043 1121 1125 1211; x_wconf 75' lang='grc' dir='ltr'><strong><em>μετὰ</em></strong></span> 
     </span>
     <span class='ocr_line' id='line_1_11' title="bbox 157 1219 1162 1313; baseline -0.001 -21"><span class='ocrx_word' id='word_1_72' title='bbox 157 1226 226 1293; x_wconf 76' lang='grc' dir='ltr'><strong><em>τῶν</em></strong></span> <span class='ocrx_word' id='word_1_73' title='bbox 243 1227 377 1312; x_wconf 75' lang='grc' dir='ltr'><strong><em>ἐχθράν</em></strong></span> <span class='ocrx_word' id='word_1_74' title='bbox 396 1225 450 1294; x_wconf 83' lang='grc' dir='ltr'><strong><em>ἐπὶ</em></strong></span> <span class='ocrx_word' id='word_1_75' title='bbox 466 1220 529 1311; x_wconf 86' lang='grc' dir='ltr'><strong><em>τήν</em></strong></span> <span class='ocrx_word' id='word_1_76' title='bbox 546 1229 691 1313; x_wconf 77' lang='grc' dir='ltr'><strong><em>πατρίδα</em></strong></span> <span class='ocrx_word' id='word_1_77' title='bbox 709 1219 937 1311; x_wconf 79' lang='grc' dir='ltr'><strong><em>στρατεύοιτο,</em></strong></span> <span class='ocrx_word' id='word_1_78' title='bbox 961 1227 995 1292; x_wconf 84' lang='grc' dir='ltr'><strong><em>οί</em></strong></span> <span class='ocrx_word' id='word_1_79' title='bbox 1011 1224 1049 1292; x_wconf 68' lang='grc' dir='ltr'><strong><em>δὲ</em></strong></span> <span class='ocrx_word' id='word_1_80' title='bbox 1065 1223 1124 1298; x_wconf 84' lang='grc' dir='ltr'><strong><em>τὸν</em></strong></span> <span class='ocrx_word' id='word_1_81' title='bbox 1138 1253 1162 1292; x_wconf 87' lang='grc' dir='ltr'><strong><em>ιο</em></strong></span> 
     </span>
     <span class='ocr_line' id='line_1_12' title="bbox 157 1319 1126 1415; baseline 0.003 -22"><span class='ocrx_word' id='word_1_82' title='bbox 157 1321 274 1412; x_wconf 81' lang='grc' dir='ltr'><strong><em>ὅμιλον</em></strong></span> <span class='ocrx_word' id='word_1_83' title='bbox 297 1321 347 1395; x_wconf 83' lang='grc' dir='ltr'><strong><em>ὅτι</em></strong></span> <span class='ocrx_word' id='word_1_84' title='bbox 370 1321 414 1415; x_wconf 88' lang='grc' dir='ltr'><strong><em>μή</em></strong></span> <span class='ocrx_word' id='word_1_85' title='bbox 439 1328 580 1408; x_wconf 75' lang='grc' dir='ltr'><strong><em>ἐνδίκως</em></strong></span> <span class='ocrx_word' id='word_1_86' title='bbox 603 1319 706 1394; x_wconf 90' lang='grc' dir='ltr'><strong><em>αύτδν</em></strong></span> <span class='ocrx_word' id='word_1_87' title='bbox 731 1323 942 1406; x_wconf 76' lang='grc' dir='ltr'><strong><em>ἐξελάσαντες</em></strong></span> <span class='ocrx_word' id='word_1_88' title='bbox 966 1326 1126 1415; x_wconf 79' lang='grc' dir='ltr'><strong><em>πολέμιον</em></strong></span> 
     </span>
     <span class='ocr_line' id='line_1_13' title="bbox 157 1424 1124 1515; baseline 0.002 -20"><span class='ocrx_word' id='word_1_89' title='bbox 157 1425 389 1515; x_wconf 91' lang='grc' dir='ltr'><strong><em>πεποιήκασιν.</em></strong></span> <span class='ocrx_word' id='word_1_90' title='bbox 425 1424 512 1496; x_wconf 79' lang='grc' dir='ltr'><strong><em>οὕτω</em></strong></span> <span class='ocrx_word' id='word_1_91' title='bbox 525 1427 564 1495; x_wconf 75' lang='grc' dir='ltr'><strong><em>δέ</em></strong></span> <span class='ocrx_word' id='word_1_92' title='bbox 582 1425 808 1510; x_wconf 79' lang='grc' dir='ltr'><strong><em>στασιάζοντες</em></strong></span> <span class='ocrx_word' id='word_1_93' title='bbox 828 1429 861 1507; x_wconf 83' lang='grc' dir='ltr'><strong><em>ἐς</em></strong></span> <span class='ocrx_word' id='word_1_94' title='bbox 878 1427 963 1515; x_wconf 91' lang='grc' dir='ltr'><strong><em>μέγα</em></strong></span> <span class='ocrx_word' id='word_1_95' title='bbox 975 1453 1006 1495; x_wconf 87' lang='grc' dir='ltr'><strong><em>τι</em></strong></span> <span class='ocrx_word' id='word_1_96' title='bbox 1019 1428 1124 1497; x_wconf 87' lang='grc' dir='ltr'><strong><em>κακὸν</em></strong></span> 
     </span>
     <span class='ocr_line' id='line_1_14' title="bbox 158 1523 1122 1618; baseline 0.002 -22"><span class='ocrx_word' id='word_1_97' title='bbox 158 1529 318 1598; x_wconf 84' lang='grc' dir='ltr'><strong><em>ἐνέπεσον</em></strong></span> <span class='ocrx_word' id='word_1_98' title='bbox 336 1525 389 1615; x_wconf 83' lang='grc' dir='ltr'><strong><em>ἀν,</em></strong></span> <span class='ocrx_word' id='word_1_99' title='bbox 414 1533 444 1597; x_wconf 83' lang='grc' dir='ltr'><strong><em>εί</em></strong></span> <span class='ocrx_word' id='word_1_100' title='bbox 460 1524 505 1616; x_wconf 87' lang='grc' dir='ltr'><strong><em>μή</em></strong></span> <span class='ocrx_word' id='word_1_101' title='bbox 524 1533 562 1596; x_wconf 84' lang='grc' dir='ltr'><strong><em>αί</em></strong></span> <span class='ocrx_word' id='word_1_102' title='bbox 576 1541 734 1615; x_wconf 80' lang='grc' dir='ltr'><strong><em>γυναῖκες</em></strong></span> <span class='ocrx_word' id='word_1_103' title='bbox 753 1523 866 1608; x_wconf 76' lang='grc' dir='ltr'><strong><em>αὐτοῖς</em></strong></span> <span class='ocrx_word' id='word_1_104' title='bbox 885 1525 1122 1618; x_wconf 81' lang='grc' dir='ltr'><strong><em>ἐπεκούρησαν.</em></strong></span> 
     </span>
     <span class='ocr_line' id='line_1_15' title="bbox 158 1623 1123 1722; baseline 0.002 -26"><span class='ocrx_word' id='word_1_105' title='bbox 158 1625 203 1708; x_wconf 79' lang='grc' dir='ltr'><strong><em>ὠς</em></strong></span> <span class='ocrx_word' id='word_1_106' title='bbox 226 1627 290 1717; x_wconf 85' lang='grc' dir='ltr'><strong><em>γάρ</em></strong></span> <span class='ocrx_word' id='word_1_107' title='bbox 313 1623 334 1718; x_wconf 88' lang='grc' dir='ltr'><strong><em>ή</em></strong></span> <span class='ocrx_word' id='word_1_108' title='bbox 358 1635 517 1716; x_wconf 82' lang='grc' dir='ltr'><strong><em>γερουσία</em></strong></span> <span class='ocrx_word' id='word_1_109' title='bbox 541 1627 692 1698; x_wconf 87' lang='grc' dir='ltr'><strong><em>κάθοδον</em></strong></span> <span class='ocrx_word' id='word_1_110' title='bbox 714 1632 761 1722; x_wconf 74' lang='grc' dir='ltr'><strong><em>τῷ</em></strong></span> <span class='ocrx_word' id='word_1_111' title='bbox 785 1627 980 1722; x_wconf 76' lang='grc' dir='ltr'><strong><em>Κοριολάνχο</em></strong></span> <span class='ocrx_word' id='word_1_112' title='bbox 1004 1631 1123 1718; x_wconf 82' lang='grc' dir='ltr'><strong><em>ἐψηφί-</em></strong></span> 
     </span>
     <span class='ocr_line' id='line_1_16' title="bbox 125 1727 1161 1822; baseline 0.003 -27"><span class='ocrx_word' id='word_1_113' title='bbox 125 1743 256 1816; x_wconf 81' lang='grc' dir='ltr'><strong><em>Οσατο,</em></strong></span> <span class='ocrx_word' id='word_1_114' title='bbox 280 1731 336 1798; x_wconf 81' lang='grc' dir='ltr'><strong><em>καὶ</em></strong></span> <span class='ocrx_word' id='word_1_115' title='bbox 356 1731 409 1798; x_wconf 79' lang='grc' dir='ltr'><strong><em>ἐπὶ</em></strong></span> <span class='ocrx_word' id='word_1_116' title='bbox 425 1727 533 1822; x_wconf 77' lang='grc' dir='ltr'><strong><em>τούτῳ</em></strong></span> <span class='ocrx_word' id='word_1_117' title='bbox 551 1731 706 1820; x_wconf 79' lang='grc' dir='ltr'><strong><em>πρέσβεις</em></strong></span> <span class='ocrx_word' id='word_1_118' title='bbox 731 1729 813 1821; x_wconf 87' lang='grc' dir='ltr'><strong><em>πρὸς</em></strong></span> <span class='ocrx_word' id='word_1_119' title='bbox 830 1733 962 1802; x_wconf 79' lang='grc' dir='ltr'><strong><em>ἐκεῖνον</em></strong></span> <span class='ocrx_word' id='word_1_120' title='bbox 985 1729 1118 1818; x_wconf 82' lang='grc' dir='ltr'><strong><em>ἐστάλη·</em></strong></span> <span class='ocrx_word' id='word_1_121' title='bbox 1137 1758 1161 1798; x_wconf 83' lang='grc' dir='ltr'><strong><em>π</em></strong></span> 
     </span>
     <span class='ocr_line' id='line_1_17' title="bbox 157 1827 1125 1922; baseline 0.004 -24"><span class='ocrx_word' id='word_1_122' title='bbox 157 1850 233 1918; x_wconf 88' lang='grc' dir='ltr'><strong><em>σαν,</em></strong></span> <span class='ocrx_word' id='word_1_123' title='bbox 260 1831 385 1912; x_wconf 75' lang='grc' dir='ltr'><strong><em>ἐκεῖνος</em></strong></span> <span class='ocrx_word' id='word_1_124' title='bbox 403 1832 459 1900; x_wconf 82' lang='grc' dir='ltr'><strong><em>καὶ</em></strong></span> <span class='ocrx_word' id='word_1_125' title='bbox 477 1829 539 1919; x_wconf 86' lang='grc' dir='ltr'><strong><em>τήν</em></strong></span> <span class='ocrx_word' id='word_1_126' title='bbox 561 1828 674 1922; x_wconf 81' lang='grc' dir='ltr'><strong><em>χάραν</em></strong></span> <span class='ocrx_word' id='word_1_127' title='bbox 697 1847 766 1913; x_wconf 72' lang='grc' dir='ltr'><strong><em>τοῖς</em></strong></span> <span class='ocrx_word' id='word_1_128' title='bbox 793 1827 1016 1912; x_wconf 75' lang='grc' dir='ltr'><strong><em>Οὐολούσκοις</em></strong></span> <span class='ocrx_word' id='word_1_129' title='bbox 1039 1827 1125 1902; x_wconf 87' lang='grc' dir='ltr'><strong><em>ἀπο-</em></strong></span> 
     </span>
     <span class='ocr_line' id='line_1_18' title="bbox 158 1923 1122 2024; baseline 0.002 -24"><span class='ocrx_word' id='word_1_130' title='bbox 158 1934 303 2020; x_wconf 78' lang='grc' dir='ltr'><strong><em>δοθῆναι</em></strong></span> <span class='ocrx_word' id='word_1_131' title='bbox 321 1929 440 2023; x_wconf 80' lang='grc' dir='ltr'><strong><em>ἀπῄτει</em></strong></span> <span class='ocrx_word' id='word_1_132' title='bbox 457 1923 496 2021; x_wconf 79' lang='grc' dir='ltr'><strong><em>ἧς</em></strong></span> <span class='ocrx_word' id='word_1_133' title='bbox 516 1937 552 2003; x_wconf 87' lang='grc' dir='ltr'><strong><em>ἐν</em></strong></span> <span class='ocrx_word' id='word_1_134' title='bbox 568 1949 636 2014; x_wconf 77' lang='grc' dir='ltr'><strong><em>τοῖς</em></strong></span> <span class='ocrx_word' id='word_1_135' title='bbox 655 1934 736 2022; x_wconf 80' lang='grc' dir='ltr'><strong><em>πρὶν</em></strong></span> <span class='ocrx_word' id='word_1_136' title='bbox 760 1935 914 2022; x_wconf 79' lang='grc' dir='ltr'><strong><em>πολέμοις</em></strong></span> <span class='ocrx_word' id='word_1_137' title='bbox 938 1934 1122 2024; x_wconf 72' lang='grc' dir='ltr'><strong><em>ἐστέρηντο.</em></strong></span> 
     </span>
     <span class='ocr_line' id='line_1_19' title="bbox 157 2024 1123 2126; baseline 0.002 -24"><span class='ocrx_word' id='word_1_138' title='bbox 157 2030 193 2102; x_wconf 89' lang='grc' dir='ltr'><strong><em>τδ</em></strong></span> <span class='ocrx_word' id='word_1_139' title='bbox 214 2033 252 2103; x_wconf 71' lang='grc' dir='ltr'><strong><em>δὲ</em></strong></span> <span class='ocrx_word' id='word_1_140' title='bbox 269 2037 399 2122; x_wconf 74' lang='grc' dir='ltr'><strong><em>πλῆθος</em></strong></span> <span class='ocrx_word' id='word_1_141' title='bbox 416 2037 474 2122; x_wconf 78' lang='grc' dir='ltr'><strong><em>τῆς</em></strong></span> <span class='ocrx_word' id='word_1_142' title='bbox 486 2032 594 2126; x_wconf 74' lang='grc' dir='ltr'><strong><em>χώρας</em></strong></span> <span class='ocrx_word' id='word_1_143' title='bbox 608 2031 648 2104; x_wconf 88' lang='grc' dir='ltr'><strong><em>οὐ</em></strong></span> <span class='ocrx_word' id='word_1_144' title='bbox 661 2042 806 2123; x_wconf 85' lang='grc' dir='ltr'><strong><em>μεθίετο.</em></strong></span> <span class='ocrx_word' id='word_1_145' title='bbox 834 2031 935 2104; x_wconf 87' lang='grc' dir='ltr'><strong><em>πάλιν</em></strong></span> <span class='ocrx_word' id='word_1_146' title='bbox 948 2024 1010 2105; x_wconf 87' lang='grc' dir='ltr'><strong><em>οὐν</em></strong></span> <span class='ocrx_word' id='word_1_147' title='bbox 1028 2037 1123 2123; x_wconf 81' lang='grc' dir='ltr'><strong><em>ἑτέρα</em></strong></span> 
     </span>
     <span class='ocr_line' id='line_1_20' title="bbox 157 2130 1123 2227; baseline 0.002 -23"><span class='ocrx_word' id='word_1_148' title='bbox 157 2141 326 2225; x_wconf 80' lang='grc' dir='ltr'><strong><em>πρεσβεία.</em></strong></span> <span class='ocrx_word' id='word_1_149' title='bbox 364 2133 439 2206; x_wconf 70' lang='grc' dir='ltr'><strong><em>ὁδε</em></strong></span> <span class='ocrx_word' id='word_1_150' title='bbox 464 2135 659 2225; x_wconf 80' lang='grc' dir='ltr'><strong><em>περιθύμως</em></strong></span> <span class='ocrx_word' id='word_1_151' title='bbox 678 2142 800 2224; x_wconf 73' lang='grc' dir='ltr'><strong><em>ἔφερεν</em></strong></span> <span class='ocrx_word' id='word_1_152' title='bbox 822 2130 873 2206; x_wconf 81' lang='grc' dir='ltr'><strong><em>δτι</em></strong></span> <span class='ocrx_word' id='word_1_153' title='bbox 897 2137 953 2206; x_wconf 84' lang='grc' dir='ltr'><strong><em>καὶ</em></strong></span> <span class='ocrx_word' id='word_1_154' title='bbox 971 2139 1048 2227; x_wconf 77' lang='grc' dir='ltr'><strong><em>περὶ</em></strong></span> <span class='ocrx_word' id='word_1_155' title='bbox 1065 2141 1123 2223; x_wconf 86' lang='grc' dir='ltr'><strong><em>τής</em></strong></span> 
     </span>
     <span class='ocr_line' id='line_1_21' title="bbox 159 2233 1161 2326; baseline -0.001 -21"><span class='ocrx_word' id='word_1_156' title='bbox 159 2238 290 2308; x_wconf 73' lang='grc' dir='ltr'><strong><em>ἑαυτῶν</em></strong></span> <span class='ocrx_word' id='word_1_157' title='bbox 319 2237 576 2320; x_wconf 83' lang='grc' dir='ltr'><strong><em>κινδυνεύοντες</em></strong></span> <span class='ocrx_word' id='word_1_158' title='bbox 612 2233 688 2308; x_wconf 88' lang='grc' dir='ltr'><strong><em>οὐδ’</em></strong></span> <span class='ocrx_word' id='word_1_159' title='bbox 722 2233 809 2307; x_wconf 74' lang='grc' dir='ltr'><strong><em>οὕτω</em></strong></span> <span class='ocrx_word' id='word_1_160' title='bbox 840 2243 907 2306; x_wconf 75' lang='grc' dir='ltr'><strong><em>τῶν</em></strong></span> <span class='ocrx_word' id='word_1_161' title='bbox 937 2235 1122 2326; x_wconf 87' lang='grc' dir='ltr'><strong><em>ἀλλοτρίων</em></strong></span> <span class='ocrx_word' id='word_1_162' title='bbox 1135 2265 1161 2304; x_wconf 78' lang='grc' dir='ltr'><strong><em>νο</em></strong></span> 
     </span>
     <span class='ocr_line' id='line_1_22' title="bbox 155 2333 1121 2428; baseline 0.002 -22"><span class='ocrx_word' id='word_1_163' title='bbox 155 2333 364 2426; x_wconf 84' lang='grc' dir='ltr'><strong><em>ἀφίστανται.</em></strong></span> <span class='ocrx_word' id='word_1_164' title='bbox 401 2341 457 2407; x_wconf 82' lang='grc' dir='ltr'><strong><em>καὶ</em></strong></span> <span class='ocrx_word' id='word_1_165' title='bbox 474 2337 602 2409; x_wconf 89' lang='grc' dir='ltr'><strong><em>τούτων</em></strong></span> <span class='ocrx_word' id='word_1_166' title='bbox 616 2339 653 2408; x_wconf 69' lang='grc' dir='ltr'><strong><em>δὲ</em></strong></span> <span class='ocrx_word' id='word_1_167' title='bbox 666 2333 902 2428; x_wconf 71' lang='grc' dir='ltr'><strong><em>ἀγγελθέντων</em></strong></span> <span class='ocrx_word' id='word_1_168' title='bbox 921 2336 1034 2419; x_wconf 81' lang='grc' dir='ltr'><strong><em>αὐτοῖς</em></strong></span> <span class='ocrx_word' id='word_1_169' title='bbox 1047 2334 1121 2408; x_wconf 84' lang='grc' dir='ltr'><strong><em>οὐτ’</em></strong></span> 
     </span>
     <span class='ocr_line' id='line_1_23' title="bbox 157 2433 1123 2531; baseline 0.003 -25"><span class='ocrx_word' id='word_1_170' title='bbox 157 2443 204 2507; x_wconf 82' lang='grc' dir='ltr'><strong><em>ἔτι</em></strong></span> <span class='ocrx_word' id='word_1_171' title='bbox 222 2446 398 2529; x_wconf 88' lang='grc' dir='ltr'><strong><em>κεκίνηντο</em></strong></span> <span class='ocrx_word' id='word_1_172' title='bbox 416 2435 496 2510; x_wconf 84' lang='grc' dir='ltr'><strong><em>οὐθ’</em></strong></span> <span class='ocrx_word' id='word_1_173' title='bbox 516 2433 582 2510; x_wconf 81' lang='grc' dir='ltr'><strong><em>ὐπὸ</em></strong></span> <span class='ocrx_word' id='word_1_174' title='bbox 600 2443 668 2510; x_wconf 78' lang='grc' dir='ltr'><strong><em>των</em></strong></span> <span class='ocrx_word' id='word_1_175' title='bbox 686 2438 857 2511; x_wconf 80' lang='grc' dir='ltr'><strong><em>κινδύνων</em></strong></span> <span class='ocrx_word' id='word_1_176' title='bbox 874 2445 910 2510; x_wconf 88' lang='grc' dir='ltr'><strong><em>οί</em></strong></span> <span class='ocrx_word' id='word_1_177' title='bbox 924 2439 1046 2531; x_wconf 82' lang='grc' dir='ltr'><strong><em>ἀνδρες</em></strong></span> <span class='ocrx_word' id='word_1_178' title='bbox 1064 2444 1123 2510; x_wconf 84' lang='grc' dir='ltr'><strong><em>τού</em></strong></span> 
     </span>
     <span class='ocr_line' id='line_1_24' title="bbox 156 2536 1122 2631; baseline 0.002 -23"><span class='ocrx_word' id='word_1_179' title='bbox 156 2536 345 2623; x_wconf 77' lang='grc' dir='ltr'><strong><em>στασιάζειν</em></strong></span> <span class='ocrx_word' id='word_1_180' title='bbox 370 2543 547 2623; x_wconf 81' lang='grc' dir='ltr'><strong><em>ἐξίσταντο.</em></strong></span> <span class='ocrx_word' id='word_1_181' title='bbox 591 2546 628 2611; x_wconf 81' lang='grc' dir='ltr'><strong><em>αδ</em></strong></span> <span class='ocrx_word' id='word_1_182' title='bbox 650 2542 688 2612; x_wconf 77' lang='grc' dir='ltr'><strong><em>δέ</em></strong></span> <span class='ocrx_word' id='word_1_183' title='bbox 710 2558 879 2631; x_wconf 69' lang='grc' dir='ltr'><strong><em>γυναῖκες,</em></strong></span> <span class='ocrx_word' id='word_1_184' title='bbox 905 2539 980 2630; x_wconf 84' lang='grc' dir='ltr'><strong><em>ήτε</em></strong></span> <span class='ocrx_word' id='word_1_185' title='bbox 997 2541 1122 2630; x_wconf 84' lang='grc' dir='ltr'><strong><em>γαμετή</em></strong></span> 
     </span>
     <span class='ocr_line' id='line_1_25' title="bbox 156 2639 1124 2734; baseline 0.003 -24"><span class='ocrx_word' id='word_1_186' title='bbox 156 2642 217 2711; x_wconf 85' lang='grc' dir='ltr'><strong><em>τού</em></strong></span> <span class='ocrx_word' id='word_1_187' title='bbox 241 2640 453 2730; x_wconf 84' lang='grc' dir='ltr'><strong><em>Κοριολάνου</em></strong></span> <span class='ocrx_word' id='word_1_188' title='bbox 480 2639 695 2733; x_wconf 80' lang='grc' dir='ltr'><strong><em>Οὐολουμνία</em></strong></span> <span class='ocrx_word' id='word_1_189' title='bbox 718 2645 775 2714; x_wconf 81' lang='grc' dir='ltr'><strong><em>καὶ</em></strong></span> <span class='ocrx_word' id='word_1_190' title='bbox 798 2641 819 2732; x_wconf 84' lang='grc' dir='ltr'><strong><em>ή</em></strong></span> <span class='ocrx_word' id='word_1_191' title='bbox 843 2643 949 2734; x_wconf 86' lang='grc' dir='ltr'><strong><em>μήτηρ</em></strong></span> <span class='ocrx_word' id='word_1_192' title='bbox 976 2640 1124 2714; x_wconf 88' lang='grc' dir='ltr'><strong><em>Οὐετου-</em></strong></span> 
     </span>
     <span class='ocr_line' id='line_1_26' title="bbox 157 2742 1162 2835; baseline 0.001 -24"><span class='ocrx_word' id='word_1_193' title='bbox 157 2747 245 2833; x_wconf 83' lang='grc' dir='ltr'><strong><em>ρίυα,</em></strong></span> <span class='ocrx_word' id='word_1_194' title='bbox 265 2745 320 2812; x_wconf 82' lang='grc' dir='ltr'><strong><em>καὶ</em></strong></span> <span class='ocrx_word' id='word_1_195' title='bbox 337 2743 397 2825; x_wconf 85' lang='grc' dir='ltr'><strong><em>τάς</em></strong></span> <span class='ocrx_word' id='word_1_196' title='bbox 414 2742 531 2826; x_wconf 87' lang='grc' dir='ltr'><strong><em>λοιπάς</em></strong></span> <span class='ocrx_word' id='word_1_197' title='bbox 548 2743 606 2826; x_wconf 87' lang='grc' dir='ltr'><strong><em>τάς</em></strong></span> <span class='ocrx_word' id='word_1_198' title='bbox 625 2743 888 2832; x_wconf 75' lang='grc' dir='ltr'><strong><em>ἐπιφανεστάτας</em></strong></span> <span class='ocrx_word' id='word_1_199' title='bbox 905 2747 1123 2835; x_wconf 82' lang='grc' dir='ltr'><strong><em>παραλαβού-</em></strong></span> <span class='ocrx_word' id='word_1_200' title='bbox 1136 2772 1162 2812; x_wconf 80' lang='grc' dir='ltr'><strong><em>ετ</em></strong></span> 
     </span>
     <span class='ocr_line' id='line_1_27' title="bbox 56 2833 1123 2960; baseline 0 -46"><span class='ocrx_word' id='word_1_201' title='bbox 56 2865 244 2960; x_wconf 64' lang='lat' dir='ltr'><strong><em>W1125⁶⁰⁶⁶⁹</em></strong></span> <span class='ocrx_word' id='word_1_202' title='bbox 268 2833 377 2934; x_wconf 85' lang='grc' dir='ltr'><strong><em>ήλθον</em></strong></span> <span class='ocrx_word' id='word_1_203' title='bbox 396 2847 429 2926; x_wconf 90' lang='grc' dir='ltr'><strong><em>ἐς</em></strong></span> <span class='ocrx_word' id='word_1_204' title='bbox 452 2843 489 2916; x_wconf 83' lang='grc' dir='ltr'><strong><em>κδ</em></strong></span> <span class='ocrx_word' id='word_1_205' title='bbox 509 2845 736 2936; x_wconf 88' lang='grc' dir='ltr'><strong><em>στρατόπεδον</em></strong></span> <span class='ocrx_word' id='word_1_206' title='bbox 754 2847 837 2938; x_wconf 85' lang='grc' dir='ltr'><strong><em>πρὸς</em></strong></span> <span class='ocrx_word' id='word_1_207' title='bbox 856 2843 976 2934; x_wconf 89' lang='grc' dir='ltr'><strong><em>αὐτόν,</em></strong></span> <span class='ocrx_word' id='word_1_208' title='bbox 1001 2849 1056 2915; x_wconf 80' lang='grc' dir='ltr'><strong><em>καὶ</em></strong></span> <span class='ocrx_word' id='word_1_209' title='bbox 1082 2842 1123 2914; x_wconf 87' lang='grc' dir='ltr'><strong><em>τά</em></strong></span> 
     </span>
     <span class='ocr_line' id='line_1_28' title="bbox 128 2942 1125 3037; baseline 0.002 -21"><span class='ocrx_word' id='word_1_210' title='bbox 128 2977 154 3026; x_wconf 83' lang='lat'><strong><em>1)</em></strong></span> <span class='ocrx_word' id='word_1_211' title='bbox 170 2954 289 3018; x_wconf 90' lang='grc' dir='ltr'><strong><em>παιδία</em></strong></span> <span class='ocrx_word' id='word_1_212' title='bbox 306 2942 410 3019; x_wconf 81' lang='grc' dir='ltr'><strong><em>αὐτοῦ</em></strong></span> <span class='ocrx_word' id='word_1_213' title='bbox 428 2946 639 3037; x_wconf 85' lang='grc' dir='ltr'><strong><em>ἐπαγόμεναι.</em></strong></span> <span class='ocrx_word' id='word_1_214' title='bbox 671 2951 728 3019; x_wconf 82' lang='grc' dir='ltr'><strong><em>καὶ</em></strong></span> <span class='ocrx_word' id='word_1_215' title='bbox 745 2953 784 3017; x_wconf 70' lang='grc' dir='ltr'><strong><em>αι’</em></strong></span> <span class='ocrx_word' id='word_1_216' title='bbox 797 2947 860 3036; x_wconf 70' lang='grc' dir='ltr'><strong><em>μὲν</em></strong></span> <span class='ocrx_word' id='word_1_217' title='bbox 876 2945 973 3017; x_wconf 83' lang='grc' dir='ltr'><strong><em>ἀλλαι</em></strong></span> <span class='ocrx_word' id='word_1_218' title='bbox 990 2949 1125 3018; x_wconf 72' lang='grc' dir='ltr'><strong><em>σιωπω-</em></strong></span> 
     </span>
     <span class='ocr_line' id='line_1_29' title="bbox 159 3043 1125 3142; baseline 0.002 -26"><span class='ocrx_word' id='word_1_219' title='bbox 159 3068 215 3117; x_wconf 90' lang='grc' dir='ltr'><strong><em>σαι</em></strong></span> <span class='ocrx_word' id='word_1_220' title='bbox 239 3046 421 3139; x_wconf 87' lang='grc' dir='ltr'><strong><em>ἐδάκρυον,</em></strong></span> <span class='ocrx_word' id='word_1_221' title='bbox 446 3043 467 3138; x_wconf 86' lang='grc' dir='ltr'><strong><em>ή</em></strong></span> <span class='ocrx_word' id='word_1_222' title='bbox 494 3050 530 3120; x_wconf 69' lang='grc' dir='ltr'><strong><em>δὲ</em></strong></span> <span class='ocrx_word' id='word_1_223' title='bbox 557 3045 767 3141; x_wconf 86' lang='grc' dir='ltr'><strong><em>Οὐετουρίνα</em></strong></span> <span class='ocrx_word' id='word_1_224' title='bbox 786 3045 873 3118; x_wconf 84' lang='grc' dir='ltr'><strong><em>“οὐκ</em></strong></span> <span class='ocrx_word' id='word_1_225' title='bbox 896 3047 1125 3142; x_wconf 86' lang='grc' dir='ltr'><strong><em>ηὐτομολήκα-</em></strong></span> 
     </span>
     <span class='ocr_line' id='line_1_30' title="bbox 157 3145 1126 3242; baseline -0.001 -22"><span class='ocrx_word' id='word_1_226' title='bbox 157 3145 243 3238; x_wconf 87' lang='grc' dir='ltr'><strong><em>μεν”</em></strong></span> <span class='ocrx_word' id='word_1_227' title='bbox 263 3150 328 3238; x_wconf 80' lang='grc' dir='ltr'><strong><em>ἐφη</em></strong></span> <span class='ocrx_word' id='word_1_228' title='bbox 347 3149 505 3240; x_wconf 80' lang='grc' dir='ltr'><strong><em>“τέκνον,</em></strong></span> <span class='ocrx_word' id='word_1_229' title='bbox 529 3148 601 3222; x_wconf 87' lang='grc' dir='ltr'><strong><em>ἀλλ’</em></strong></span> <span class='ocrx_word' id='word_1_230' title='bbox 623 3149 643 3237; x_wconf 71' lang='grc' dir='ltr'><strong><em>η’</em></strong></span> <span class='ocrx_word' id='word_1_231' title='bbox 662 3154 781 3242; x_wconf 80' lang='grc' dir='ltr'><strong><em>πατρὶς</em></strong></span> <span class='ocrx_word' id='word_1_232' title='bbox 803 3145 888 3241; x_wconf 86' lang='grc' dir='ltr'><strong><em>ήμάς</em></strong></span> <span class='ocrx_word' id='word_1_233' title='bbox 912 3151 1041 3240; x_wconf 74' lang='grc' dir='ltr'><strong><em>ἔπεμψέ</em></strong></span> <span class='ocrx_word' id='word_1_234' title='bbox 1061 3171 1126 3237; x_wconf 89' lang='grc' dir='ltr'><strong><em>σοι,</em></strong></span> 
     </span>
     <span class='ocr_line' id='line_1_31' title="bbox 159 3249 1164 3345; baseline 0.001 -26"><span class='ocrx_word' id='word_1_235' title='bbox 159 3257 190 3319; x_wconf 82' lang='grc' dir='ltr'><strong><em>εί</em></strong></span> <span class='ocrx_word' id='word_1_236' title='bbox 203 3249 266 3339; x_wconf 69' lang='grc' dir='ltr'><strong><em>μὲν</em></strong></span> <span class='ocrx_word' id='word_1_237' title='bbox 283 3258 434 3341; x_wconf 81' lang='grc' dir='ltr'><strong><em>πείθοιο,</em></strong></span> <span class='ocrx_word' id='word_1_238' title='bbox 453 3256 578 3345; x_wconf 84' lang='grc' dir='ltr'><strong><em>μητέρα</em></strong></span> <span class='ocrx_word' id='word_1_239' title='bbox 595 3254 651 3323; x_wconf 80' lang='grc' dir='ltr'><strong><em>καὶ</em></strong></span> <span class='ocrx_word' id='word_1_240' title='bbox 669 3268 814 3342; x_wconf 79' lang='grc' dir='ltr'><strong><em>γυναῖκα</em></strong></span> <span class='ocrx_word' id='word_1_241' title='bbox 831 3253 887 3322; x_wconf 84' lang='grc' dir='ltr'><strong><em>καὶ</em></strong></span> <span class='ocrx_word' id='word_1_242' title='bbox 901 3253 1018 3340; x_wconf 80' lang='grc' dir='ltr'><strong><em>τέκνα,</em></strong></span> <span class='ocrx_word' id='word_1_243' title='bbox 1037 3259 1070 3323; x_wconf 84' lang='grc' dir='ltr'><strong><em>εί</em></strong></span> <span class='ocrx_word' id='word_1_244' title='bbox 1087 3252 1164 3340; x_wconf 60' lang='lat' dir='ltr'><strong><em>(mo</em></strong></span> 
     </span>
     <span class='ocr_line' id='line_1_32' title="bbox 157 3347 1124 3444; baseline 0.002 -23"><span class='ocrx_word' id='word_1_245' title='bbox 157 3347 220 3440; x_wconf 88' lang='grc' dir='ltr'><strong><em>μή,</em></strong></span> <span class='ocrx_word' id='word_1_246' title='bbox 252 3351 395 3444; x_wconf 86' lang='grc' dir='ltr'><strong><em>λάφυρα.</em></strong></span> <span class='ocrx_word' id='word_1_247' title='bbox 439 3357 495 3424; x_wconf 84' lang='grc' dir='ltr'><strong><em>καὶ</em></strong></span> <span class='ocrx_word' id='word_1_248' title='bbox 525 3361 556 3425; x_wconf 84' lang='grc' dir='ltr'><strong><em>εί</em></strong></span> <span class='ocrx_word' id='word_1_249' title='bbox 577 3357 632 3426; x_wconf 82' lang='grc' dir='ltr'><strong><em>καὶ</em></strong></span> <span class='ocrx_word' id='word_1_250' title='bbox 655 3358 721 3425; x_wconf 81' lang='grc' dir='ltr'><strong><em>νύν</em></strong></span> <span class='ocrx_word' id='word_1_251' title='bbox 751 3361 799 3426; x_wconf 83' lang='grc' dir='ltr'><strong><em>ἐτι</em></strong></span> <span class='ocrx_word' id='word_1_252' title='bbox 828 3351 960 3444; x_wconf 77' lang='grc' dir='ltr'><strong><em>ὀργίζῃ,</em></strong></span> <span class='ocrx_word' id='word_1_253' title='bbox 991 3353 1124 3444; x_wconf 77' lang='grc' dir='ltr'><strong><em>πρώτας</em></strong></span> 
     </span>
     <span class='ocr_line' id='line_1_33' title="bbox 156 3448 1123 3546; baseline 0.005 -25"><span class='ocrx_word' id='word_1_254' title='bbox 156 3449 243 3541; x_wconf 78' lang='grc' dir='ltr'><strong><em>ἡμᾶς</em></strong></span> <span class='ocrx_word' id='word_1_255' title='bbox 268 3448 474 3526; x_wconf 85' lang='grc' dir='ltr'><strong><em>ἀπόκτεινον.</em></strong></span> <span class='ocrx_word' id='word_1_256' title='bbox 518 3454 747 3546; x_wconf 75' lang='grc' dir='ltr'><strong><em>καταλλάγηθι</em></strong></span> <span class='ocrx_word' id='word_1_257' title='bbox 770 3457 826 3526; x_wconf 86' lang='grc' dir='ltr'><strong><em>καλ</em></strong></span> <span class='ocrx_word' id='word_1_258' title='bbox 852 3457 968 3545; x_wconf 82' lang='grc' dir='ltr'><strong><em>μηκέτι</em></strong></span> <span class='ocrx_word' id='word_1_259' title='bbox 990 3453 1123 3544; x_wconf 75' lang='grc' dir='ltr'><strong><em>ὀργίζον</em></strong></span> 
     </span>
    </p>
   </div>
   <div class='ocr_carea' id='block_1_3' title="bbox 0 0 1286 3814">
    <p class='ocr_par' dir='ltr' id='par_1_3' title="bbox 0 0 1286 3814">
     <span class='ocr_line' id='line_1_34' title="bbox 0 0 1286 3814; baseline 0 1"><span class='ocrx_word' id='word_1_260' title='bbox 0 0 1286 3814; x_wconf 95' lang='lat' dir='ltr'><strong><em> </em></strong></span> 
     </span>
    </p>
   </div>
  </div>
 </body>
</html>
