2510 3834
188 175 231 240 50
450 174 523 230 Lm.
534 173 582 227 τι.
601 171 679 225 off.
691 173 778 254 xm.
792 171 893 226 xvm.

190 317 300 403 ἔταξε,
318 309 396 396 τοδς
415 309 449 382 δ’
464 315 500 384 ἐκ
518 315 647 404 μικρῶν
665 318 781 382 αἰτιῶν
798 311 1063 402 καθειργμένους
1076 309 1155 401 χρή·

154 441 277 508 υματα
304 410 487 504 λαμβάνων
513 409 650 484 ἀπέλυε.
694 414 752 484 καὶ
775 409 881 492 οὕτως
909 409 930 500 ἡ
954 410 1017 500 μὲν
1041 411 1155 501 εἱρκτὴ
1248 503 1251 508 Δ

188 521 257 589 τῶν
280 517 461 605 δεσμωτῶν
485 512 654 605 ἐκευῶθη,
678 513 699 604 ἡ
723 511 814 604 χῶρα
839 513 876 584 δὲ
900 518 1033 604 ληστῶυ
1056 515 1155 632 ἐπλη-

189 617 295 744 ράθη.
331 646 349 687 ο
338 612 398 688 δ’
415 612 647 708 Ἀχρίππας
615 645 674 690 τον
690 645 750 687 του
736 611 935 704 Γαμαλιηλ
949 611 1080 703 Ἰησοῦν
1097 618 1156 703 τῆς

188 715 438 812 ἀρχιερωσύνης
456 717 608 806 ἐκβαλῶν
629 723 770 810 Ματθίᾳ
782 743 829 810 τῳ
814 719 1019 804 ’Θεοφίλου
1036 717 1155 807 προσέ-
1168 745 1183 786 τ

189 849 322 912 υειμευ,
347 817 400 910 ἐφ
422 809 464 890 οὗ
481 817 499 890 5
517 817 599 909 πρὸς
615 817 797 908 Ῥωμαίους
813 814 934 910 ηρξατο
951 816 1104 906 πόλεμος.

255 919 400 1014 ’Ἠρξατο
422 910 543 1011 μὲν
501 949 564 991 ουν
587 915 858 1012 ηάρχιερωσάυη
882 920 915 1002 ἐξ
931 913 1081 1043 Ἀαρῶν,
1105 943 1156 988 τε·

118 1049 122 1056 ·
190 1021 412 1113 λευτησαντος
437 1023 474 1093 δὲ
493 1026 624 1096 ἐκείνου
647 1026 683 1092 οί
697 1027 815 1103 παῖδες
838 1015 944 1090 αάτοῶ
966 1015 1074 1108 αὐτὴν
1092 1024 1157 1090 διε-

191 1127 345 1214 δέξαντο,
369 1125 425 1194 καί
444 1126 476 1208 ξ
496 1126 634 1196 ἐκείνων
650 1137 719 1206 τοῖς
737 1117 795 1192 ἀπ’
815 1117 931 1193 αάτῶυ
954 1119 1153 1210 διέμεινεν
1135 1150 1156 1210 η

88 1224 290 1349 ΦΙεοετιμη.
318 1223 403 1298 ὅθεν
420 1223 560 1317 πάτριον
577 1255 620 1315 ην
634 1221 807 1305 Ἰουδαίοις
824 1221 1007 1346 μηδένα
970 1251 1033 1311 την
1044 1217 1156 1312 ἀρχιε-
1169 1251 1197 1293 ιο

190 1325 348 1418 ρωσάνην
364 1325 565 1417 λαμβάνειν,
588 1321 653 1398 κάν
670 1323 827 1414 βασιλεὺς
844 1353 888 1412 ηυ
905 1318 1009 1413 αάτης
1027 1325 1156 1414 ἐφιέμε-

154 1459 264 1520 νος,
289 1435 320 1500 εί
336 1453 381 1554 μη
399 1426 476 1510 τούς
495 1430 584 1511 ἐξ“
546 1455 699 1518 αηιατος
703 1422 848 1519 Ἀαρῶν·
881 1432 913 1495 εἰ
900 1426 985 1496 ίκαλ
1002 1453 1042 1495 ου
1032 1421 1157 1549 ’μέχρι

190 1527 313 1611 παντὸς
337 1527 374 1598 τὸ
392 1535 471 1610 ἔθος
488 1535 586 1606 τοῦτο
608 1554 774 1619 τετηρητο.
797 1517 1028 1652 ,ἐγίνοντο
988 1554 1052 1597 ουυ
1073 1523 1157 1598 πάν-

190 1661 243 1714 τες
260 1628 326 1702 ἀπὸ
349 1625 478 1719 Ἀαρῶυ
494 1631 589 1754 μέχρι
608 1630 726 1711 Φινεὲς
750 1631 811 1700 του
828 1627 911 1699 κατά
934 1626 993 1698 τὸυ
1011 1624 1157 1718 πόλεμον

89 1729 256 1804 ΡΙευεὺπό
286 1735 355 1802 τῶν
382 1730 633 1804 στασιασάντων
662 1729 921 1821 ἀναδειχθέντος
950 1725 1157 1819 ὀχδοηκοντα
1171 1757 1198 1798 ιε

191 1835 246 1904 καὶ
263 1847 362 1924 τρεῖς.

268 1935 407 2015 Γεσσιος
424 1934 462 2004 δ
475 1938 612 2024 Φλῶρος
631 1940 677 2018 είς
691 1929 860 2004 Ἰουδαίαν
873 1927 1029 2020 Ἀλβίνου
1044 1930 1157 2002 διάδο·

190 2065 247 2126 χος
264 2033 465 2125 ἀφικόμενος
482 2039 616 2106 πολλῶν
634 2035 816 2124 ἐνέπλησεν
830 2029 1013 2116 Ἰουδαίους
1030 2039 1157 2121 κακῶν,

125 2188 130 2196 -
189 2143 351 2210 τοσοῦτον
369 2137 407 2208 δὲ
424 2138 542 2226 γέγονε
565 2135 719 2220 κάκιστος
743 2133 827 2206 ῶστε
852 2131 909 2206 διά
931 2133 993 2226 τὴν
1010 2133 1156 2226 ὑπερβο-

190 2236 253 2330 λὴν
269 2245 327 2328 της
352 2237 458 2310 αὐτοῦ
483 2246 600 2320 κακίας
624 2241 841 2309 ἐπαινεῖσθαι
858 2236 917 2307 τὸν
936 2234 1093 2325 Ἀλβίνου
1110 2235 1156 2318 ῶς
1171 2265 1200 2306 ιο

190 2337 377 2434 εὐεργέτην.
412 2333 510 2429 ὁμὲν
534 2337 598 2430 γάρ
620 2337 683 2423 τὴν
705 2343 872 2428 πονηρίαν
896 2340 1081 2428 ἐπέκρυπτε
1097 2339 1157 2408 καὶ

190 2437 317 2512 ἀδικῶν
333 2437 378 2529 μη
396 2447 554 2526 γίνεσθαι
571 2437 769 2530 κατάφωρος
787 2445 941 2530 ἔσπευδε,
962 2443 1100 2531 Φλῶρος
1119 2441 1156 2509 δὲ

190 2538 480 2633 ἀπαρακαλύπτως
496 2543 553 2610 καί
571 2537 719 2623 ἀναιδῶς
735 2540 793 2624 τάς
812 2547 859 2625 είς
876 2539 913 2610 τὸ
931 2547 1033 2623 ἔθνος
1049 2565 1157 2631 παρα·

190 2648 307 2732 υομίας
326 2644 441 2731 ἐποίει,
460 2640 572 2733 ῶσπερ
591 2635 872 2732 ἐπιδεικνύμενος.
901 2645 957 2712 καί
973 2647 1011 2712 τί
1025 2647 1079 2712 δεῖ
1087 2647 1159 2712 τῶν

192 2747 322 2814 ἐκείνου
338 2747 453 2814 κακῶν
475 2741 681 2835 ἀπαριθμεῖν
698 2741 735 2814 τδ
752 2743 831 2815 καθ’
854 2747 1014 2830 ἕκαστους
1038 2746 1155 2814 τοσοά-
1171 2773 1198 2812 τι

190 2874 250 2917 του
267 2841 301 2915 δ
322 2845 426 2918 είπῶυ
444 2843 635 2934 δηλῶσω
601 2873 638 2916 το
656 2850 742 2935 πάν,
765 2844 815 2916 ὅτι
837 2840 856 2916 5
874 2844 951 2928 τοδς
971 2843 1159 2926 Ἰουδαίους

189 2945 248 3018 τόυ
277 2947 375 3069 πρὸς
390 2939 567 3037 Ῥωμαίους
596 2943 745 3040 ἀρασθαι
776 2945 924 3038 πόλεμον
953 2943 1159 3036 βιασάμενος

190 3052 330 3140 Φλῶρος
351 3077 404 3137 ηυ.
448 3055 546 3138 ἔλαβε
578 3048 616 3120 δὲ
646 3078 707 3140 την
731 3045 837 3140 ἀρχηυ
863 3046 882 3119 5
907 3045 1049 3138 πόλεμος
1074 3051 1160 3118 δευ

156 3152 276 3243 Βτὲρῳ
294 3149 355 3239 μὲν
373 3153 497 3220 ἔτει
455 3179 514 3239 της
533 3147 676 3242 Φλῶρον
698 3153 894 3242 ἐπιτροπης,
919 3147 1099 3242 δωδεκάτῳ
1119 3149 1160 3220 δὲ

189 3278 249 3339 της
265 3257 446 3342 μοναρχίας
463 3280 523 3322 του
508 3253 710 3342 Νέρωνος.
1175 3279 1203 3320 το

138 3351 177 3415 18
264 3349 444 3424 Ἐντεῦθεν
466 3341 529 3424 οὖν
551 3382 573 3442 η
596 3357 664 3425 τῶν
689 3351 817 3424 Ἰουδαί
802 3360 864 3424 ίωυ
890 3350 1077 3424 ἀποστασία
1107 3357 1160 3434 είς

194 3463 387 3473 -.——.—-—.

258 3499 326 3566 Gap.
341 3502 382 3553 18.
403 3497 518 3565 Iosephi
528 3499 602 3551 Belli
612 3500 721 3554 Iudaiic
732 3500 797 3552 libri
809 3505 825 3554 3
838 3504 904 3554 et4.
