2580 3816
381 213 452 266 τεο.
471 215 548 268 x111.
568 213 646 269 οΑΡ.
665 215 740 266 m.
981 215 1046 282 235

72 355 155 445 τέρα
174 359 314 444 Μαρίαν
333 361 380 436 εἰς
398 354 554 444 γαμετῆν.
586 347 626 446 ῆς
643 355 818 445 θανούσης
836 361 967 445 λέγεται
983 358 1081 447 τῆνο

76 454 229 544 ἀδελφῆν
254 455 358 544 αότῆς
377 459 589 546 Θερμαντίαν
613 463 716 546 γῆμαι
736 461 773 528 ἐν
791 455 904 529 ἀτελεῖ
919 459 1048 549 τυγχά·

75 577 205 628 νουσαν
221 555 343 650 ἡλιαία.
366 557 517 646 αάιιείνη
536 558 575 629 δὲ
592 559 675 648 ’ταχύ
697 555 919 649 ἐτελεύτησεν.
947 555 1047 643 οὗτος
1142 563 1147 568 ’

51 669 53 674 ’
74 659 251 750 ἀβέλτερος
271 657 320 728 τόν
338 659 428 752 παρά
440 659 517 729 τοῖν
530 663 567 730 ἐν
583 667 626 751 τῆ
639 659 746 752 Ῥεόμη
764 667 926 752 μεμίσητο
944 669 1048 734 δυνα-

47 766 154 831 στῶν.
195 761 253 830 καὶ
282 760 387 848 γνοδς
411 762 712 852 ἐπιβουλευόμενος
735 769 783 844 είς
802 763 997 853 Ῥάβεννάν
1013 793 1049 834 τε

5 889 8 893 ·
73 862 345 952 μεταναστεόσας
370 865 500 951 λέγεται
523 866 778 954 διαπέμψασθαι
794 864 879 957 πρὸς
894 865 1047 957 Ἀλλάρι-

73 990 135 1054 χον
164 960 225 1034 τόν
255 961 415 1053 ἀρηοντα
430 969 494 1034 τοῦ
524 971 594 1035 τεόν
621 965 833 1055 Θόανδῆλοον
859 965 881 1056 ῆ
905 968 1049 1040 Γότθων

75 1073 217 1154 ἔθνους,
243 1063 345 1148 ἀξιῶν
370 1064 478 1136 αάτδν
500 1067 585 1136 αατά
610 1074 671 1156 τῆς
691 1067 816 1158 Ῥοόμης
840 1069 1048 1160 στρατεύσα-
1078 1076 1080 1082 '

76 1177 174 1255 σθαι,
201 1165 397 1255 ἀμύνασθαι
413 1170 527 1238 θέλων
545 1168 652 1250 οὕτως
670 1169 749 1252 τοδς
766 1177 825 1258 τῆς
839 1169 964 1260 Ῥεόμης
983 1196 1047 1241 πο-

33 1290 62 1330 10
76 1277 169 1348 λίτας
187 1267 242 1336 δίἀ
259 1267 297 1338 τό
315 1284 413 1357 μῖσος
430 1267 468 1340 τό
487 1268 571 1361 πρὸς
589 1267 705 1358 αὐτόν.
734 1273 791 1340 ιιαλ
810 1274 968 1342 ἐπελθεῖν
986 1272 1049 1361 μὲν

75 1376 118 1460 τῆ
142 1369 249 1460 Ῥώμη
272 1369 334 1441 ,τόν
355 1369 566 1462 Ἀλλάριχον,
590 1371 636 1460 μῆ
660 1373 776 1460 μέντοι
793 1379 964 1464 πορθῆσαι
982 1371 1049 1443 αά-

45 1539 48 1543 .
75 1471 151 1560 τῆν,
177 1465 263 1540 ἀλλά
282 1481 484 1542 σπείσασθαι
509 1487 580 1554 τοῖς
600 1472 786 1563 Ῥωμαίοις,
812 1475 958 1563 λαβόντα
985 1471 1049 1544 ὅσα

78 1577 116 1644 ἐν
132 1586 202 1652 τοῖς
219 1579 398 1660 βασιλείοις
417 1573 609 1665 εὑρέθησαν
628 1575 781 1666 χρήματα
802 1577 860 1644 καί
876 1575 939 1664 τῆν
953 1573 1049 1646 ἀδελ-

77 1673 149 1764 φῆν
161 1673 324 1764 Ὁνωρίου
341 1673 405 1764 τῆν
418 1681 620 1764 Πλααιδίαν,
639 1677 696 1746 καὶ
713 1676 953 1766 ἀπονοστῆσαι.
978 1703 1046 1746 πα·
1058 1694 1083 1744 D

31 1797 63 1839 ιο
77 1780 241 1869 ραδοῦναι
258 1775 297 1846 δὲ
313 1774 376 1864 τῆν
392 1778 498 1868 κόρην
511 1785 739 1872 Κωνσταντίηι
763 1780 829 1848 τινλ
853 1779 971 1868 νόμητι
995 1781 1049 1848 ἐπὶ
1066 1849 1067 1855 ¹

76 1883 124 1972 τῷ
143 1876 389 1966 φνλάττεσθαι·
414 1878 475 1948 τόν
500 1879 539 1948 δὲ
563 1881 811 1970 προσειληφότα
835 1876 945 1969 αότῆν
963 1878 1049 1950 ἀπο-

78 1985 210 2070 δράναι,
229 1979 287 2048 καί
304 1985 439 2068 κομίσαι
456 1985 504 2072 τῷ
522 1979 660 2072 ἀδελφῷ
675 1979 791 2070 αὐτῆς,
805 1979 966 2052 κάκεῖνον
985 2003 1049 2051 συ-

78 2083 187 2166 ζεῦξαι
210 2076 339 2169 ταότην
362 2079 484 2174 αὐτῷ,
502 2079 696 2170 τετιμηκότα
715 2084 948 2169 συγκλητικόν,
977 2081 1050 2152 εἶτα

78 2182 136 2250 καὶ
153 2185 291 2268 βασιλέα
306 2180 550 2273 ἀναγορεῦσαι·
569 2187 673 2270 γονῆς
687 2181 755 2272 γάρ
769 2187 894 2263 οἰκείας
913 2181 1050 2271 ἀμοιρος

28 2307 65 2347 20
78 2275 124 2372 ῆν
143 2279 312 2374 Ὁνοόριος.
357 2290 527 2372 σφαγῆναι
551 2283 589 2352 δὲ
612 2282 694 2372 μετά
718 2282 840 2373 μιαρόν
863 2282 923 2352 τόν
948 2291 1050 2352 Κοιν-
1157 2338 1159 2342 ,

80 2383 254 2473 στάντιον,
279 2387 476 2474 γειναμένης
501 2381 595 2477 αὐτῷ
619 2390 743 2466 παῖδας
767 2389 826 2472 τῆς
851 2389 1050 2471 Πλακιδίας,

81 2483 376 2558 ΟόαλεντινιανδνΙ
397 2484 678 2576 ααλ«“ονοιριάδα.
711 2491 749 2556 ὀί
776 2485 839 2575 μὲν
864 2477 930 2555 οὖν
960 2483 1051 2554 οὕτω

77 2585 183 2657 ταῦθ’
211 2592 418 2678 ἱστοροῦσιν·
449 2591 555 2678 ἕτεροι
580 2587 619 2657 δὲ
644 2593 812 2677 σφαγῆναι
836 2587 898 2676 μὲν
917 2588 1060 2674 λέγουσι

78 2687 140 2758 τόν
160 2696 368 2777 Στιλίχυνα,
393 2684 649 2778 ἀπεχθάνεσθαι
673 2689 711 2758 δὲ
727 2688 807 2770 τούς
826 2693 862 2759 ἐν
880 2695 922 2778 τῆ
943 2687 1051 2778 Ῥώμη

27 2795 128 2882 εῠτῷ
150 2787 317 2884 Ὁνωρίςο,
343 2791 400 2860 ααὶ
422 2789 484 2860 τόν
507 2799 556 2871 εἰς
576 2789 756 2878 Ῥάβενναν
781 2787 1051 2878 μετοικῆσασθαι.

76 2889 141 2961 τόν
165 2891 203 2960 δὲ
218 2889 414 2981 Ἀλλάριχον
437 2889 497 2979 τῆς
516 2890 710 2980 ἀβελτερίας
729 2893 860 2968 ἐκείνου
878 2915 1051 2978 καταφρο-

77 2991 231 3080 νῆσαντα
249 2996 502 3084 ἐπιστρατεῦσαι
516 2997 559 3082 τῆ
574 2991 693 3082 Ῥόμη,
707 2991 763 3060 καὶ
777 2989 904 3078 ταύτην
918 2999 1051 3079 πολιορ-
1103 2995 1105 3000 ’

77 3100 139 3184 κία
164 3095 266 3162 ἑλεῖν·
303 3092 448 3182 ἀλοόσης
473 3095 709 3181 δδνέπιστῆναι
732 3096 780 3185 τῷ
805 3089 955 3184 Ὁνωρίςο
979 3088 1053 3159 τινά

78 3195 345 3285 δεδακρυμένον,
364 3186 617 3286 ἀπαγγέλλοντα
637 3192 682 3275 ὣς
701 3193 788 3263 ἕάλαι
805 3189 873 3262 ὑπὸ
889 3189 1048 3282 Ἀλλαρί-
1060 3221 1082 3272 p
1087 3222 1156 3276 1140

25 3325 66 3366 εο
79 3321 144 3386 χου
162 3295 313 3385 ῆῬοόμη.
349 3291 411 3366 τόν
435 3297 473 3366 δὲ
498 3293 584 3385 πρός
601 3295 664 3385 τῆν
681 3292 846 3383 ἀγγελίαν
862 3302 1052 3381 συγαλονη-
1064 3291 1089 3340 A

79 3398 188 3466 θέντα
205 3403 348 3491 σπασμῷ
365 3396 403 3468 τό
422 3403 519 3486 σῶμα
532 3399 589 3466 καὶ
601 3397 648 3466 τι)
661 3395 757 3486 μηροδ
771 3395 964 3479 πατάξαντα
977 3410 1055 3465 ταῖνΙ
1096 3419 1099 3426 ‘

82 3515 198 3590 χεροῖν
215 3499 320 3588 φάναι
334 3497 421 3580 ’Ἔτος
435 3497 517 3590 ἀρτι,
528 3491 593 3570 οἶδε
606 3489 684 3588 ῆνῆ
701 3497 818 3588 Ῥόμη,
833 3501 904 3580 πός
918 3489 981 3568 οάν
997 3497 1053 3567 ἑά-
