2558 3820
203 160 267 226 338
514 117 647 216 τισιν.
666 159 744 212 ονε.
758 158 866 208 xxm..

204 306 319 372 οἴκαδε
338 307 476 390 ἔφυγον.
520 294 605 370 ὅθεν
621 300 678 368 καὶ
695 301 731 368 οί
746 301 783 367 ἐν
806 303 854 390 τῷ
878 305 979 385 τείχει
996 305 1176 385 Κορίνθιοι

205 399 332 485 πάντας
349 400 558 472 ἀπολωλέναι
576 406 773 488 νομίσαντες
797 400 949 482 ἐξέλιπον
971 397 1034 486 τήν
1059 395 1173 469 πόλιν·

206 507 262 576 καὶ
279 503 383 593 κενήν
397 497 503 592 αὐτήν
516 499 655 590 ἀνδροῖν
672 499 691 572 ὁ
705 499 861 590 Μόμμιος
880 507 988 587 ἔλαβε.
1021 502 1077 570 καὶ
1093 499 1176 588 μετά

204 611 309 676 ταῦτα
333 599 509 686 κάκείνους
537 605 593 676 καὶ
617 601 694 684 ταάς
719 599 840 684 ἀλλους
856 597 1018 690 Ἕλληνας
1041 599 1176 682 ἀπόνως

206 703 479 798 προσεποιήσατο,
515 707 573 776 καὶ
590 703 664 774 τότε
681 703 744 793 μέν
760 700 801 773 τά
824 730 860 773 τε
877 699 964 774 ὅπλα
989 699 1102 774 αὐτῶν
1119 706 1204 796 καλε

206 806 270 880 ὅσα
287 806 372 899 πρός
396 821 466 888 τοῖς
485 811 587 897 ίερολς
604 801 775 877 ἀνέκειντο
799 805 856 874 καί
879 801 957 888 τούς
974 801 1178 892 ἀνδριάντας

206 909 265 992 τάς
295 937 331 980 τε
354 907 487 1000 γραφάς
516 910 572 980 καί
598 917 632 980 τί
651 935 684 978 τι
709 903 791 978 ἀλλο
821 903 905 997 πρός
935 903 1063 995 κόσμον
1087 904 1179 996 εἶχον

104 1017 422 1102 ΚΙΙ118παρείλετο,
454 1011 680 1104 πεμφθέντων
709 1012 747 1079 δέ
768 1012 804 1077 οί
827 1013 887 1078 τοῦ
917 1035 954 1078 τε
976 1003 1099 1096 πατρὸς
1121 1010 1177 1076 καὶ

116 1126 212 1179 Ρ1471
230 1109 343 1184 ἀλλων
361 1113 415 1182 ἐπὶ
433 1109 631 1184 καταστάσει
644 1113 712 1182 των
729 1107 898 1197 ἁλόντων,
914 1117 1006 1200 τείχη
1023 1111 1061 1178 τέ
1074 1135 1180 1180 τινων

207 1223 355 1306 περιεῖλε
371 1215 429 1284 καὶ
443 1215 645 1302 ἐλευθέρους
662 1209 788 1293 πάντας
801 1213 857 1282 καὶ
871 1207 1076 1300 αὐτονόμους
1088 1209 1180 1298 πλήν
1195 1242 1218 1282 ιο

208 1319 276 1388 τῶν
298 1321 496 1404 Κορινθίων
520 1310 639 1404 ἀφῆκε,
688 1317 746 1402 τής
777 1313 815 1384 δὲ
843 1319 1015 1402 Κορίνθου
1041 1309 1119 1394 τοός
1143 1339 1181 1380 τε

208 1415 382 1508 οἰκήτορας
400 1416 542 1491 ἀπέδοτο
559 1418 618 1486 καί
633 1411 697 1504 τήν
714 1412 827 1505 χάραν
844 1417 1067 1503 ἐδημοσίωσε,
1085 1411 1126 1482 τά
1143 1440 1180 1482 τε

208 1526 301 1609 τείχη
326 1520 382 1592 καὶ
405 1515 446 1589 τά
470 1514 555 1591 ἀλλα
577 1514 825 1606 οἰκοδομήματα
848 1513 957 1586 πάντα
980 1517 1180 1601 κατέσκαψε,

210 1621 376 1710 φοβηθεὶς
400 1617 445 1707 μή
473 1621 529 1690 καί
552 1608 653 1700 αὖθις
676 1618 765 1700 τινές
788 1613 871 1706 πρός
889 1616 994 1706 αάτήν
1017 1611 1072 1688 οἷα
1088 1623 1181 1706 μεγί-

211 1743 294 1810 στην
311 1727 488 1790 συστάσιν.
526 1725 583 1790 ἵνα
602 1721 639 1790 δέ
656 1717 738 1810 μήτε
755 1748 802 1800 τις
828 1722 966 1790 ἐκείνων
983 1715 1073 1810 λα’θη
1097 1716 1181 1807 μήτε
1196 1748 1221 1788 ιε

211 1825 279 1892 των
298 1824 425 1894 λοιπῶν
438 1849 488 1904 τις
500 1819 669 1912 Ἑλλήνων
686 1825 803 1912 πραθή
815 1818 862 1902 ἀς
879 1827 1076 1910 Κορίνθιος,
1096 1843 1183 1890 συν·

213 1921 369 2014 εκόλεσε,
400 1923 482 2012 πρὶν
511 1925 652 2013 ἐκφήναι
680 1921 717 1996 τὸ
747 1925 920 2012 ποιητέου,
951 1918 1078 2003 πάντας
1102 1921 1181 2002 τοὺς

212 2022 397 2116 παρόντας,
423 2025 479 2095 καί
498 2021 619 2106 αάτοδς
637 2019 775 2114 ἀφανεῖς
792 2051 863 2106 πως
880 2037 948 2106 τοίς
966 2021 1182 2113 στρατιώταις

212 2125 506 2216 ἐχκυκλωσάμενος
525 2125 664 2219 ἐκήρυξε
678 2123 744 2215 τήν
760 2154 796 2196 τε
819 2128 888 2196 τάν
911 2121 1023 2196 ἀλλων
1042 2125 1182 2196 έλενθε-

212 2235 289 2318 ρίαν
320 2231 376 2303 καί
410 2226 474 2316 τήν
504 2233 575 2298 τεόν
611 2234 804 2318 Κορινθίων
838 2224 1015 2299 δούλωσιν.
1064 2231 1182 2295 ἔπειτα
1196 2253 1223 2294 το

153 2379 154 2384 1
212 2333 392 2419 προσέταξε
410 2333 492 2400 πᾶσι
515 2333 585 2400 τοῖν
602 2327 859 2420 παρεστηκότων
882 2334 980 2416 σφίσι
1003 2331 1183 2415 λαβέσθαι,

179 2433 269 2502 Βκαί
286 2427 375 2502 οὕτω
393 2433 485 2520 σαφή
502 2431 564 2518 τήν
582 2427 751 2520 διάκρισιν
768 2428 882 2501 αὐταῖν
900 2425 1086 2518 ἐποιήσατο.

117 2529 120 2537 ’
289 2533 357 2602 Καὶ
375 2529 396 2619 ή
412 2530 476 2621 μέν
488 2529 659 2622 Κόρινθος
672 2527 778 2616 οὕτως
790 2527 975 2614 ἀνάστατος
991 2531 1126 2618 γέγονε,
1144 2530 1184 2600 τὸ

214 2629 246 2703 δ’
267 2629 349 2704 ἀλλο
362 2631 555 2723 Ἑλληνικὸν
572 2638 772 2724 παραχρῆμα
796 2633 859 2723 μέν
876 2633 932 2704 καὶ
956 2647 1101 2720 σφαγαῖς
1125 2634 1184 2700 καὶ

212 2731 390 2824 χρημάτων
408 2737 561 2824 ἐκλογαῖς
578 2734 752 2825 ἐκακώθη,
771 2743 884 2808 ἔπειτα
902 2740 940 2805 έν
956 2761 993 2806 τε
1009 2729 1107 2826 ἀδεία
1125 2734 1183 2804 κοιλ
1196 2761 1226 2802 τε

213 2841 250 2908 ἐν
269 2834 468 2930 εὐδαιμονίᾳ
491 2835 636 2928 τοσαύτη
660 2838 790 2926 ἐγένετο
815 2831 901 2908 ὥστε
924 2832 1125 2924 λέγεινὸτι,
1154 2841 1185 2906 εί

212 2938 257 3029 μή
275 2941 403 3010 θᾶττον
421 2935 644 3028 ἑαλάκεισαν,
662 2936 726 3011 οὐκ
742 2933 786 3010 ἀν
804 2939 977 3009 ἐσέσωντο.

284 3037 326 3112 Ἡ
340 3040 403 3130 μέν
420 3029 483 3112 οάυ
500 3035 730 3131 Καρχηδιδυή
751 3067 787 3112 τε
803 3037 974 3129 Κόρινθος
991 3043 1028 3108 αί
1049 3034 1185 3127 ἀρχαῖαι

214 3144 340 3211 ἐκεῖναι
365 3145 464 3218 τοῦτο
493 3145 586 3224 τέλος
616 3137 683 3232 ἅμα
714 3145 829 3232 ἔσχον,
861 3137 971 3235 χρόνῳ
1002 3139 1041 3212 δέ
1069 3141 1186 3232 πολλῷ

214 3236 356 3329 ὕστερον
369 3239 529 3313 ἀποικίαν
542 3237 710 3334 Ῥωμαίων
725 3246 888 3332 λαβοῦσαι
905 3239 1063 3332 ήυθηστν
1078 3231 1186 3323 αὖθις
1199 3269 1227 3312 εο

214 3339 271 3406 καὶ
290 3346 336 3420 εἰς
355 3341 417 3429 τήν
434 3340 581 3414 παλαιάν
599 3347 794 3434 έπανήλθου
811 3340 1021 3416 κατάστασιν.

296 3437 344 3508 Τά
360 3441 422 3528 μέν
446 3433 509 3513 οὖν
530 3446 626 3533 μέχρι
649 3451 749 3518 τοῦδε
771 3447 988 3539 πεπραγμένα
1000 3439 1185 3534 Ῥωμαίοις,
