2586 3800
197 157 242 221 26
523 156 844 210 mnfflfflL

198 293 263 368 ούκ
286 293 505 385 ἐπιτηδεύσει.
553 294 611 378 τάς
634 301 718 384 γοῦν
742 297 931 386 θυγατέρας
955 292 1168 386 κατηγγύησε

198 399 262 487 τὴν
279 399 341 488 μέν
355 405 490 492 Λευκίω
504 395 634 491 Ἰουνίφ
649 400 796 491 Σιλανῷ,
814 394 877 485 τὴν
895 397 933 465 δέ
945 404 1059 491 Γναίῳ
1075 408 1167 487 Πομ·

200 507 289 594 πηίφ
308 497 449 592 Μάγνῳ,
492 501 548 568 καί
573 495 675 570 ούδλν
691 497 879 589 ὑπέρογκον
896 501 1057 588 έπραξεν,
1081 497 1168 570 ἀλλά

201 601 257 670 καλ
281 597 381 681 αὐτὸς
407 603 443 671 έν
465 615 537 682 ταῖς
561 597 696 689 ἡμέραις
721 604 864 681 ἐκείναις
893 603 1028 670 ἐδίκασε
1058 601 1115 670 καὶ
1144 599 1165 690 ἡ

202 702 307 790 βουλὴ
336 699 517 791 ἠθροίσθη.
562 699 665 772 ταῦτά
693 728 729 772 τε
751 691 815 772 οὖν
839 704 990 782 ἐπιεικῶς
1013 708 1193 790 ἔπραττε,ε

165 805 258 874 (ῖκαλ
281 805 349 873 τοῖν
372 801 510 873 ὑπάτων
534 805 639 895 ἐντῷ
662 807 830 896 συνεδρίῳ
855 799 1073 891 καταβάντων
1100 799 1165 874 ἀπό

200 908 269 974 ταῖν
293 910 443 995 δίφρων,
467 909 524 974 ἵνα
548 909 770 992 διαλεχθῶσιν
788 899 896 996 αύτῷ,
921 905 1166 992 προσεξαυέστη
1291 981 1292 984 ¹

200 1033 237 1076 τε
261 1007 318 1075 καὶ
340 1003 589 1094 ἀντιπροσῆλθε
613 1011 739 1094 σφίσιν.
787 1010 961 1086 ἰδιωτικῶς
983 1031 1020 1074 τε
1043 1012 1095 1093 έζη
1119 1004 1167 1086 ὡς

200 1107 240 1177 τδι
263 1105 368 1177 πολλά
394 1109 449 1178 καλ
474 1109 654 1196 ἑλληνικῶς
672 1103 773 1188 αὐτός
791 1132 827 1176 τε
844 1108 900 1176 καὶ
916 1111 953 1175 οί
967 1108 1044 1197 περὶ
1061 1103 1166 1177 αὐτὸν

201 1213 373 1300 διῃτῶντο.
1125 1266 1128 1272 ,
1180 1237 1206 1276 ιο

277 1312 364 1398 Περλ
387 1308 427 1378 τά
453 1306 602 1399 χρήματα
627 1308 662 1378 δέ
686 1305 880 1398 θαυμαστὸς
906 1308 1046 1395 ἐγένετο.
1081 1302 1166 1396 ἀπη-

200 1408 343 1500 γόρευσε
367 1408 431 1499 γάρ
455 1406 618 1500 ἀργύριον
645 1404 735 1504 αύτῷ
760 1409 1029 1499 προσφέρεσθαι,
1064 1405 1084 1478 δ
1109 1411 1166 1480 καὶ

202 1513 255 1581 ἐπὶ
275 1515 332 1581 τοῦ
350 1507 551 1598 Αὐγούστου
570 1513 705 1598 ἐγίνετο.
750 1507 872 1582 ἀπεῖπε
891 1511 928 1579 δέ
944 1510 1030 1599 μηδέ
1048 1520 1166 1600 κληρο-

199 1611 300 1701 νόμος
323 1609 413 1700 παρά
437 1638 527 1692 τινος
556 1627 730 1699 συγγενεῖς
760 1619 894 1702 ἔχοντας
923 1610 1166 1700 καταλιμπάνε-

201 1724 292 1782 σθαι.
327 1713 383 1782 καλ
400 1717 470 1782 τῶν
487 1713 793 1802 προδημευθέντων
812 1715 869 1783 ἐπί
880 1740 915 1783 τε
928 1718 988 1784 τοῦ
1000 1719 1165 1812 ΙΤιβερίου
1179 1740 1205 1780 ιι

201 1815 256 1882 καλ
270 1815 332 1881 τού
345 1820 451 1884 Γαίου
465 1810 505 1883 τά
522 1814 585 1902 μέν
602 1813 715 1896 αὐτοῖς
734 1820 781 1884 έτι
799 1816 963 1904 περιούσι,
981 1813 1021 1883 τά
1040 1814 1079 1884 δέ
1096 1829 1165 1898 τοῖς

200 1915 328 1996 τέκνοις
346 1911 457 1984 αὐτόν
470 1915 639 1986 ἀπέδωκε·
667 1917 723 1985 καλ
736 1923 871 1996 πολλοῖς
884 1912 973 2004 παρὰ
986 1918 1046 1986 τοῦ
1059 1923 1165 1986 Γαΐου

164 2027 168 2034 “
200 2012 258 2096 τάς
282 2017 443 2104 σφετέρας
468 2014 570 2106 ἀρχάς
594 2019 649 2088 καὶ
673 2015 781 2106 χώρας
805 2013 1041 2106 ἀφαιρεθεῖσιν
1064 2012 1166 2098 αύτδς
1290 2055 1292 2070 ·

166 2105 303 2198 Βαύθις
327 2115 569 2188 ἐπανεσύσατο.
605 2120 661 2188 καὶ
684 2114 927 2188 ἄλλατοιαῦτα
950 2123 1031 2207 ἔργα
1054 2114 1162 2206 εἰργοί-

201 2235 298 2307 σατο,
323 2216 366 2289 δι’
387 2214 409 2287 ά
427 2221 590 2308 ἐπῃνεῖτο.
635 2216 701 2290 ύπὸ
721 2219 758 2288 δέ
776 2223 844 2288 τῶν
862 2219 1084 2308 ἐξελευθέρων
1101 2211 1161 2287 αὖ·
1176 2243 1205 2286 20

145 2389 149 2396 x
200 2323 260 2389 τού
290 2321 346 2390 καλ
374 2322 432 2405 τῆς
456 2320 615 2406 γυναικὸς
638 2326 801 2408 Βαλερίας
825 2325 1040 2408 Μεσσαλίνης
1067 2319 1165 2407 ἔτερα

202 2417 354 2510 ἐπράχθη
371 2417 432 2508 οὐχ
448 2417 656 2510 ὁμοιότροπα.
699 2427 797 2509 λιμοῦ
822 2422 934 2509 μέντοι
953 2424 1093 2510 ίσχυρού
1110 2445 1165 2508 γε·

200 2521 344 2606 νομένου
366 2517 407 2588 οὐ
430 2517 536 2608 μόνον
562 2523 620 2609 της
650 2518 723 2592 τότε
751 2517 922 2609 ἀφθονίας
954 2519 1165 2612 ἐφρόντισεν,

98 2613 314 2692 εκΠιεεάλλά
337 2623 392 2690 καλ
415 2625 472 2708 τῆς
499 2622 672 2693 είσέπειτα.
722 2618 918 2693 ἐπεισάκτου
946 2619 1009 2712 γάρ
1041 2620 1166 2703 παντὸς

200 2717 320 2810 σχεδόν
342 2725 403 2791 τού
426 2728 522 2792 σίτου
547 2737 616 2805 τοῖς
638 2717 805 2811 Ῥωμαίοις
831 2719 944 2811 όντος,
976 2720 997 2810 ᾗ
1024 2719 1117 2812 χύρα
1142 2717 1205 2811 ἦτε

199 2819 283 2914 πρός
311 2833 383 2906 ταῖς
414 2827 566 2912 ἐκβολαῖς
595 2830 654 2896 τού
683 2827 855 2912 Τιβέριδος
883 2821 961 2896 ούτε
989 2822 1172 2914 κατάρσεις

198 2920 360 3012 ἀσφαλεῖς
378 2921 455 2995 οὔτε
473 2927 608 3014 λιμένας
627 2927 835 3013 ἐπιτηδείους
853 2932 974 3014 έχουσα
992 2920 1165 3014 ἀνωφελές

199 3031 296 3114 σφίσι
326 3021 363 3095 τό
390 3023 509 3114 κράτος
531 3032 589 3115 τῆς
611 3022 784 3114 θαλάσσης
808 3030 930 3097 ἐποίει·
971 3023 1074 3097 οὐδέν
1100 3025 1165 3116 γάρ
1285 3095 1288 3122 1

199 3123 282 3195 κατά
299 3123 361 3214 τὴν
379 3126 569 3217 χειμερινὴν
587 3123 679 3218 οδραυ
694 3123 843 3215 ἠδύνατο
857 3133 1038 3216 είσφοιτάν.
1066 3131 1165 3198 τοῦτο

199 3215 263 3294 ούυ
287 3226 436 3298 συνιδοδν
460 3231 594 3320 λιμένας
616 3255 652 3298 τε
670 3226 892 3300 κατεσκεύασε
909 3230 966 3298 καὶ
983 3223 1164 3301 ἀπετέλεσε
1178 3253 1206 3294 εο

199 3329 334 3412 πρᾶγμα
358 3329 413 3395 καὶ
437 3333 496 3397 τοῦ
520 3326 730 3418 φρονήματος
753 3332 809 3400 καὶ
832 3333 892 3401 τού
916 3331 1082 3418 μεγέθους
1104 3336 1165 3417 τῆς

99 3418 317 3511 ΡΙυεεῬύμης
334 3423 435 3518 ἀξιον.
474 3429 510 3498 ἐν
527 3431 608 3498 πᾶσι
623 3429 660 3500 δέ
673 3429 867 3521 μετριάζων,
885 3429 963 3502 οὔτε
977 3431 1166 3520 γεννηθέν-
