2566 3800
208 173 272 240 202
529 173 600 224 mn.
619 173 695 226 xm.
715 171 793 224 οεε.
812 169 861 223 11.

208 317 378 406 εἴρξοντας
396 312 458 402 τὴν
470 310 661 402 ἀναίρεσιν·
680 309 741 393 οὒς
755 306 936 381 ἀνέπεισαν
950 315 985 380 ολ
999 315 1047 402 τῷ
1057 310 1176 404 Γάλλςο

209 421 463 508 ἐχθραίνοντες,
482 416 539 484 καί
557 419 687 504 μᾶλλον
704 411 722 482 ὁ
742 409 903 501 εύνοῦχος
921 407 1096 500 Εὐσέβιος,
1113 411 1177 500 τὴν
1276 425 1278 460 ³

174 525 269 588 Οτού
287 523 511 609 πραιποσίτον
530 517 655 585 διέπων
672 513 782 604 ἀρχὴν
798 515 856 583 καὶ
872 513 1002 602 μεγάλα
1019 511 1110 604 παρὰ
1126 519 1176 607 τῷ

206 625 434 712 Κωνσταντίςο
466 617 672 706 δννάμενος,
703 615 750 706 μὴ
780 615 946 707 πρότερον
976 612 1177 704 ἀπαγγεῖλαι

206 735 276 802 τοῖς
298 720 361 792 τόν
378 717 511 790 Γάλλον
536 721 726 788 ἐνταλθεῖσι
748 731 886 786 κτανεῖν
909 715 972 806 τὴν
1001 714 1202 804 βασιλικὴνε

206 825 421 912 μεταμέλειαν
438 821 522 907 πρὶν
539 817 583 890 ἀν
595 833 711 908 γνοῖεν
729 817 942 910 ἀνῃρημένον
958 817 1018 888 τόν
1036 816 1175 907 ἀνθρω-

208 949 283 995 πον.
318 921 417 1012 δμδν
434 913 500 992 οὖν
517 919 677 1012 ἀνῄρητο.

289 1030 366 1096 Τῶν
389 1024 496 1114 πέραν
523 1021 561 1092 δέ
583 1028 645 1093 τού
659 1020 778 1110 Ῥήνου
795 1021 977 1111 βαρβάρων
994 1034 1067 1102 ταῖς
1085 1029 1177 1092 Γαλ-

208 1133 295 1206 λίαις
319 1124 547 1214 ἐπικειμένων,
575 1125 775 1212 ἐκπέμπεται
800 1121 969 1210 Σιλβανδς
993 1119 1179 1202 ἀνακόύων

208 1225 324 1298 αύτῶν
338 1225 397 1307 τάς
411 1223 530 1317 ὁρμάς,
544 1220 631 1315 ἀνὴρ
644 1221 950 1314 στρατηγικότατος
967 1224 1025 1294 καί
1041 1223 1178 1312 ἀριστος
1192 1252 1217 1292 ιο

207 1328 248 1398 τά
273 1327 424 1418 πολέμια.
461 1333 632 1414 διαβολαῖς
658 1327 697 1396 δὲ
719 1324 793 1396 κατ’
818 1323 927 1396 αύτού
951 1325 1132 1406 πιστεύσας
1159 1323 1178 1396 ὁ

207 1429 378 1518 βασιλεύς,
393 1428 461 1518 εἶχε
477 1427 542 1518 γάρ
562 1432 742 1508 ἐπικλινεῐς
758 1426 819 1508 τάς
835 1425 938 1508 ἀκοάς
956 1426 1039 1517 πρὸς
1058 1431 1179 1515 διαβο-

208 1531 280 1619 λάς,
300 1530 549 1619 ἐβυσσοδόμευε
566 1527 658 1599 δεινὰ
676 1527 761 1598 κατά
777 1535 839 1600 τού
856 1526 993 1618 ἀνδρός.
1031 1525 1052 1599 δ
1069 1528 1180 1616 γνούς

208 1635 348 1721 ἐκεῖνος,
368 1630 451 1722 πρὸς
469 1630 678 1700 ἀποστασίαν
695 1629 866 1716 ἀπέκλινε,
884 1629 948 1700 καλ·
959 1636 1069 1720 σχῆμα
1086 1637 1181 1700 Καί-

209 1753 311 1823 σαρος
332 1736 439 1824 ἑαυτῷ
456 1732 648 1820 περιέθετο·
668 1729 732 1802 οὐκ
751 1732 806 1802 ἐπὶ
823 1729 954 1822 μακρόν
972 1732 1011 1802 δὲ
1027 1737 1069 1821 τῇ
1088 1728 1179 1802 ἀπο-
1193 1758 1219 1800 ιτ

174 1849 199 1900 D
212 1840 333 1926 στασίρι
352 1829 522 1922 ἐχρήσατο.
559 1833 691 1914 σταλεὶς
708 1833 774 1923 γάρ
796 1830 1002 1923 Ούρσικίνος
1020 1835 1103 1920 ἐκεί,
1121 1835 1183 1902 καλ

207 1934 352 2024 χρήμασι
368 1941 437 2005 τῶν
455 1937 586 2006 ἐκείνου
605 1940 819 2026 στρατιωτῶν
838 1962 931 2015 τινας
949 1931 1182 2024 ἀποφθείρας,

208 2031 254 2106 δι’
276 2039 416 2108 ἐκείνων
429 2033 543 2108 ἀνεῖλε
559 2034 620 2106 τόν
634 2033 808 2124 Σιλβοινδν
821 2037 878 2106 καλ
890 2035 952 2125 τὴν
966 2031 1183 2107 ἀποστασίαν

209 2138 407 2210 κατέπαυσε.
459 2145 507 2234 τῷ
532 2141 644 2226 μέντοι
674 2145 919 2231 Κωνσταντίςο-
936 2135 1185 2224 ἀναξενμνύντι

208 2238 275 2310 ἀπδ
301 2246 372 2311 τάν
396 2243 561 2330 ἑσπερίων
589 2240 646 2308 καί
680 2237 849 2309 ἐπανιόντι
873 2237 957 2329 πρὸς
979 2238 1019 2309 τδ
1044 2237 1182 2322 Βνζάν-
1196 2267 1227 2311 εο

206 2369 290 2429 τιον,
310 2345 347 2410 ἐκ
359 2347 428 2410 τῶν
442 2347 588 2430 Περσων
605 2339 761 2431 πρέσβεις
779 2341 856 2431 περὶ
872 2338 910 2410 τό
927 2347 1072 2430 Σίρμιον
1090 2361 1185 2410 συν-

206 2442 401 2531 ηντήκασιν,
423 2443 616 2529 ἐσταλμένοι
639 2441 730 2531 παρά
749 2440 934 2531 Σαποίρου,
954 2437 1189 2524 ἀπαιτοῦντος

207 2541 421 2629 ἀποδοθῆναι
445 2542 591 2632 Πέρσαις
614 2541 676 2630 τὴν
694 2550 963 2632 Μεσοποταμίαν
985 2544 1044 2613 καὶ
1057 2539 1187 2631 Ἀρμε-

207 2649 298 2730 νίαν,
316 2639 364 2712 ἵν’
385 2637 474 2713 οὕτω
492 2640 679 2714 παύσαιντο
689 2641 858 2733 Ῥωμαίοις
875 2644 1071 2735 μαχόμενοι·
1090 2645 1191 2715 ταύ-

208 2772 267 2824 τας
290 2742 356 2834 νάρ
382 2743 442 2826 τάς
473 2743 584 2836 χεόρας
602 2743 769 2816 ἀνέκαθεν
788 2747 825 2816 ἐκ
851 2745 1030 2837 προγόνων
1059 2742 1192 2830 αὐτοῖς
1206 2775 1235 2816 ετ

208 2849 396 2935 διαφέρειν·
416 2852 448 2916 εί
460 2845 492 2916 δ’
508 2844 549 2916 ού
565 2850 727 2935 πείθοιτο,
742 2853 928 2936 δηλοῦντος
941 2853 989 2941 τῷ
1004 2842 1193 2936 αύτοιιρύ-
1275 2783 1277 2936 ἀ

208 2975 280 3037 τορι
296 2945 365 3018 ύπδ
383 2953 431 3042 τῷ
442 2943 535 3038 ’Ἁρει
553 2953 692 3038 δικαστῇ
711 2947 916 3037 ποιήσασθαι
931 2945 994 3038 τὴν
1010 2951 1069 3036 τῆς
1086 2945 1193 3020 ἀπο·

207 3050 336 3130 θέσεως
359 3048 502 3138 ζήτησιν.
546 3048 631 3140 πρὸς
660 3055 768 3120 ταῦτα
799 3047 1049 3121 ἀντεπέστειλεν
1081 3047 1195 3144 αύτῷ

208 3147 479 3232 ὁΚωνστάντιος
506 3151 690 3239 θανμάζειν
719 3157 753 3221 εἰ
775 3150 955 3222 ἐπελάθετο
979 3147 1030 3222 ότι
1047 3150 1198 3242 Πέρσαι

107 3257 201 3314 1³1120
211 3247 409 3321 Μακεδόσιν
424 3252 633 3322 ἐδούλωσαν
644 3253 702 3322 καὶ
714 3251 766 3322 ότι
779 3253 993 3324 Μακεδόνων
1005 3246 1196 3342 Ῥωμαίοις
1211 3285 1240 3326 το

174 3327 447 3436 Αὑποταγέντων
470 3354 527 3422 καὶ
550 3357 585 3422 οί
613 3355 753 3435 ἐκείνοις
783 3350 1002 3436 δουλεύοντες
1031 3351 1197 3442 ὑπήκοοι

203 3442 375 3530 Ῥωμαίοις
394 3455 557 3536 ἐγένοντο.
580 3453 711 3536 τούτοις
729 3453 747 3525 ὁ
763 3455 934 3547 Σαπύρης
947 3461 1195 3545 παροξυνθεὶς
