2566 3812
156 117 220 222 260
486 157 558 210 121ss.
576 157 623 208 με
642 157 721 208 οεε.
740 155 791 212 111

157 293 259 370 ούδλν
290 297 461 388 ἐπέραινε,
492 301 551 386 τῆς
581 297 644 420 μὲν
674 293 802 378 πόλεως
826 291 970 386 ἀπέστη,
1000 295 1063 385 τὴν
1091 298 1128 368 δὲ

157 397 270 490 χώραν
288 404 413 523 ἔκειρε,
437 399 551 490 μέχρις
567 387 620 468 ού
636 394 726 490 μάχη
750 394 832 468 κατά
850 397 886 468 νδ
912 395 1091 520 ίσχνρόν’
1073 427 1128 488 ητ-

157 497 263 590 τήθη,
291 495 344 589 ἐφ’
375 529 400 594 ω
389 490 481 570 καί
504 495 637 589 ἤλγησε.
680 499 854 570 πολλοὶ
818 529 881 590 μεν
903 498 984 624 χάρ
984 495 1127 626 Ἴβηρες,

158 603 274 674 πολλοὶ
301 599 338 672 δὲ
363 603 418 672 καὶ
441 606 509 672 τῶν
532 598 672 696 Λιβύων
702 602 917 690 ἐγκατέλιπον
941 597 1048 673 αύτδν
1072 605 1127 672 καὶ

154 701 243 796 πρός
266 700 343 785 τούς
357 697 539 793 Ρωμαίονς
569 697 870 794 ηύτομόλησαν,“
849 699 986 774 οούπω
1010 703 1153 799 πρῴηνε
1218 725 1223 729 ·

56 820 156 876 P1423
164 813 278 878 ἔπαθε.
315 799 556 896 καταχοούςδ’
577 807 613 876 έκ
630 803 751 878 τούτου
774 806 864 876 καλ“
848 832 969 878 εαντον
954 806 1043 876 καλ
1060 811 1130 876 τῶν

158 912 386 1000 στρατιωτῶν,
412 910 525 977 πᾶσαν
542 909 604 998 τὴν
626 910 692 998 γῆν
710 910 843 996 ἐκείνην
862 909 989 990 ἐξέλιπὲ
1007 908 1063 984 καὶ
1081 913 1129 990 εἰς
1198 991 1201 996 1

157 1009 219 1100 τὴν
237 1007 384 1098 Καπύην
401 1003 629 1100 ἀνεχώρησεν·
658 1007 728 1079 εἶτα
746 1003 906 1083 κάκεῖθεν
927 1010 1076 1099 μετέστη.

101 1181 103 1185 ,
238 1117 282 1183 Oi
299 1110 336 1182 δὲ
354 1119 545 1192 Σκιπίωνες
567 1107 628 1181 τόν
649 1138 686 1181 τε
700 1105 818 1202 Ἴβηρα
842 1108 991 1200 ποταμὸν
1014 1112 1125 1200 διέβη-

158 1237 223 1285 σαν
240 1215 297 1283 καὶ
313 1209 376 1302 τὴν
393 1213 507 1304 χούραν
525 1209 696 1302 έπόρθονν
713 1213 769 1284 καλ
788 1209 901 1294 πόλεις
919 1208 1127 1303 προσήγοντο
1142 1251 1171 1292 ιο

21 1328 24 1334 “
107 1329 109 1336 ⁴
159 1317 215 1388 καὶ
242 1311 300 1386 τόν
328 1312 537 1406 Ἀσδρούβαν
565 1310 620 1386 διὰ
643 1321 749 1386 ταῦτα
777 1317 910 1404 σπονδῇ
942 1311 1128 1387 ἐπελθόντα

157 1415 245 1508 μύχη
265 1420 434 1505 ἐνίκησαν.
471 1419 506 1485 οἱ
520 1413 747 1507 Καρχηδόνιοι
771 1416 810 1488 δὲ
827 1423 931 1489 ταῦτα
948 1413 1128 1507 μαθόντες,

158 1521 215 1590 καὶ
233 1525 430 1608 νομίσαντες
443 1522 598 1600 πλείονος
612 1514 672 1590 τόν
684 1515 894 1608 Ἀσδρούβαν
911 1513 1007 1606 ἣτδν
1022 1512 1128 1590 Ἀννί-

90 1705 92 1713 ⁴
126 1611 143 1664 f
158 1628 225 1709 βαν
250 1624 383 1690 δεῖσθαι
411 1625 588 1708 βοηθείας,
619 1621 676 1690 καὶ
702 1621 911 1710 φοβηθέντες
940 1611 986 1710 μὴ
1010 1621 1066 1690 καί
1094 1623 1128 1704 ἐς

157 1721 219 1810 τὴν
243 1718 377 1810 Λιβύην
407 1725 442 1817 οί
468 1726 658 1804 Σκιπίωνες
691 1727 850 1810 διαβῆναι
881 1719 1127 1814 ἐπιχειρήσωσι,
1141 1755 1174 1796 ιε

156 1827 203 1918 τῷ
233 1823 297 1911 μὲν
325 1817 461 1917 ’Λννίβα
491 1829 654 1914 βραχεῖαν
686 1820 831 1913 δύναμιν
866 1830 1035 1913 ἔπεμψαν,
1066 1821 1129 1914 τὴν

157 1930 317 2012 πλείστην
336 1923 374 1993 δὲ
390 1922 551 2013 μετάτού
567 1922 738 2014 Μάχωνος
757 1931 805 2009 εἰς
832 1923 894 2014 τήν
908 1923 1056 2018 Ἰβηρίαν
1073 1923 1128 1997 τά-

123 2037 254 2118 Βχισια
272 2021 516 2115 ἀπεστάλκασι,
540 2023 758 2110 κελεύσαντες
780 2025 864 2118 μετά
887 2025 949 2117 τὴν
965 2030 1024 2117 τῆς
1043 2024 1128 2118 Ἰβη-

159 2135 233 2220 ρίας
258 2125 463 2200 κατύστασιν
487 2124 547 2199 τόν
571 2128 635 2219 μὲν
659 2129 713 2200 ἐπὶ
737 2136 778 2220 τῇ
808 2132 876 2200 τάν
902 2132 972 2200 ἐκεί
993 2135 1129 2222 φυλακῇ

157 2248 370 2320 καταμεῖναι,
393 2227 455 2300 τόνΙ
472 2231 508 2301 δὲ
522 2225 731 2322 Ἀσδρούβαν
749 2231 803 2302 έπί
819 2230 882 2322 τὴν
901 2228 1045 2302 Ἰταλίαν
1063 2228 1128 2308 σύν
1141 2265 1174 2306 εο

158 2329 301 2422 δννάμει
329 2335 500 2422 σταλῆναι.
535 2327 554 2402 δ
577 2330 715 2420 γνόντες
739 2337 774 2402 οί
795 2337 986 2416 Σκιπίωνες
1010 2328 1125 2405 ούκέτ’

158 2435 414 2556 ἐμαχέσαντο,“
399 2461 455 2504 ινα
472 2431 518 2522 μὴ
536 2432 703 2524 κρατήσας
723 2431 838 2518 ίσωςὸ
853 2431 1061 2528 Ἀσδρούβας
1080 2441 1127 2518 είς

156 2533 220 2622 τὴν
232 2532 374 2604 Ἰταλίαν
389 2529 595 2624 έπειχθῇΫ
570 2563 615 2618 ως
624 2533 723 2606 δέ
688 2565 725 2606 το
743 2564 811 2608 των
823 2533 948 2630 Ρωμαί
947 2564 995 2609 ων
1011 2543 1127 2634 φίλιον

157 2631 301 2706 ε’κάκονν
324 2639 360 2706 οί
384 2633 625 2760 Καρχηδόνιοι,
650 2634 824 2722 Πούπλιος
846 2635 946 2728 μὲν*
931 2636 1050 2729 ομόσε
1057 2653 1128 2722 τοίς

156 2741 405 2828 προσπεσοῦσιν
429 2735 521 2832 αύτῷ
548 2767 617 2810 των
646 2739 809 2822 ἐναντίων
835 2736 983 2861 ἐχώρησέ
1009 2768 1045 2814 τε
1068 2742 1126 2812 καί
1143 2773 1174 2815 εε

157 2835 376 2931 ἐπεκράτησε,
402 2813 581 2924 Γναίόςδὲ
602 2839 681 2925 τούς
697 2838 955 2933 ἀποχωροῦντας
973 2845 1071 2932 σφόν
1090 2845 1128 2914 ἐκ

155 2948 213 3032 τῆς
239 2939 346 3033 μάχης
375 2938 558 3032 ύπολαβων
588 2944 881 3034 προσδιέφθειρεν.
936 2947 973 3014 εἰι
1000 2943 1038 3016 δὲ
1067 2973 1127 3033 της

156 3051 330 3166 συμφορᾶς
354 3040 496 3134 ταύτης,
527 3040 629 3116 καλ“
610 3073 663 3116 οτι
683 3046 740 3116 καὶ
764 3043 880 3142 πόλεις
899 3047 1020 3169 συχναὶ
1043 3045 1128 3136 πρὸς

53 3141 245 3266 ΨΙΙεετρύς
272 3139 451 3235 Ῥωμαίους
474 3153 678 3238 μεθίσταντο
701 3148 758 3218 καὶ
781 3153 850 3220 τῶν
872 3145 1013 3238 Λιβύων
1038 3147 1128 3232 τινες

156 3240 270 3326 αύτοίς
288 3245 565 3338 προσεχώρησαν,
588 3244 734 3320 πλέον
714 3279 735 3339 η
754 3249 951 3322 διενοεῖτοο
966 3243 1127 3378 Ἀσδρού·
1142 3281 1173 3325 εο

58 3382 60 3386 -
122 3351 219 3432 οβας
242 3347 443 3436 κατέμεινεν.
496 3378 514 3420 ο
517 3353 589 3422 ίδέ
613 3358 801 3434 Σκιπίωνες
830 3358 877 3436 είς
900 3349 963 3442 τὴν
982 3341 1127 3424 Ἰταλίαν

157 3440 264 3530 δῦθνς
280 3445 361 3533 τούς
385 3449 685 3546 πρασχωρύσαντιις
710 3459 879 3546 ἔστειλαν,
903 3451 999 3530 αύτολ
1022 3455 1060 3526 δὲ
1083 3451 1128 3526 τά
