<?xml version="1.0" encoding="UTF-8"?>
<!DOCTYPE html PUBLIC "-//W3C//DTD XHTML 1.0 Transitional//EN"
    "http://www.w3.org/TR/xhtml1/DTD/xhtml1-transitional.dtd">
<html xmlns="http://www.w3.org/1999/xhtml" xml:lang="en" lang="en">
 <head>
  <title>
</title>
<meta http-equiv="Content-Type" content="text/html;charset=utf-8" />
  <meta name='ocr-system' content='tesseract 3.04.00' />
  <meta name='ocr-capabilities' content='ocr_page ocr_carea ocr_par ocr_line ocrx_word'/>
</head>
<body>
  <div class='ocr_page' id='page_1' title='image "./iannoutouznapae01canggoog_0733.png"; bbox 0 0 2580 3816; ppageno 0'>
   <div class='ocr_carea' id='block_1_1' title="bbox 186 138 855 204">
    <p class='ocr_par' dir='ltr' id='par_1_1' title="bbox 186 138 855 204">
     <span class='ocr_line' id='line_1_1' title="bbox 186 138 855 204; baseline -0.006 -12"><span class='ocrx_word' id='word_1_1' title='bbox 186 138 250 204; x_wconf 83' lang='grc'><strong><em>248</em></strong></span> <span class='ocrx_word' id='word_1_2' title='bbox 483 139 553 191; x_wconf 90' lang='lat' dir='ltr'>LIB.</span> <span class='ocrx_word' id='word_1_3' title='bbox 573 141 651 192; x_wconf 88' lang='lat' dir='ltr'><strong>XIII.</strong></span> <span class='ocrx_word' id='word_1_4' title='bbox 671 139 750 191; x_wconf 81' lang='lat' dir='ltr'><strong>cAP.</strong></span> <span class='ocrx_word' id='word_1_5' title='bbox 769 139 855 197; x_wconf 71' lang='lat' dir='ltr'>XXV,</span> 
     </span>
    </p>
   </div>
   <div class='ocr_carea' id='block_1_2' title="bbox 88 275 1283 3306">
    <p class='ocr_par' dir='ltr' id='par_1_2' title="bbox 188 275 1282 673">
     <span class='ocr_line' id='line_1_2' title="bbox 188 275 1165 368; baseline -0.002 -18"><span class='ocrx_word' id='word_1_6' title='bbox 188 285 365 368; x_wconf 84' lang='grc' dir='ltr'><strong><em>ξανδρείας</em></strong></span> <span class='ocrx_word' id='word_1_7' title='bbox 391 281 570 359; x_wconf 77' lang='grc' dir='ltr'><strong><em>ἐπίσκοπος</em></strong></span> <span class='ocrx_word' id='word_1_8' title='bbox 596 277 831 368; x_wconf 78' lang='grc' dir='ltr'><strong><em>ἐχειροτονήθη</em></strong></span> <span class='ocrx_word' id='word_1_9' title='bbox 849 279 1051 368; x_wconf 89' lang='grc' dir='ltr'><strong><em>Προτέριος,</em></strong></span> <span class='ocrx_word' id='word_1_10' title='bbox 1075 275 1165 367; x_wconf 82' lang='grc' dir='ltr'><strong><em>ἀνήρ</em></strong></span> 
     </span>
     <span class='ocr_line' id='line_1_3' title="bbox 190 377 1282 470; baseline -0.002 -18"><span class='ocrx_word' id='word_1_11' title='bbox 190 379 367 470; x_wconf 83' lang='grc' dir='ltr'><strong><em>ίερύτατος</em></strong></span> <span class='ocrx_word' id='word_1_12' title='bbox 383 381 441 452; x_wconf 83' lang='grc' dir='ltr'><strong><em>καὶ</em></strong></span> <span class='ocrx_word' id='word_1_13' title='bbox 459 378 735 470; x_wconf 82' lang='grc' dir='ltr'><strong><em>όρθοδοξότατος.</em></strong></span> <span class='ocrx_word' id='word_1_14' title='bbox 759 383 830 449; x_wconf 74' lang='grc' dir='ltr'><strong><em>τοῖν</em></strong></span> <span class='ocrx_word' id='word_1_15' title='bbox 847 379 886 450; x_wconf 69' lang='grc' dir='ltr'><strong><em>δὲ</em></strong></span> <span class='ocrx_word' id='word_1_16' title='bbox 903 385 966 448; x_wconf 86' lang='grc' dir='ltr'><strong><em>τού</em></strong></span> <span class='ocrx_word' id='word_1_17' title='bbox 984 377 1164 468; x_wconf 82' lang='grc' dir='ltr'><strong><em>Εύτυχούς</em></strong></span> <span class='ocrx_word' id='word_1_18' title='bbox 1268 385 1282 460; x_wconf 54' lang='grc'><strong><em>“,</em></strong></span> 
     </span>
     <span class='ocr_line' id='line_1_4' title="bbox 190 479 1163 571; baseline 0.001 -19"><span class='ocrx_word' id='word_1_19' title='bbox 190 483 247 552; x_wconf 86' lang='grc' dir='ltr'><strong><em>καὶ</em></strong></span> <span class='ocrx_word' id='word_1_20' title='bbox 265 481 457 571; x_wconf 89' lang='grc' dir='ltr'><strong><em>Διοσκόρου</em></strong></span> <span class='ocrx_word' id='word_1_21' title='bbox 476 487 545 552; x_wconf 77' lang='grc' dir='ltr'><strong><em>τάν</em></strong></span> <span class='ocrx_word' id='word_1_22' title='bbox 564 485 771 570; x_wconf 74' lang='grc' dir='ltr'><strong><em>αίρεσιωτοῖν</em></strong></span> <span class='ocrx_word' id='word_1_23' title='bbox 784 479 930 570; x_wconf 85' lang='grc' dir='ltr'><strong><em>ἀνάτήν</em></strong></span> <span class='ocrx_word' id='word_1_24' title='bbox 948 480 1047 551; x_wconf 90' lang='grc' dir='ltr'><strong><em>πόλιν</em></strong></span> <span class='ocrx_word' id='word_1_25' title='bbox 1065 502 1163 571; x_wconf 85' lang='grc' dir='ltr'><strong><em>στρε-</em></strong></span> 
     </span>
     <span class='ocr_line' id='line_1_5' title="bbox 189 579 1162 673; baseline -0.001 -20"><span class='ocrx_word' id='word_1_26' title='bbox 189 585 348 673; x_wconf 84' lang='grc' dir='ltr'><strong><em>φομένων</em></strong></span> <span class='ocrx_word' id='word_1_27' title='bbox 372 584 429 654; x_wconf 81' lang='grc' dir='ltr'><strong><em>καὶ</em></strong></span> <span class='ocrx_word' id='word_1_28' title='bbox 456 581 742 672; x_wconf 79' lang='grc' dir='ltr'><strong><em>διαχλευαζόυταν</em></strong></span> <span class='ocrx_word' id='word_1_29' title='bbox 764 581 805 657; x_wconf 87' lang='grc' dir='ltr'><strong><em>τά,</em></strong></span> <span class='ocrx_word' id='word_1_30' title='bbox 830 579 899 653; x_wconf 86' lang='grc' dir='ltr'><strong><em>ύπό</em></strong></span> <span class='ocrx_word' id='word_1_31' title='bbox 914 587 986 671; x_wconf 80' lang='grc' dir='ltr'><strong><em>τῆς</em></strong></span> <span class='ocrx_word' id='word_1_32' title='bbox 1012 581 1162 654; x_wconf 79' lang='grc' dir='ltr'><strong><em>συνόδου</em></strong></span> 
     </span>
    </p>

    <p class='ocr_par' dir='ltr' id='par_1_3' title="bbox 155 681 1283 1989">
     <span class='ocr_line' id='line_1_6' title="bbox 155 681 1193 773; baseline 0 -19"><span class='ocrx_word' id='word_1_33' title='bbox 155 697 177 748; x_wconf 77' lang='lat' dir='ltr'>O</span> <span class='ocrx_word' id='word_1_34' title='bbox 192 686 471 773; x_wconf 83' lang='grc' dir='ltr'><strong><em>δογματισθέντα,</em></strong></span> <span class='ocrx_word' id='word_1_35' title='bbox 489 681 554 754; x_wconf 86' lang='grc' dir='ltr'><strong><em>κάκ</em></strong></span> <span class='ocrx_word' id='word_1_36' title='bbox 571 689 630 772; x_wconf 81' lang='grc' dir='ltr'><strong><em>τῆς</em></strong></span> <span class='ocrx_word' id='word_1_37' title='bbox 643 690 813 772; x_wconf 77' lang='grc' dir='ltr'><strong><em>βασιλικῆς</em></strong></span> <span class='ocrx_word' id='word_1_38' title='bbox 828 689 1030 764; x_wconf 75' lang='grc' dir='ltr'><strong><em>δυναστείας</em></strong></span> <span class='ocrx_word' id='word_1_39' title='bbox 1044 681 1193 772; x_wconf 77' lang='grc' dir='ltr'><strong><em>λεγόν-5</em></strong></span> 
     </span>
     <span class='ocr_line' id='line_1_7' title="bbox 189 782 1167 878; baseline 0.001 -23"><span class='ocrx_word' id='word_1_40' title='bbox 189 812 258 855; x_wconf 86' lang='grc' dir='ltr'><strong><em>των</em></strong></span> <span class='ocrx_word' id='word_1_41' title='bbox 275 784 313 855; x_wconf 85' lang='grc' dir='ltr'><strong><em>τό</em></strong></span> <span class='ocrx_word' id='word_1_42' title='bbox 331 785 451 876; x_wconf 88' lang='grc' dir='ltr'><strong><em>κράτος</em></strong></span> <span class='ocrx_word' id='word_1_43' title='bbox 475 790 519 876; x_wconf 78' lang='grc' dir='ltr'><strong><em>τῇ</em></strong></span> <span class='ocrx_word' id='word_1_44' title='bbox 546 785 683 878; x_wconf 81' lang='grc' dir='ltr'><strong><em>συνύδμ</em></strong></span> <span class='ocrx_word' id='word_1_45' title='bbox 701 799 876 875; x_wconf 80' lang='grc' dir='ltr'><strong><em>περιεῖναι,</em></strong></span> <span class='ocrx_word' id='word_1_46' title='bbox 894 786 952 855; x_wconf 78' lang='grc' dir='ltr'><strong><em>καί</em></strong></span> <span class='ocrx_word' id='word_1_47' title='bbox 968 782 1033 856; x_wconf 87' lang='grc' dir='ltr'><strong><em>ούκ</em></strong></span> <span class='ocrx_word' id='word_1_48' title='bbox 1052 787 1089 854; x_wconf 91' lang='grc' dir='ltr'><strong><em>ἐκ</em></strong></span> <span class='ocrx_word' id='word_1_49' title='bbox 1105 791 1167 874; x_wconf 74' lang='grc' dir='ltr'><strong><em>τῆς</em></strong></span> 
     </span>
     <span class='ocr_line' id='line_1_8' title="bbox 189 885 1167 977; baseline -0.002 -19"><span class='ocrx_word' id='word_1_50' title='bbox 189 885 368 974; x_wconf 89' lang='grc' dir='ltr'><strong><em>ἀληθείας,</em></strong></span> <span class='ocrx_word' id='word_1_51' title='bbox 394 889 451 956; x_wconf 82' lang='grc' dir='ltr'><strong><em>καὶ</em></strong></span> <span class='ocrx_word' id='word_1_52' title='bbox 475 885 538 974; x_wconf 89' lang='grc' dir='ltr'><strong><em>τήν</em></strong></span> <span class='ocrx_word' id='word_1_53' title='bbox 554 892 684 956; x_wconf 79' lang='grc' dir='ltr'><strong><em>οἰκείαν</em></strong></span> <span class='ocrx_word' id='word_1_54' title='bbox 701 892 864 958; x_wconf 85' lang='grc' dir='ltr'><strong><em>σννιστάν</em></strong></span> <span class='ocrx_word' id='word_1_55' title='bbox 881 887 1100 977; x_wconf 81' lang='grc' dir='ltr'><strong><em>πειρωμένων</em></strong></span> <span class='ocrx_word' id='word_1_56' title='bbox 1119 891 1167 956; x_wconf 86' lang='grc' dir='ltr'><strong><em>ἐτι</em></strong></span> 
     </span>
     <span class='ocr_line' id='line_1_9' title="bbox 189 985 1166 1078; baseline 0.001 -21"><span class='ocrx_word' id='word_1_57' title='bbox 189 992 409 1075; x_wconf 77' lang='grc' dir='ltr'><strong><em>κακοδοξίαν,</em></strong></span> <span class='ocrx_word' id='word_1_58' title='bbox 441 985 459 1057; x_wconf 88' lang='grc' dir='ltr'>ὁ</span> <span class='ocrx_word' id='word_1_59' title='bbox 491 987 695 1078; x_wconf 75' lang='grc' dir='ltr'><strong><em>πατριάρχης</em></strong></span> <span class='ocrx_word' id='word_1_60' title='bbox 722 985 915 1070; x_wconf 88' lang='grc' dir='ltr'><strong><em>Ἀνατόλιος</em></strong></span> <span class='ocrx_word' id='word_1_61' title='bbox 946 991 1166 1076; x_wconf 69' lang='grc' dir='ltr'><strong><em>ἐκκλησιάσας</em></strong></span> 
     </span>
     <span class='ocr_line' id='line_1_10' title="bbox 189 1085 1283 1184; baseline -0.001 -25"><span class='ocrx_word' id='word_1_62' title='bbox 189 1089 270 1170; x_wconf 91' lang='grc' dir='ltr'><strong><em>τούς</em></strong></span> <span class='ocrx_word' id='word_1_63' title='bbox 293 1115 328 1158; x_wconf 86' lang='grc' dir='ltr'><strong><em>τε</em></strong></span> <span class='ocrx_word' id='word_1_64' title='bbox 352 1085 446 1184; x_wconf 75' lang='grc' dir='ltr'><strong><em>αύτῷ</em></strong></span> <span class='ocrx_word' id='word_1_65' title='bbox 471 1086 711 1178; x_wconf 74' lang='grc' dir='ltr'><strong><em>ὁμογνώμονας</em></strong></span> <span class='ocrx_word' id='word_1_66' title='bbox 736 1091 792 1158; x_wconf 80' lang='grc' dir='ltr'><strong><em>καὶ</em></strong></span> <span class='ocrx_word' id='word_1_67' title='bbox 809 1088 889 1171; x_wconf 86' lang='grc' dir='ltr'><strong><em>τούς</em></strong></span> <span class='ocrx_word' id='word_1_68' title='bbox 907 1086 1167 1174; x_wconf 76' lang='grc' dir='ltr'><strong><em>ἀντιδοξοῦντας</em></strong></span> <span class='ocrx_word' id='word_1_69' title='bbox 1281 1159 1283 1184; x_wconf 38' lang='lat'>2</span> 
     </span>
     <span class='ocr_line' id='line_1_11' title="bbox 191 1188 1283 1279; baseline 0.002 -19"><span class='ocrx_word' id='word_1_70' title='bbox 191 1196 255 1278; x_wconf 84' lang='grc' dir='ltr'><strong><em>ἐφη</em></strong></span> <span class='ocrx_word' id='word_1_71' title='bbox 274 1189 358 1278; x_wconf 87' lang='grc' dir='ltr'><strong><em>πρός</em></strong></span> <span class='ocrx_word' id='word_1_72' title='bbox 376 1189 456 1272; x_wconf 87' lang='grc' dir='ltr'><strong><em>τούς</em></strong></span> <span class='ocrx_word' id='word_1_73' title='bbox 471 1193 647 1272; x_wconf 76' lang='grc' dir='ltr'><strong><em>ἐναντίους</em></strong></span> <span class='ocrx_word' id='word_1_74' title='bbox 659 1188 755 1268; x_wconf 80' lang='grc' dir='ltr'><strong><em>“έπελ</em></strong></span> <span class='ocrx_word' id='word_1_75' title='bbox 777 1197 826 1261; x_wconf 86' lang='grc' dir='ltr'><strong><em>ἐτι</em></strong></span> <span class='ocrx_word' id='word_1_76' title='bbox 844 1195 904 1279; x_wconf 79' lang='grc' dir='ltr'><strong><em>τῆς</em></strong></span> <span class='ocrx_word' id='word_1_77' title='bbox 921 1197 1047 1272; x_wconf 81' lang='grc' dir='ltr'><strong><em>οἰκείας</em></strong></span> <span class='ocrx_word' id='word_1_78' title='bbox 1065 1191 1166 1279; x_wconf 78' lang='grc' dir='ltr'><strong><em>δόξης</em></strong></span> <span class='ocrx_word' id='word_1_79' title='bbox 1181 1211 1208 1252; x_wconf 78' lang='lat'><strong><em>1⁰</em></strong></span> <span class='ocrx_word' id='word_1_80' title='bbox 1282 1195 1283 1202; x_wconf 56' lang='lat'><em>&#39;</em></span> 
     </span>
     <span class='ocr_line' id='line_1_12' title="bbox 191 1289 1166 1382; baseline 0.002 -22"><span class='ocrx_word' id='word_1_81' title='bbox 191 1289 375 1380; x_wconf 76' lang='grc' dir='ltr'><strong><em>ἀντέχεσθε</em></strong></span> <span class='ocrx_word' id='word_1_82' title='bbox 393 1293 450 1361; x_wconf 83' lang='grc' dir='ltr'><strong><em>καὶ</em></strong></span> <span class='ocrx_word' id='word_1_83' title='bbox 467 1290 508 1361; x_wconf 87' lang='grc' dir='ltr'><strong><em>ού</em></strong></span> <span class='ocrx_word' id='word_1_84' title='bbox 527 1299 692 1362; x_wconf 77' lang='grc' dir='ltr'><strong><em>πείθεσθε</em></strong></span> <span class='ocrx_word' id='word_1_85' title='bbox 707 1290 754 1380; x_wconf 84' lang='grc' dir='ltr'><strong><em>μή</em></strong></span> <span class='ocrx_word' id='word_1_86' title='bbox 771 1291 919 1376; x_wconf 73' lang='grc' dir='ltr'><strong><em>δοξάζειν</em></strong></span> <span class='ocrx_word' id='word_1_87' title='bbox 936 1290 1062 1382; x_wconf 73' lang='grc' dir='ltr'><strong><em>ὀρθῶς,</em></strong></span> <span class='ocrx_word' id='word_1_88' title='bbox 1087 1289 1166 1362; x_wconf 90' lang='grc' dir='ltr'><strong><em>ἀλλ’</em></strong></span> 
     </span>
     <span class='ocr_line' id='line_1_13' title="bbox 192 1391 1166 1484; baseline 0.002 -22"><span class='ocrx_word' id='word_1_89' title='bbox 192 1398 348 1464; x_wconf 82' lang='grc' dir='ltr'><strong><em>αἰτιᾶσθε</em></strong></span> <span class='ocrx_word' id='word_1_90' title='bbox 361 1391 449 1483; x_wconf 82' lang='grc' dir='ltr'><strong><em>ἡμᾶς</em></strong></span> <span class='ocrx_word' id='word_1_91' title='bbox 464 1391 508 1474; x_wconf 76' lang='grc' dir='ltr'><strong><em>ὥς</em></strong></span> <span class='ocrx_word' id='word_1_92' title='bbox 521 1391 559 1462; x_wconf 86' lang='grc' dir='ltr'><strong><em>τό</em></strong></span> <span class='ocrx_word' id='word_1_93' title='bbox 569 1399 760 1483; x_wconf 88' lang='grc' dir='ltr'><strong><em>Νεστορίου</em></strong></span> <span class='ocrx_word' id='word_1_94' title='bbox 774 1396 1067 1484; x_wconf 81' lang='grc' dir='ltr'><strong><em>παραδεχομένους</em></strong></span> <span class='ocrx_word' id='word_1_95' title='bbox 1079 1393 1166 1480; x_wconf 80' lang='grc' dir='ltr'><strong><em>δόχ-</em></strong></span> 
     </span>
     <span class='ocr_line' id='line_1_14' title="bbox 191 1485 1163 1584; baseline 0.002 -22"><span class='ocrx_word' id='word_1_96' title='bbox 191 1522 249 1584; x_wconf 91' lang='grc' dir='ltr'><strong><em>μα,</em></strong></span> <span class='ocrx_word' id='word_1_97' title='bbox 279 1494 343 1563; x_wconf 93' lang='grc' dir='ltr'><strong><em>δύο</em></strong></span> <span class='ocrx_word' id='word_1_98' title='bbox 369 1494 487 1583; x_wconf 83' lang='grc' dir='ltr'><strong><em>φύσεις</em></strong></span> <span class='ocrx_word' id='word_1_99' title='bbox 513 1485 567 1564; x_wconf 78' lang='grc' dir='ltr'><strong><em>ἐπὶ</em></strong></span> <span class='ocrx_word' id='word_1_100' title='bbox 583 1501 646 1564; x_wconf 86' lang='grc' dir='ltr'><strong><em>τού</em></strong></span> <span class='ocrx_word' id='word_1_101' title='bbox 664 1499 812 1582; x_wconf 83' lang='grc' dir='ltr'><strong><em>σωτῆρος</em></strong></span> <span class='ocrx_word' id='word_1_102' title='bbox 829 1494 1066 1584; x_wconf 79' lang='grc' dir='ltr'><strong><em>κηρύττοντος,</em></strong></span> <span class='ocrx_word' id='word_1_103' title='bbox 1083 1496 1163 1564; x_wconf 86' lang='grc' dir='ltr'><strong><em>ἕκα-</em></strong></span> 
     </span>
     <span class='ocr_line' id='line_1_15' title="bbox 192 1593 1168 1686; baseline 0.003 -23"><span class='ocrx_word' id='word_1_104' title='bbox 192 1595 291 1682; x_wconf 83' lang='grc' dir='ltr'><strong><em>τέρας</em></strong></span> <span class='ocrx_word' id='word_1_105' title='bbox 315 1595 478 1684; x_wconf 88' lang='grc' dir='ltr'><strong><em>τηρούσης</em></strong></span> <span class='ocrx_word' id='word_1_106' title='bbox 502 1594 715 1684; x_wconf 75' lang='grc' dir='ltr'><strong><em>ἀσυγχύτους</em></strong></span> <span class='ocrx_word' id='word_1_107' title='bbox 739 1593 799 1678; x_wconf 85' lang='grc' dir='ltr'><strong><em>τάς</em></strong></span> <span class='ocrx_word' id='word_1_108' title='bbox 828 1593 1006 1684; x_wconf 89' lang='grc' dir='ltr'><strong><em>ίδιύτητας,</em></strong></span> <span class='ocrx_word' id='word_1_109' title='bbox 1032 1599 1168 1686; x_wconf 85' lang='grc' dir='ltr'><strong><em>ἐπιτρε-</em></strong></span> 
     </span>
     <span class='ocr_line' id='line_1_16' title="bbox 192 1695 1209 1789; baseline 0.001 -24"><span class='ocrx_word' id='word_1_110' title='bbox 192 1697 311 1782; x_wconf 86' lang='grc' dir='ltr'><strong><em>πτέον,</em></strong></span> <span class='ocrx_word' id='word_1_111' title='bbox 331 1701 364 1765; x_wconf 87' lang='grc' dir='ltr'><strong><em>εί</em></strong></span> <span class='ocrx_word' id='word_1_112' title='bbox 379 1701 491 1782; x_wconf 84' lang='grc' dir='ltr'><strong><em>δοκεῖ,</em></strong></span> <span class='ocrx_word' id='word_1_113' title='bbox 515 1703 563 1788; x_wconf 75' lang='grc' dir='ltr'><strong><em>τῷ</em></strong></span> <span class='ocrx_word' id='word_1_114' title='bbox 580 1703 653 1789; x_wconf 75' lang='grc' dir='ltr'><strong><em>θεῷ</em></strong></span> <span class='ocrx_word' id='word_1_115' title='bbox 671 1695 733 1784; x_wconf 88' lang='grc' dir='ltr'><strong><em>τήν</em></strong></span> <span class='ocrx_word' id='word_1_116' title='bbox 751 1697 829 1788; x_wconf 82' lang='grc' dir='ltr'><strong><em>περὶ</em></strong></span> <span class='ocrx_word' id='word_1_117' title='bbox 845 1696 969 1768; x_wconf 90' lang='grc' dir='ltr'><strong><em>τούτου</em></strong></span> <span class='ocrx_word' id='word_1_118' title='bbox 987 1696 1166 1787; x_wconf 87' lang='grc' dir='ltr'><strong><em>διάκρισιν,</em></strong></span> <span class='ocrx_word' id='word_1_119' title='bbox 1182 1713 1209 1756; x_wconf 78' lang='lat'><strong><em>1⁵</em></strong></span> 
     </span>
     <span class='ocr_line' id='line_1_17' title="bbox 192 1793 1170 1892; baseline 0.004 -28"><span class='ocrx_word' id='word_1_120' title='bbox 192 1798 250 1865; x_wconf 78' lang='grc' dir='ltr'><strong><em>καὶ</em></strong></span> <span class='ocrx_word' id='word_1_121' title='bbox 275 1797 435 1886; x_wconf 83' lang='grc' dir='ltr'><strong><em>χραφήτω</em></strong></span> <span class='ocrx_word' id='word_1_122' title='bbox 459 1796 522 1886; x_wconf 74' lang='grc' dir='ltr'><strong><em>μὲν</em></strong></span> <span class='ocrx_word' id='word_1_123' title='bbox 545 1795 627 1887; x_wconf 89' lang='grc' dir='ltr'><strong><em>παρ’</em></strong></span> <span class='ocrx_word' id='word_1_124' title='bbox 646 1793 745 1886; x_wconf 82' lang='grc' dir='ltr'><strong><em>ύμάν</em></strong></span> <span class='ocrx_word' id='word_1_125' title='bbox 771 1801 808 1868; x_wconf 89' lang='grc' dir='ltr'><strong><em>ἐν</em></strong></span> <span class='ocrx_word' id='word_1_126' title='bbox 832 1797 923 1892; x_wconf 76' lang='grc' dir='ltr'><strong><em>τόμμ</em></strong></span> <span class='ocrx_word' id='word_1_127' title='bbox 947 1797 984 1868; x_wconf 86' lang='grc' dir='ltr'><strong><em>τό</em></strong></span> <span class='ocrx_word' id='word_1_128' title='bbox 1003 1797 1170 1889; x_wconf 78' lang='grc' dir='ltr'><strong><em>ὑμέτερον</em></strong></span> 
     </span>
     <span class='ocr_line' id='line_1_18' title="bbox 194 1897 1167 1989; baseline 0.004 -23"><span class='ocrx_word' id='word_1_129' title='bbox 194 1897 272 1987; x_wconf 81' lang='grc' dir='ltr'><strong><em>περὶ</em></strong></span> <span class='ocrx_word' id='word_1_130' title='bbox 291 1903 348 1986; x_wconf 76' lang='grc' dir='ltr'><strong><em>τῆς</em></strong></span> <span class='ocrx_word' id='word_1_131' title='bbox 367 1905 511 1980; x_wconf 84' lang='grc' dir='ltr'><strong><em>πίστεως</em></strong></span> <span class='ocrx_word' id='word_1_132' title='bbox 527 1899 704 1988; x_wconf 76' lang='grc' dir='ltr'><strong><em>φρόνημα,</em></strong></span> <span class='ocrx_word' id='word_1_133' title='bbox 728 1899 934 1989; x_wconf 78' lang='grc' dir='ltr'><strong><em>γραφήσεται</em></strong></span> <span class='ocrx_word' id='word_1_134' title='bbox 951 1899 989 1969; x_wconf 75' lang='grc' dir='ltr'><strong><em>δὲ</em></strong></span> <span class='ocrx_word' id='word_1_135' title='bbox 1007 1899 1064 1970; x_wconf 78' lang='grc' dir='ltr'><strong><em>καὶ</em></strong></span> <span class='ocrx_word' id='word_1_136' title='bbox 1082 1899 1167 1988; x_wconf 88' lang='grc' dir='ltr'><strong><em>παρ’</em></strong></span> 
     </span>
    </p>

    <p class='ocr_par' dir='ltr' id='par_1_4' title="bbox 155 1996 1217 3104">
     <span class='ocr_line' id='line_1_19' title="bbox 155 1996 1171 2092; baseline 0.007 -28"><span class='ocrx_word' id='word_1_137' title='bbox 155 2014 182 2064; x_wconf 88' lang='lat' dir='ltr'>D</span> <span class='ocrx_word' id='word_1_138' title='bbox 195 1998 293 2088; x_wconf 75' lang='grc' dir='ltr'><strong><em>ἡμῶν</em></strong></span> <span class='ocrx_word' id='word_1_139' title='bbox 310 1997 347 2068; x_wconf 89' lang='grc' dir='ltr'><strong><em>τό</em></strong></span> <span class='ocrx_word' id='word_1_140' title='bbox 365 1997 544 2089; x_wconf 78' lang='grc' dir='ltr'><strong><em>ἡμέτερον·</em></strong></span> <span class='ocrx_word' id='word_1_141' title='bbox 563 2001 620 2069; x_wconf 78' lang='grc' dir='ltr'><strong><em>καὶ</em></strong></span> <span class='ocrx_word' id='word_1_142' title='bbox 638 1996 738 2089; x_wconf 83' lang='grc' dir='ltr'><strong><em>ἀμφιο</em></strong></span> <span class='ocrx_word' id='word_1_143' title='bbox 755 1999 802 2070; x_wconf 85' lang='grc' dir='ltr'><strong><em>τύ</em></strong></span> <span class='ocrx_word' id='word_1_144' title='bbox 815 2000 906 2089; x_wconf 83' lang='grc' dir='ltr'><strong><em>τόμοι</em></strong></span> <span class='ocrx_word' id='word_1_145' title='bbox 921 2003 958 2070; x_wconf 92' lang='grc' dir='ltr'><strong><em>ἐν</em></strong></span> <span class='ocrx_word' id='word_1_146' title='bbox 970 2006 1012 2092; x_wconf 82' lang='grc' dir='ltr'><strong><em>τῇ</em></strong></span> <span class='ocrx_word' id='word_1_147' title='bbox 1026 2001 1171 2092; x_wconf 88' lang='grc' dir='ltr'><strong><em>λάρνακι</em></strong></span> 
     </span>
     <span class='ocr_line' id='line_1_20' title="bbox 191 2099 1171 2192; baseline 0.003 -23"><span class='ocrx_word' id='word_1_148' title='bbox 191 2099 344 2188; x_wconf 84' lang='grc' dir='ltr'><strong><em>τεθήτων</em></strong></span> <span class='ocrx_word' id='word_1_149' title='bbox 368 2107 427 2190; x_wconf 80' lang='grc' dir='ltr'><strong><em>τῆς</em></strong></span> <span class='ocrx_word' id='word_1_150' title='bbox 450 2101 676 2191; x_wconf 82' lang='grc' dir='ltr'><strong><em>πανευφήμου</em></strong></span> <span class='ocrx_word' id='word_1_151' title='bbox 699 2099 870 2192; x_wconf 89' lang='grc' dir='ltr'><strong><em>μάρτυρος</em></strong></span> <span class='ocrx_word' id='word_1_152' title='bbox 888 2099 1083 2192; x_wconf 83' lang='grc' dir='ltr'><strong><em>Εύφημίας,</em></strong></span> <span class='ocrx_word' id='word_1_153' title='bbox 1108 2105 1171 2172; x_wconf 83' lang='grc' dir='ltr'><strong><em>καὶ</em></strong></span> 
     </span>
     <span class='ocr_line' id='line_1_21' title="bbox 190 2197 1211 2295; baseline -0.006 -21"><span class='ocrx_word' id='word_1_154' title='bbox 190 2201 296 2292; x_wconf 81' lang='grc' dir='ltr'><strong><em>ταύτῃ</em></strong></span> <span class='ocrx_word' id='word_1_155' title='bbox 315 2201 377 2291; x_wconf 88' lang='grc' dir='ltr'><strong><em>τήν</em></strong></span> <span class='ocrx_word' id='word_1_156' title='bbox 395 2210 507 2293; x_wconf 88' lang='grc' dir='ltr'><strong><em>κρίσιν</em></strong></span> <span class='ocrx_word' id='word_1_157' title='bbox 525 2204 643 2273; x_wconf 82' lang='grc' dir='ltr'><strong><em>δοτέον</em></strong></span> <span class='ocrx_word' id='word_1_158' title='bbox 655 2207 726 2272; x_wconf 78' lang='grc' dir='ltr'><strong><em>τάν</em></strong></span> <span class='ocrx_word' id='word_1_159' title='bbox 739 2197 858 2292; x_wconf 77' lang='grc' dir='ltr'><strong><em>ὀρθάν</em></strong></span> <span class='ocrx_word' id='word_1_160' title='bbox 875 2204 932 2272; x_wconf 80' lang='grc' dir='ltr'><strong><em>καὶ</em></strong></span> <span class='ocrx_word' id='word_1_161' title='bbox 951 2203 1170 2295; x_wconf 68' lang='grc' dir='ltr'><strong><em>διαστρόφων</em></strong></span> <span class='ocrx_word' id='word_1_162' title='bbox 1183 2228 1211 2268; x_wconf 75' lang='grc' dir='ltr'><strong><em>ιο</em></strong></span> 
     </span>
     <span class='ocr_line' id='line_1_22' title="bbox 194 2300 1170 2395; baseline 0.003 -24"><span class='ocrx_word' id='word_1_163' title='bbox 194 2300 451 2392; x_wconf 80' lang='grc' dir='ltr'><strong><em>δοχματιστοόν”’.</em></strong></span> <span class='ocrx_word' id='word_1_164' title='bbox 486 2303 587 2394; x_wconf 82' lang='grc' dir='ltr'><strong><em>ἤρεσε</em></strong></span> <span class='ocrx_word' id='word_1_165' title='bbox 611 2310 717 2372; x_wconf 80' lang='grc' dir='ltr'><strong><em>ταῦτα</em></strong></span> <span class='ocrx_word' id='word_1_166' title='bbox 735 2305 792 2372; x_wconf 87' lang='grc' dir='ltr'><strong><em>καὶ</em></strong></span> <span class='ocrx_word' id='word_1_167' title='bbox 809 2317 880 2385; x_wconf 79' lang='grc' dir='ltr'><strong><em>τοῖς</em></strong></span> <span class='ocrx_word' id='word_1_168' title='bbox 897 2309 1089 2395; x_wconf 86' lang='grc' dir='ltr'><strong><em>αίρετικοίς,</em></strong></span> <span class='ocrx_word' id='word_1_169' title='bbox 1108 2307 1170 2374; x_wconf 78' lang='grc' dir='ltr'><strong><em>καὶ</em></strong></span> 
     </span>
     <span class='ocr_line' id='line_1_23' title="bbox 190 2398 1171 2494; baseline 0.002 -21"><span class='ocrx_word' id='word_1_170' title='bbox 190 2409 226 2473; x_wconf 84' lang='grc' dir='ltr'><strong><em>οί</em></strong></span> <span class='ocrx_word' id='word_1_171' title='bbox 241 2405 335 2493; x_wconf 90' lang='grc' dir='ltr'><strong><em>τόμοι</em></strong></span> <span class='ocrx_word' id='word_1_172' title='bbox 353 2405 559 2494; x_wconf 78' lang='grc' dir='ltr'><strong><em>μεμράφαται</em></strong></span> <span class='ocrx_word' id='word_1_173' title='bbox 571 2405 628 2472; x_wconf 77' lang='grc' dir='ltr'><strong><em>καὶ</em></strong></span> <span class='ocrx_word' id='word_1_174' title='bbox 641 2398 660 2473; x_wconf 88' lang='grc' dir='ltr'><strong><em>ό</em></strong></span> <span class='ocrx_word' id='word_1_175' title='bbox 675 2412 797 2474; x_wconf 85' lang='grc' dir='ltr'><strong><em>κλείων</em></strong></span> <span class='ocrx_word' id='word_1_176' title='bbox 816 2412 915 2487; x_wconf 87' lang='grc' dir='ltr'><strong><em>λίθος</em></strong></span> <span class='ocrx_word' id='word_1_177' title='bbox 932 2405 996 2494; x_wconf 87' lang='grc' dir='ltr'><strong><em>τήν</em></strong></span> <span class='ocrx_word' id='word_1_178' title='bbox 1012 2405 1171 2494; x_wconf 79' lang='grc' dir='ltr'><strong><em>λάρνακα</em></strong></span> 
     </span>
     <span class='ocr_line' id='line_1_24' title="bbox 191 2505 1171 2598; baseline 0.004 -24"><span class='ocrx_word' id='word_1_179' title='bbox 191 2516 319 2592; x_wconf 85' lang='grc' dir='ltr'><strong><em>αι”ρεται</em></strong></span> <span class='ocrx_word' id='word_1_180' title='bbox 336 2507 391 2572; x_wconf 81' lang='grc' dir='ltr'><strong><em>καὶ</em></strong></span> <span class='ocrx_word' id='word_1_181' title='bbox 410 2509 446 2574; x_wconf 89' lang='grc' dir='ltr'><strong><em>οί</em></strong></span> <span class='ocrx_word' id='word_1_182' title='bbox 460 2505 578 2593; x_wconf 89' lang='grc' dir='ltr'><strong><em>χάρται</em></strong></span> <span class='ocrx_word' id='word_1_183' title='bbox 594 2511 642 2598; x_wconf 76' lang='grc' dir='ltr'><strong><em>τῷ</em></strong></span> <span class='ocrx_word' id='word_1_184' title='bbox 660 2505 777 2594; x_wconf 79' lang='grc' dir='ltr'><strong><em>στήθει</em></strong></span> <span class='ocrx_word' id='word_1_185' title='bbox 790 2507 849 2594; x_wconf 86' lang='grc' dir='ltr'><strong><em>τής</em></strong></span> <span class='ocrx_word' id='word_1_186' title='bbox 865 2507 1036 2598; x_wconf 85' lang='grc' dir='ltr'><strong><em>μάρτυρος</em></strong></span> <span class='ocrx_word' id='word_1_187' title='bbox 1055 2509 1171 2578; x_wconf 84' lang='grc' dir='ltr'><strong><em>ἐπιτί-</em></strong></span> 
     </span>
     <span class='ocr_line' id='line_1_25' title="bbox 190 2599 1174 2699; baseline 0.005 -25"><span class='ocrx_word' id='word_1_188' title='bbox 190 2616 309 2674; x_wconf 87' lang='grc' dir='ltr'><strong><em>θενται</em></strong></span> <span class='ocrx_word' id='word_1_189' title='bbox 331 2605 388 2674; x_wconf 82' lang='grc' dir='ltr'><strong><em>καὶ</em></strong></span> <span class='ocrx_word' id='word_1_190' title='bbox 413 2603 431 2673; x_wconf 87' lang='grc' dir='ltr'>ὁ</span> <span class='ocrx_word' id='word_1_191' title='bbox 458 2613 555 2688; x_wconf 85' lang='grc' dir='ltr'><strong><em>λίθος</em></strong></span> <span class='ocrx_word' id='word_1_192' title='bbox 580 2599 684 2688; x_wconf 87' lang='grc' dir='ltr'><strong><em>αύθις</em></strong></span> <span class='ocrx_word' id='word_1_193' title='bbox 714 2613 757 2698; x_wconf 79' lang='grc' dir='ltr'><strong><em>τῇ</em></strong></span> <span class='ocrx_word' id='word_1_194' title='bbox 782 2608 923 2699; x_wconf 75' lang='grc' dir='ltr'><strong><em>λάρνακι</em></strong></span> <span class='ocrx_word' id='word_1_195' title='bbox 950 2607 1174 2696; x_wconf 85' lang='grc' dir='ltr'><strong><em>ἐπενήνεκται</em></strong></span> 
     </span>
     <span class='ocr_line' id='line_1_26' title="bbox 190 2704 1217 2799; baseline 0.001 -24"><span class='ocrx_word' id='word_1_196' title='bbox 190 2706 247 2775; x_wconf 80' lang='grc' dir='ltr'><strong><em>καὶ</em></strong></span> <span class='ocrx_word' id='word_1_197' title='bbox 273 2713 485 2795; x_wconf 79' lang='grc' dir='ltr'><strong><em>σφραγίζεται</em></strong></span> <span class='ocrx_word' id='word_1_198' title='bbox 511 2704 573 2777; x_wconf 79' lang='grc' dir='ltr'><strong><em>ὑπ’</em></strong></span> <span class='ocrx_word' id='word_1_199' title='bbox 593 2705 722 2797; x_wconf 83' lang='grc' dir='ltr'><strong><em>ἀμφοῖν</em></strong></span> <span class='ocrx_word' id='word_1_200' title='bbox 739 2723 814 2778; x_wconf 78' lang='grc' dir='ltr'><strong><em>τοῖν</em></strong></span> <span class='ocrx_word' id='word_1_201' title='bbox 831 2724 958 2799; x_wconf 76' lang='grc' dir='ltr'><strong><em>μεροῖν.</em></strong></span> <span class='ocrx_word' id='word_1_202' title='bbox 993 2709 1031 2780; x_wconf 85' lang='grc' dir='ltr'><strong><em>τό</em></strong></span> <span class='ocrx_word' id='word_1_203' title='bbox 1049 2707 1083 2779; x_wconf 89' lang='grc' dir='ltr'><strong><em>δ’</em></strong></span> <span class='ocrx_word' id='word_1_204' title='bbox 1104 2712 1170 2780; x_wconf 86' lang='grc' dir='ltr'><strong><em>ἐν·</em></strong></span> <span class='ocrx_word' id='word_1_205' title='bbox 1187 2734 1217 2776; x_wconf 76' lang='grc' dir='ltr'><strong><em>ετ</em></strong></span> 
     </span>
     <span class='ocr_line' id='line_1_27' title="bbox 189 2807 1176 2900; baseline 0.005 -24"><span class='ocrx_word' id='word_1_206' title='bbox 189 2810 313 2877; x_wconf 85' lang='grc' dir='ltr'><strong><em>τεύθεν</em></strong></span> <span class='ocrx_word' id='word_1_207' title='bbox 346 2812 467 2880; x_wconf 82' lang='grc' dir='ltr'><strong><em>ἱκεσίαι</em></strong></span> <span class='ocrx_word' id='word_1_208' title='bbox 498 2807 583 2898; x_wconf 85' lang='grc' dir='ltr'><strong><em>πρός</em></strong></span> <span class='ocrx_word' id='word_1_209' title='bbox 603 2807 697 2879; x_wconf 52' lang='grc' dir='ltr'><strong><em>,θεόν</em></strong></span> <span class='ocrx_word' id='word_1_210' title='bbox 731 2811 789 2879; x_wconf 75' lang='grc' dir='ltr'><strong><em>καί</em></strong></span> <span class='ocrx_word' id='word_1_211' title='bbox 824 2809 955 2899; x_wconf 82' lang='grc' dir='ltr'><strong><em>δεήσεις</em></strong></span> <span class='ocrx_word' id='word_1_212' title='bbox 989 2810 1176 2900; x_wconf 84' lang='grc' dir='ltr'><strong><em>παννύχιοι</em></strong></span> 
     </span>
     <span class='ocr_line' id='line_1_28' title="bbox 190 2906 1177 3004; baseline 0.005 -27"><span class='ocrx_word' id='word_1_213' title='bbox 190 2906 406 2992; x_wconf 77' lang='grc' dir='ltr'><strong><em>ἀποκαλύψαι</em></strong></span> <span class='ocrx_word' id='word_1_214' title='bbox 422 2918 474 2992; x_wconf 87' lang='grc' dir='ltr'><strong><em>τίς</em></strong></span> <span class='ocrx_word' id='word_1_215' title='bbox 491 2908 586 3004; x_wconf 75' lang='grc' dir='ltr'><strong><em>αύτῷ</em></strong></span> <span class='ocrx_word' id='word_1_216' title='bbox 602 2917 672 2980; x_wconf 77' lang='grc' dir='ltr'><strong><em>τῶν</em></strong></span> <span class='ocrx_word' id='word_1_217' title='bbox 686 2913 796 2992; x_wconf 76' lang='grc' dir='ltr'><strong><em>δοξῶν</em></strong></span> <span class='ocrx_word' id='word_1_218' title='bbox 814 2912 1021 3001; x_wconf 87' lang='grc' dir='ltr'><strong><em>καταθύμιος</em></strong></span> <span class='ocrx_word' id='word_1_219' title='bbox 1039 2912 1096 2982; x_wconf 78' lang='grc' dir='ltr'><strong><em>καὶ</em></strong></span> <span class='ocrx_word' id='word_1_220' title='bbox 1114 2921 1177 2996; x_wconf 88' lang='grc' dir='ltr'><strong><em>τίς</em></strong></span> 
     </span>
     <span class='ocr_line' id='line_1_29' title="bbox 190 3008 1178 3104; baseline 0.005 -25"><span class='ocrx_word' id='word_1_221' title='bbox 190 3008 379 3099; x_wconf 81' lang='grc' dir='ltr'><strong><em>ἀποβλητέα</em></strong></span> <span class='ocrx_word' id='word_1_222' title='bbox 397 3017 499 3082; x_wconf 78' lang='grc' dir='ltr'><strong><em>δοκεῖ.</em></strong></span> <span class='ocrx_word' id='word_1_223' title='bbox 529 3013 585 3080; x_wconf 82' lang='grc' dir='ltr'><strong><em>καὶ</em></strong></span> <span class='ocrx_word' id='word_1_224' title='bbox 603 3011 685 3100; x_wconf 78' lang='grc' dir='ltr'><strong><em>μετὰ</em></strong></span> <span class='ocrx_word' id='word_1_225' title='bbox 703 3019 820 3102; x_wconf 87' lang='grc' dir='ltr'><strong><em>τρίτην</em></strong></span> <span class='ocrx_word' id='word_1_226' title='bbox 836 3011 966 3102; x_wconf 79' lang='grc' dir='ltr'><strong><em>ἡμέραν</em></strong></span> <span class='ocrx_word' id='word_1_227' title='bbox 985 3014 1178 3104; x_wconf 82' lang='grc' dir='ltr'><strong><em>συνέρχον-</em></strong></span> 
     </span>
    </p>

    <p class='ocr_par' dir='ltr' id='par_1_5' title="bbox 88 3110 1224 3306">
     <span class='ocr_line' id='line_1_30' title="bbox 88 3110 1179 3202; baseline 0.009 -26"><span class='ocrx_word' id='word_1_228' title='bbox 88 3126 254 3198; x_wconf 76' lang='grc' dir='ltr'><strong><em>Ριιιεται,</em></strong></span> <span class='ocrx_word' id='word_1_229' title='bbox 278 3112 363 3201; x_wconf 71' lang='grc' dir='ltr'><strong><em>μηδὲ</em></strong></span> <span class='ocrx_word' id='word_1_230' title='bbox 381 3119 442 3194; x_wconf 81' lang='grc' dir='ltr'><strong><em>τοῦ</em></strong></span> <span class='ocrx_word' id='word_1_231' title='bbox 460 3115 622 3201; x_wconf 85' lang='grc' dir='ltr'><strong><em>βασιλέως</em></strong></span> <span class='ocrx_word' id='word_1_232' title='bbox 640 3110 918 3202; x_wconf 85' lang='grc' dir='ltr'><strong><em>ἀπολειφθέντος,</em></strong></span> <span class='ocrx_word' id='word_1_233' title='bbox 941 3115 998 3184; x_wconf 82' lang='grc' dir='ltr'><strong><em>καὶ</em></strong></span> <span class='ocrx_word' id='word_1_234' title='bbox 1015 3111 1179 3202; x_wconf 78' lang='grc' dir='ltr'><strong><em>ἀνοινεί-</em></strong></span> 
     </span>
     <span class='ocr_line' id='line_1_31' title="bbox 157 3199 1224 3306; baseline 0.005 -29"><span class='ocrx_word' id='word_1_235' title='bbox 157 3199 180 3244; x_wconf 74' lang='lat' dir='ltr'>A</span> <span class='ocrx_word' id='word_1_236' title='bbox 192 3230 252 3297; x_wconf 92' lang='grc' dir='ltr'><strong><em>σης</em></strong></span> <span class='ocrx_word' id='word_1_237' title='bbox 266 3218 324 3298; x_wconf 83' lang='grc' dir='ltr'><strong><em>τῆς</em></strong></span> <span class='ocrx_word' id='word_1_238' title='bbox 338 3213 515 3301; x_wconf 81' lang='grc' dir='ltr'><strong><em>λάρνακος,</em></strong></span> <span class='ocrx_word' id='word_1_239' title='bbox 530 3219 598 3284; x_wconf 78' lang='grc' dir='ltr'><strong><em>τάν</em></strong></span> <span class='ocrx_word' id='word_1_240' title='bbox 610 3221 815 3303; x_wconf 84' lang='grc' dir='ltr'><strong><em>θαυμασίων</em></strong></span> <span class='ocrx_word' id='word_1_241' title='bbox 829 3236 903 3302; x_wconf 92' lang='grc' dir='ltr'><strong><em>σου,</em></strong></span> <span class='ocrx_word' id='word_1_242' title='bbox 913 3215 1019 3306; x_wconf 91' lang='grc' dir='ltr'><strong><em>κύριε,</em></strong></span> <span class='ocrx_word' id='word_1_243' title='bbox 1034 3212 1176 3306; x_wconf 84' lang='grc' dir='ltr'><strong><em>εύρέθη</em></strong></span> <span class='ocrx_word' id='word_1_244' title='bbox 1193 3241 1224 3282; x_wconf 77' lang='grc' dir='ltr'><strong><em>το</em></strong></span> 
     </span>
    </p>
   </div>
   <div class='ocr_carea' id='block_1_3' title="bbox 191 3306 1176 3512">
    <p class='ocr_par' dir='ltr' id='par_1_6' title="bbox 191 3306 1176 3512">
     <span class='ocr_line' id='line_1_32' title="bbox 191 3306 1172 3409; baseline 0.015 -34"><span class='ocrx_word' id='word_1_245' title='bbox 191 3306 208 3374; x_wconf 86' lang='grc' dir='ltr'>ὁ</span> <span class='ocrx_word' id='word_1_246' title='bbox 226 3310 289 3394; x_wconf 71' lang='grc' dir='ltr'><strong><em>μὲν</em></strong></span> <span class='ocrx_word' id='word_1_247' title='bbox 312 3317 381 3380; x_wconf 78' lang='grc' dir='ltr'><strong><em>τεόν</em></strong></span> <span class='ocrx_word' id='word_1_248' title='bbox 406 3319 582 3403; x_wconf 82' lang='grc' dir='ltr'><strong><em>αίρετικεόν</em></strong></span> <span class='ocrx_word' id='word_1_249' title='bbox 598 3315 698 3404; x_wconf 86' lang='grc' dir='ltr'><strong><em>τόμος</em></strong></span> <span class='ocrx_word' id='word_1_250' title='bbox 717 3319 838 3398; x_wconf 81' lang='grc' dir='ltr'><strong><em>ἐντοῖς</em></strong></span> <span class='ocrx_word' id='word_1_251' title='bbox 856 3317 936 3388; x_wconf 84' lang='grc' dir='ltr'><strong><em>ποσὶ</em></strong></span> <span class='ocrx_word' id='word_1_252' title='bbox 954 3323 1012 3405; x_wconf 81' lang='grc' dir='ltr'><strong><em>τῆς</em></strong></span> <span class='ocrx_word' id='word_1_253' title='bbox 1028 3316 1172 3409; x_wconf 85' lang='grc' dir='ltr'><strong><em>μάρτυ·</em></strong></span> 
     </span>
     <span class='ocr_line' id='line_1_33' title="bbox 193 3412 1176 3512; baseline 0.017 -40"><span class='ocrx_word' id='word_1_254' title='bbox 193 3431 249 3492; x_wconf 89' lang='grc' dir='ltr'><strong><em>ρος</em></strong></span> <span class='ocrx_word' id='word_1_255' title='bbox 268 3417 436 3499; x_wconf 87' lang='grc' dir='ltr'><strong><em>κείμενος,</em></strong></span> <span class='ocrx_word' id='word_1_256' title='bbox 469 3412 486 3484; x_wconf 89' lang='grc' dir='ltr'><strong><em>ό</em></strong></span> <span class='ocrx_word' id='word_1_257' title='bbox 514 3415 554 3482; x_wconf 92' lang='grc' dir='ltr'><strong><em>δέ</em></strong></span> <span class='ocrx_word' id='word_1_258' title='bbox 568 3443 607 3501; x_wconf 80' lang='grc' dir='ltr'><strong><em>γε</em></strong></span> <span class='ocrx_word' id='word_1_259' title='bbox 630 3414 744 3497; x_wconf 80' lang='grc' dir='ltr'><strong><em>λοιπός</em></strong></span> <span class='ocrx_word' id='word_1_260' title='bbox 762 3423 805 3508; x_wconf 80' lang='grc' dir='ltr'><strong><em>τῇ</em></strong></span> <span class='ocrx_word' id='word_1_261' title='bbox 823 3420 915 3510; x_wconf 78' lang='grc' dir='ltr'><strong><em>δεξιᾷ</em></strong></span> <span class='ocrx_word' id='word_1_262' title='bbox 933 3418 1058 3506; x_wconf 90' lang='grc' dir='ltr'><strong><em>ταύτης</em></strong></span> <span class='ocrx_word' id='word_1_263' title='bbox 1076 3421 1176 3512; x_wconf 80' lang='grc' dir='ltr'><strong><em>χειρὶ</em></strong></span> 
     </span>
    </p>
   </div>
   <div class='ocr_carea' id='block_1_4' title="bbox 0 0 1302 3816">
    <p class='ocr_par' dir='ltr' id='par_1_7' title="bbox 0 0 1302 3816">
     <span class='ocr_line' id='line_1_34' title="bbox 0 0 1302 3816; baseline 0 0"><span class='ocrx_word' id='word_1_264' title='bbox 0 0 1302 3816; x_wconf 95' lang='lat' dir='ltr'><strong><em> </em></strong></span> 
     </span>
    </p>
   </div>
  </div>
 </body>
</html>
