2546 3822
420 179 491 230 ιιε.
504 180 563 230 xv.
582 178 660 234 GAP.
673 181 761 233 xvn.
1011 179 1075 244 375

7 317 8 320 ¹
101 326 219 410 αίμασι
237 325 428 410 χρανθῆναι
444 325 656 409 γριστιανώυ.
683 317 765 408 μετὰ
783 319 825 389 δέ
838 346 930 401 τινας
947 319 1074 412 ἡμέρας

101 423 159 490 καὶ
184 419 247 510 τῆν
268 423 333 490 τοῦ
354 427 432 509 βίου
459 417 627 491 κοινωνόν
645 426 844 512 Προκοπίαν
868 419 1074 508 Αὐγούσταν

100 521 315 614 ιἰνηγόρευσέ
334 548 371 591 τε
393 522 451 592 καλ
476 528 633 610 ἔστεψεν,
666 519 807 612 εόσεβῆς
836 549 872 592 τε
896 521 1073 612 τυγχάνων

99 623 163 748 τῆγ
181 622 322 712 γνώμην
337 651 374 693 τε
393 625 606 751 ἐλευθέριος
632 623 711 704 τοός
728 651 764 694 τε
781 622 865 714 πρός
883 629 944 693 τοῦ
962 635 1073 712 Νικη-

72 725 211 816 ὀφόρου
235 721 457 848 ἠδικημένους
480 725 538 794 καὶ
568 723 627 806 τός
659 722 825 822 συζώγους
855 729 925 794 τών
950 728 993 794 έν
1023 731 1072 819 τῷ

100 828 236 920 πολέμῳ
259 824 434 896 πεσόντων
460 829 671 955 στρατιωτῶν
697 825 961 918 παρεμυθήσατο
986 855 1068 918 χρη

99 928 215 1018 μάταν
238 932 427 1016 ’διανομαῖς
463 929 520 997 και
546 926 608 1016 τῆν
625 927 774 1018 γαμετῆν
792 928 831 998 δε
849 936 1105 1018 Σταυρακίουι)

102 1027 265 1118 Θεοφανώ
283 1043 445 1120 παρεῖσαν
461 1025 524 1118 τῆν
541 1029 649 1118 κόμην
667 1031 725 1099 καὶ
742 1031 906 1119 μέλαιναν
924 1031 1072 1118 ένδυσα-1
1179 1038 1182 1042 ’

101 1131 208 1220 μένην
225 1128 348 1218 στολῆν
366 1129 513 1222 χρήμασι
529 1139 669 1212 πολλοῖς
688 1127 891 1222 ἐδωρήσατο,
905 1131 963 1199 καὶ
977 1130 1072 1200 οἷκον

7 1281 12 1286 ¹-
57 1253 87 1294 1⁰
101 1237 148 1313 είς
172 1239 343 1302 κατοικίαν
367 1229 456 1322 αὐτῆ
479 1235 759 1322 προσαπένειμεν,
778 1229 819 1302 δν
837 1238 885 1314 είς
902 1241 1071 1320 μοναζου-

100 1339 171 1404 σών
187 1339 383 1422 μετεποίησε
400 1333 621 1422 καταγώγιον,
640 1339 726 1404 ἔνθα
744 1334 801 1402 καλ
819 1331 837 1402 ὁ
858 1333 1069 1422 Σταυρόκιος

97 1437 273 1522 τέθαπται,
289 1433 411 1505 θανών
429 1437 466 1503 ἐκ
483 1441 542 1522 τῆς
560 1440 689 1522 πληγῆς
702 1431 747 1524 ἣν
760 1433 778 1504 ὁ
793 1434 892 1521 λόγος
907 1433 1069 1522 ἐδήλωσε,

97 1535 161 1606 δόο
178 1542 287 1625 μῆνας
305 1535 431 1625 μόνους
449 1533 663 1626 αόταρχῆσας
689 1537 744 1605 ἐπὶ
761 1534 898 1626 ἡμέραις
917 1539 960 1618 ἐξ.
996 1534 1069 1625 ῆτις

8 1659 9 1662 ’
97 1637 182 1727 μονῆ
204 1639 236 1720 ἐξ
256 1639 387 1707 ἐκείνου
406 1637 532 1724 έκλῆθη
550 1641 611 1706 τοῦ
630 1644 849 1726 Σταυρακίου
870 1633 1070 1726 ώνομασμέ-

7 1803 9 1806 .
56 1757 86 1802 15
101 1766 154 1828 νη,
172 1739 457 1830 βαρβαριζομένου
476 1738 514 1807 δὲ
531 1743 593 1806 τοΰ
611 1735 774 1826 ὀνόματος
793 1737 884 1829 παρὰ
902 1743 963 1808 τοῦ
981 1758 1069 1829 συρ-

98 1839 270 1930 φετώδους
296 1836 400 1928 ὄχλου
424 1840 555 1926 λέγεται
579 1837 619 1908 τοὶ
638 1845 771 1931 Βρακοῖ,
797 1839 887 1929 παριί
912 1865 1014 1910 τινων
1031 1839 1070 1909 δὲ

97 1940 159 2031 τῆν
176 1937 288 2028 ιἰληθῆ
306 1945 428 2028 κλῆσιν
446 1939 698 2029 ἀγνοησάντων,
716 1941 932 2031 μεταγόντων
952 1941 990 2010 δὲ
1008 1946 1070 2029 δῆ-

96 2053 161 2113 θεν
176 2041 312 2130 ,ταύτην
338 2041 423 2130 πρός
446 2040 483 2111 τό
510 2041 769 2130 ἑλληνικώτερον
776 2095 786 2130 ,
813 2039 1004 2130 ὀνομάζεται
1027 2040 1069 2110 τοὶ

92 2141 260 2234 Ἐβραικιί.
295 2143 560 2232 καθειργμένους
584 2137 618 2211 δ’
639 2140 752 2232 εὑρών
776 2142 856 2224 τοδς
880 2147 939 2228 τῆς
964 2148 1069 2230 μονῆς

7 2265 8 2268 ’
54 2265 86 2306 2⁰
97 2251 159 2315 τοῦ
178 2249 349 2315 Στουδίου
376 2242 679 2334 ἡγεμονεύσαντος,
706 2239 766 2312 τόν
784 2243 952 2314 Πλάτωνα
980 2243 1171 2330 λέγυςῑῃης

98 2347 153 2416 καὶ
176 2345 238 2415 τόν
257 2341 453 2434 Θεόδωρον,
480 2340 565 2414 όλλιλ
583 2343 652 2433 μῆν
669 2345 727 2414 καὶ
743 2343 803 2414 τόν
820 2343 945 2414 τούτου
963 2341 1065 2432 ὁμαί-
1078 2338 1103 2388 A

96 2475 184 2537 μονα
204 2445 327 2536 Ἰωσῆφ
354 2447 413 2518 τόν
436 2453 495 2534 τῆς
527 2452 775 2534 Θεσσαλονίκης
806 2443 1068 2536 ἆρχιεπίσκοπον

97 2549 153 2618 καὶ
170 2553 240 2618 τών
257 2551 316 2637 τῆς
335 2549 511 2640 εἰρημένης
524 2551 629 2637 μονῆς
646 2553 806 2637 μοναχών
823 2545 902 2628 τούς
920 2554 1065 2636 λογιμω-

98 2651 228 2738 τέρους,
254 2647 299 2730 ιδς
321 2645 367 2738 μῆ
393 2655 654 2737 κοινωνοῦντας,
680 2649 863 2739 καθώσπερ
883 2649 1066 2738 ἱστόρηται,

55 2769 84 2812 25
98 2756 145 2844 τῷ
176 2750 362 2842 πατριόρχη
394 2751 451 2818 καλ
481 2755 523 2840 τῆ
550 2751 726 2841 ἐκκλησίᾳ,
755 2757 920 2819 ἔσπευσεν
945 2752 1068 2818 ἕνώσαι

99 2851 223 2933 αὐτοδς
240 2853 297 2920 καλ
314 2853 426 2940 μέντοι
444 2851 501 2920 καὶ
517 2850 639 2938 ῆνωσε.
675 2849 732 2918 καὶ
748 2849 809 2920 τόν
827 2849 905 2918 υίδν
923 2849 961 2918 δὲ
980 2859 1067 2920 Θεο-

7 2975 8 2978 ’
96 2953 268 3040 φύλακτον
299 2949 316 3022 ὁ
348 2951 507 3040 βασιλεύς
532 2943 630 3031 οὗτος
652 2957 712 3039 τῆς
744 2956 915 3039 βασιλικῆς
945 2949 1067 3038 ἠξίωσε

96 3053 245 3142 κλήσεως
268 3059 329 3123 καί
348 3058 384 3123 οί
405 3051 459 3122 διδ
483 3055 545 3122 τοῦ
564 3052 769 3142 πατριάρχου
789 3051 934 3140 διάδημα
952 3053 1067 3142 περιέ-

95 3165 186 3224 θετο.
234 3153 304 3224 εἶτα
331 3155 413 3224 κατὰ
431 3153 638 3244 Βουλγόρων
664 3156 864 3243 ληιζομένωυ
886 3151 949 3242 τῆν
975 3163 1067 3244 Θρηι-

52 3277 82 3316 30
96 3255 189 3348 κςόαν
207 3271 331 3347 μοῖραν
348 3255 593 3345 ἐκστρατεύσας
617 3255 842 3325 στασιάσαντα
866 3252 939 3324 κατ’
960 3252 1067 3323 αότοῦ

96 3363 166 3428 τών
183 3359 362 3446 ταγμάτων
379 3357 465 3445 τινά,
491 3355 535 3437 ώς
553 3357 610 3426 καλ
627 3352 743 3447 ὕβρεις
761 3361 910 3447 χωρῆσαι
926 3355 1010 3425 κατὰ
1027 3355 1065 3424 τό

95 3461 286 3550 προφανές,
310 3454 420 3546 λόγοις
446 3464 614 3548 μειλιχίοις
645 3459 701 3526 καὶ
728 3459 849 3548 δώροις
879 3465 1101 3548 φιλοτίμοιςΒ
