2566 3812
431 141 503 192 mss.
516 141 593 194 v111.
613 143 691 196 eAP.
704 141 803 194 xxm.
1048 136 1112 202 249

20 352 25 356 .
142 287 250 354 δννον
275 283 479 369 κατέστησεν
504 280 548 363 ὥς
572 305 777 374 πανστρατια
802 283 1001 370 ἐείξελελν,
969 275 1112 369 εμὴὸ

141 381 270 471 Φάβιος
288 380 372 452 κατὰ
389 378 500 453 νάτου
517 379 610 476 αὐτῷ
626 380 827 473 προσπεσεδν
845 379 1003 453 ἐκάλυσε.

217 480 352 556 Παθάν
369 473 546 555 οὖντοῦτο
568 482 586 555 6
600 483 737 575 Ῥοῦφος
755 481 971 577 μετεβάλετο,
995 479 1108 552 καί
1074 509 1111 552 το

140 583 331 676 στράτευμά
357 611 393 654 τε
421 582 459 655 τδ
467 590 741 710 περίλοιπονίς
767 585 827 658 τὸν
852 584 981 674 Φάβιον
1006 579 1112 664 εὐθὺς

116 685 266 776 ε’ἥγαγε,
291 687 348 756 καὶ
372 685 434 775 την
457 684 564 778 άρχην
582 689 838 778 παραδέδωκεν,
862 681 939 758 οὐδ’
959 683 1112 775 ἀνέμεινε

146 785 206 858 τὸν
225 789 327 876 δῆμον
342 785 643 878 άναψηφίσασθαι,
662 786 735 860 ἀλλ’
758 785 937 877 ἐθελοντὴς
954 785 1016 876 τὴν
1032 783 1112 876 ἡμε-

144 895 295 977 μονίαν,
314 884 358 977 ἣν
387 887 468 978 παρ’
502 888 610 961 αὐτοῦ
640 888 741 980 μόνος
773 888 950 980 ίππάρχων
979 893 1222 976 ἔλαβεν,ΡΙλῙσ

142 985 263 1080 άφῆκε.
300 991 357 1060 καὶ
376 985 481 1061 αάτόυ
500 993 554 1062 ἐπὶ
571 989 679 1086 τούτῳ
697 989 820 1074 πάντες
839 989 1016 1082 ἐπῄνεσαν.
1056 988 1113 1057 καὶ

141 1090 160 1162 ὁ
187 1089 315 1180 Φάβιος
338 1087 458 1162 αὐτίκα
488 1093 595 1184 μηδὲν
620 1090 794 1176 ἐνδοιάσας
825 1098 937 1164 πᾶσαν
969 1091 1113 1175 ἐδέξατο,

102 1221 128 1260 10
142 1195 200 1264 καὶ
218 1190 236 1262 6
256 1198 359 1283 δῆμος
377 1190 458 1264 αὐτὸ
476 1191 668 1278 ἀπεδέξατο.
705 1197 761 1266 καί
786 1194 867 1284 μετά
889 1197 996 1264 ταῦτα
1014 1186 1113 1272 αὐτός
1214 1191 1222 1198 ’

140 1321 179 1364 τε
196 1289 433 1382 ἀσφαλέστατα
450 1297 594 1384 προέστη
611 1300 673 1366 τοῦ
685 1293 946 1388 στρατεύματος,
964 1293 1021 1363 καί
1038 1295 1113 1380 μέλ-

141 1405 215 1466 λων
231 1393 529 1484 ἀπαλλαγήσεσθαι
546 1401 604 1485 τῆς
622 1395 726 1488 ἀρχῆς
749 1394 827 1479 τούς
848 1393 1001 1476 ὑπάτους
1018 1419 1114 1483 μετε-

140 1497 296 1585 πέμψατο
329 1499 387 1566 καί
420 1497 456 1568 τδ
493 1495 682 1588 στράτευμα
717 1504 814 1587 σφίσι
847 1499 1022 1587 παρέδωκε
1057 1495 1112 1564 καὶ

141 1595 252 1668 πάνθ’
272 1593 334 1668 ὅσα
347 1605 542 1690 πραχθῆναι
555 1602 657 1691 ἐχρῆν
670 1597 863 1690 παρῄνεσεν
876 1594 1111 1688 άφθονάτατα.

102 1727 130 1768 ιε
144 1697 296 1770 κάκεῖνοι
313 1703 467 1791 θρασέως
485 1696 606 1790 οὐδέν,
632 1699 717 1771 άλλά
741 1697 823 1772 κατά
847 1698 909 1791 τὴν
931 1695 1114 1788 ὑποθήκην
1206 1714 1212 1725 “

142 1803 207 1870 τοῦ
225 1807 357 1889 Φαβίου
375 1796 505 1873 ἅπαντα
523 1806 686 1892 ἔπραξαν,
712 1810 831 1891 καίπερ
855 1797 1034 1892 ὁΤίμιυος
1058 1799 1114 1870 καὶ

144 1901 429 1994 προκατωρθάκει
454 1931 495 1974 τι.
548 1903 584 1974 ιδ
613 1904 676 1992 γάρ
703 1903 861 1975 ναυτικὸν
890 1906 960 1973 τάν
983 1911 1114 1990 Καρχη-

148 2007 272 2074 δονίων
290 2003 375 2074 ίδάν
396 2003 546 2094 ὁρμῆσαν
569 2005 632 2094 μὲν
656 2006 710 2076 ἐπὶ
733 2003 795 2093 τὴν
809 2001 971 2091 Ἰταλίαν,
997 2001 1053 2073 διά
1079 2001 1115 2069 δὲ
1208 2051 1214 2063 .

143 2103 207 2194 τὴν
240 2103 532 2196 άντιπαρασκευην
566 2101 682 2176 αὐτῶν
716 2103 761 2194 μὴ
795 2108 982 2194 προσμίξαν
1017 2101 1114 2192 αὐτῇ,
1127 2119 1153 2168 Β-

105 2234 133 2274 zo
148 2204 378 2288 ἐπεκπλεάσας
400 2205 441 2276 τά
463 2209 591 2278 τετῶν
608 2213 771 2298 Κυρνίων
794 2207 851 2279 καὶ
873 2201 914 2274 τά
936 2207 1004 2274 τῶν
1027 2215 1117 2292 Σαρ-

145 2312 274 2379 δονίων
304 2309 341 2378 ἐν
369 2311 416 2402 τῷ
441 2305 606 2402 παράπλῳ
637 2304 876 2398 ἐβεβαιώσατο,
907 2307 963 2376 καὶ
994 2307 1026 2387 ἐς
1056 2333 1118 2394 την

144 2407 279 2498 Λιβύην
294 2405 393 2497 ἐκβάς
407 2409 605 2498 ἐλεηλάτησε
618 2407 680 2498 τὴν
692 2414 861 2499 παραλίαν
875 2405 988 2496 αὐτῆς.
1013 2409 1117 2478 ταῦτα

144 2510 210 2598 μὲν
233 2512 394 2634 ἔπραξεν,
425 2506 465 2580 06
496 2512 609 2600 μέντοι
633 2507 679 2580 δι’
706 2507 791 2581 αὐτά
818 2506 1051 2598 ἐπεφύσητο
1032 2505 1118 2580 ω’στε

145 2610 230 2702 πρὸς
248 2608 308 2683 τὸν
321 2607 479 2699 Ἀννίβαν
506 2617 802 2735 διακινδυνεῦσαι,
827 2609 911 2682 άλλά
929 2626 1000 2695 ταις
1025 2613 1117 2682 ἐντο-

103 2738 131 2779 εε
146 2721 221 2794 λαλς
238 2715 299 2783 τοῦ
318 2720 449 2802 Φαβίου
475 2714 650 2802 ἐνέμεινεν.
692 2709 839 2804 ὅθενπερ
864 2715 921 2782 καὶ
947 2718 984 2782 αλ
1005 2709 1118 2794 πόλεις

144 2809 262 2884 οὐκέθ’
284 2809 406 2904 δμοίως
419 2828 488 2896 τοῖς
502 2820 747 2904 Καρχηδονίοις
761 2822 1008 2904 προσετίθεντο.
1042 2817 1117 2900 ἐφο-

146 2920 269 3002 βοῦυτο
287 2912 351 3018 γάρ
368 2944 414 3004 μη
437 2912 456 2984 6
471 2912 714 3006 Ἀννίβας”της
729 2915 868 2998 Ἰταλίας
893 2915 1036 3003 ἐκπέση,
1061 2915 1116 2982 καλ

147 3013 251 3086 κακόν
268 3044 301 3086 τι
315 3011 446 3089 αὖτολ“
427 3014 494 3086 υπὸ
508 3015 715 3106 Ρωμαίων“
693 3043 752 3086 ατε
766 3021 956 3104 προσοίκων
969 3011 1114 3084 πάθωσι.

147 3118 204 3187 καί
239 3121 274 3186 oc
305 3117 369 3207 μὲν
403 3123 539 3198 πλείους
572 3117 611 3188 τδ
647 3114 903 3206 άποβησόμενον
939 3112 1115 3204 ἐσκόπουν,

102 3243 133 3284 το
146 3213 254 3306 ὀλίγοι
272 3147 329 3288 δὲμ
323 3217 405 3309 πρὸς
418 3215 498 3300 τοάς
510 3216 689 3308 Ῥωμαίους
707 3212 809 3300 αὖθις
823 3218 1042 3306 μετέστησαν,
1061 3220 1117 3287 καὶ

146 3317 351 3410 ἀναθήματά
367 3347 455 3401 τινες
472 3315 586 3402 αὐτοῖς
609 3326 772 3410 ἔπεμψαν.
810 3321 866 3390 καὶ
888 3325 948 3390 τοῦ
967 3313 1149 3406 Ἱέρωνοςς

147 3419 256 3492 πολλά
273 3419 503 3512 πεπομφότος,
528 3439 622 3493 σίτου
639 3423 696 3494 καί
714 3427 824 3511 Νίκης
850 3417 981 3510 άγαλμα
998 3424 1033 3490 οί
1043 3413 1116 3489 Ῥω-
