2510 3834
265 189 333 238 LIB.
347 188 395 238 VI.
411 187 489 240 ΟΔΡ.
502 187 601 238 XXIX.
620 187 692 238 LIB.
705 187 766 238 VII.
786 183 864 238 cAP.
878 189 901 242 Ι.
1024 184 1065 250 85

96 357 164 399 νυν
193 329 250 406 καλ
280 329 357 417 περὶ
385 324 513 396 τούτων
540 329 596 398 καὶ
620 327 796 415 διηγητίον
819 323 863 407 ὦς
892 321 969 398 ἐνόν
996 329 1063 397 ἐπι-

94 431 250 519 τίμνοντι
272 427 309 498 τὸ
335 425 459 510 πλάτος
485 431 543 517 τῆς
568 426 754 518 διηγήσεως
776 430 833 497 καί
855 428 917 518 τήν
938 457 1063 520 μακρη-
1226 507 1229 516 ¹

94 537 217 623 γορίαν
245 532 461 600 συστέλλουσι
468 583 478 618 ,
517 527 563 599 ἵν’
598 529 668 601 εἶεν
704 525 893 600 εὐσύνοπτοι
928 528 967 600 τό
1005 537 1064 619 τῆς
1229 529 1233 546 ²

97 634 244 724 ἱστορίας
273 633 329 702 καὶ
361 628 423 720 τήν
452 633 521 701 τῶν
554 629 716 702 ἐπιόντων
747 628 882 721 μνήμην
911 628 956 721 μή
988 637 1063 702 διοι-
1228 581 1238 690 ἰ

70 731 268 824 ιφεύγοιεν.

176 874 312 949 Αἰνείας
331 866 412 955 μετόι
429 866 488 937 τὸν
511 866 661 957 Τρωικόν
677 863 860 958 πόλεμον’
841 895 889 957 αφ
892 879 962 938 λκιο
953 843 1093 992 προιὲ
1095 931 1167 982 1313

94 965 323 1059 Ἇβσρίγινας,
348 975 382 1038 οἱ)
397 967 515 1062 πρῴην
537 966 598 1058 τήν
615 967 763 1064 χάραν
751 967 862 1040 όκονν
879 965 961 1040 καθ’
980 997 1024 1058 ην
1041 1000 1062 1060 η

89 1066 197 1160 Ριόμη
228 1067 441 1158 πεπόλισται,
473 1077 623 1142 Λατίνου
648 1075 713 1140 τοῦ
736 1069 873 1142 Φαύνου
902 1069 976 1142 τότε
1002 1071 1064 1161 τήν

94 1171 226 1244 τούτων
243 1168 350 1262 ἀρχὴν
368 1178 512 1260 ἔχοντος,
531 1173 588 1241 καλ
606 1175 768 1262 προσέσχε
780 1177 964 1266 Λαυρεντςό
980 1173 1063 1244 κατά

58 1304 82 1343 ιο
93 1273 155 1346 τόν
172 1279 364 1362 Νουμίκιον
381 1270 540 1395 ποταμόν,
561 1277 645 1344 ἔνθα
659 1271 742 1342 κατά
756 1301 787 1342 τι
802 1272 844 1361 δή
856 1271 1064 1364 θεοπρόπιον

93 1380 228 1464 λέγεται
241 1371 553 1464 παρασκευάζεσθαι
568 1371 774 1461 ποιήσασθαι
786 1371 848 1464 τήν
860 1383 1061 1463 κατοίκησιν

93 1475 171 1547 ὁδὶ
195 1481 254 1564 τῆς
277 1504 386 1598 χωρας
410 1503 523 1565 αρχων
540 1486 684 1556 Λατῖνος
708 1473 847 1564 ἀπεῖργε
871 1479 918 1570 τῷ
943 1482 1063 1570 Αἰνείᾳ

96 1575 162 1664 τήν
180 1580 271 1646 ἐν’
232 1606 271 1667 τη
289 1575 381 1670 χάρη
398 1583 613 1668 καθίδρυσιν.
642 1579 699 1648 καί
713 1549 931 1668 συμβαλωύ
912 1581 1060 1666 ηττᾶται·

3 1697 5 1752 ι
97 1677 170 1750 εἶτα
183 1675 228 1748 δι’
242 1675 425 1767 ὀνειράτων
438 1681 615 1767 φανέντων
627 1673 753 1769 ἀμφοῖν
765 1677 1060 1751 καταλλάττονται·

3 1759 5 1872 λ
59 1805 84 1846 ιε
95 1783 152 1849 καὶ
174 1785 234 1868 τῆς
259 1787 427 1860 κατοικίας
451 1777 542 1874 αὐτῷ
566 1797 773 1870 παραχωρεῖ,
798 1780 934 1869 καλιήν
951 1793 1063 1870 θυγα-

3 1875 5 1906 ³
95 1884 173 1967 τέρα
191 1887 381 1952 Λαουινίαν
400 1888 446 1960 είς
468 1878 576 1970 γάμον
594 1885 781 1955 ἐκδίδωσιν.
818 1891 904 1954 ἔνθα
928 1877 1062 1953 πόλινὸ

95 1989 235 2062 Αἰνείας
253 1979 474 2070 οἰκοδομήσας
493 1979 644 2072 ύνόμασε
662 1991 858 2054 Λαουίνιον·
877 1975 900 2072 ή
916 2011 952 2052 τε
971 1981 1062 2073 χώρα

96 2085 222 2154 Λάτιον
247 2081 418 2172 ἐπεκλήθη
441 2086 496 2154 καί
520 2089 555 2153 οἰ
575 2079 749 2176 ἂνθρωποι
775 2087 809 2152 οί
834 2087 904 2152 ἐκεί
924 2094 1063 2153 Λατῖνοι

7 2263 8 2274 ¹
96 2181 432 2276 προσηγορεύθησαν.

8 2361 10 2382 ι
60 2345 84 2386 ιο
167 2318 354 2392 Ῥουτούλοι
386 2319 424 2390 δὲ
452 2314 653 2409 ὁμορούντες
683 2322 724 2410 νή
749 2316 841 2410 γύρᾳ
873 2321 909 2390 ἐκ
935 2315 1097 2402 πόλεωςΒ

9 2413 11 2440 '
93 2416 230 2512 Ἀρδέας
247 2419 453 2512 ὁρμώμενοι,
479 2423 536 2492 καὶ
560 2418 712 2512 πρόσθεν
735 2427 908 2511 δυσμενῶς
931 2427 1062 2512 ἔχοντες

96 2521 179 2612 πρός
197 2530 377 2612 Λατίνους,
396 2524 450 2593 καί
469 2519 543 2594 τότε
561 2518 708 2612 πόλεμον
724 2519 860 2613 ήραντο,
880 2521 1061 2613 ἐπαρήγον-

95 2652 147 2706 τος
173 2621 289 2706 αὐτοῖς
320 2626 377 2694 καλ
407 2624 557 2716 Τούρνου
579 2619 702 2714 άνδρδς
710 2627 910 2749 ἐπιφανοῦς
935 2627 990 2694 καλ
1013 2627 1063 2694 τω”

95 2732 232 2822 Λατίνφ
250 2723 493 2816 προσήκοντος,
518 2721 555 2805 ός
573 2720 654 2794 δι”
639 2729 741 2816 οργής
764 2725 823 2796 τὸν
840 2735 987 2796 Λατῖνον
1005 2752 1062 2795 πε-

63 2849 85 2890 n
97 2833 214 2916 κοίητο
233 2825 339 2897 διὰ
305 2856 364 2898 τον
381 2833 566 2908 Λαονινίας
584 2825 706 2918 γάμον
726 2826 897 2921 ἐκείνῳ
860 2856 923 2917 γαρ
941 2823 962 2914 ή
980 2825 1063 2914 κόρη

97 2926 362 3020 προωμολόγητο
395 2927 504 3020 μάχης.
519 2917 582 2998 ούν
598 2929 779 3018 γενομένης
797 2925 1015 2998 πίπτουσιν”
996 2951 1063 2996 οτε

15 3037 17 3054 '
101 3036 250 3153 Τρύρνος
268 3029 357 3100 καλ“
342 3059 361 3100 ο
379 3041 540 3118 Λατῖνος,
565 3027 626 3120 τήν
644 3030 683 3102 δὲ
700 3027 832 3120 νίκην
816 3056 834 3098 ο
854 3034 991 3111 Αἰνείας
1008 3056 1061 3127 ηε-

96 3128 232 3222 κόμιστο
259 3134 315 3202 καὶ
338 3122 401 3222 τήν
424 3135 484 3203 τοῦ
508 3135 678 3222 πενθεροῦ
702 3139 883 3221 βασιλείαν.
918 3128 999 3220 μετὰ
1024 3131 1065 3200 δι’

161 3363 550 3430 Οερ.1.1)ἰοιιίεΗιειοι·ἱεε
563 3363 704 3417 Romanae
715 3363 781 3413 libri
792 3363 906 3428 perditi·
924 3363 1062 3428 fragmen-

95 3433 185 3496 ιοιιιί,
196 3431 234 3494 1³,
249 3447 283 3482 ex
294 3431 416 3482 Ττοιιεο
428 3431 533 3483 seholss
525 3448 554 3483 m
563 3431 768 3498 Lycophroms
763 3430 974 3482 Alexandraev
986 3429 1061 3492 1232,

95 3469 240 3550 Plutareh’i
251 3498 384 3551 Romulus
403 3502 431 3550 ιζ
441 3502 515 3550 3-6.
