2586 3800
400 157 472 210 Lm.
486 155 547 210 ΧΠ.
566 156 645 208 ονε.
659 158 692 208 X.
706 157 756 208 τι.
1003 156 1061 220 107

19 291 22 298 ’
94 295 151 388 ἐφ’
172 294 312 386 ἡμέραις
329 302 435 388 τρισί,
462 293 589 383 βιούσας
612 296 650 366 τὸ
675 294 811 387 σύμπαν
829 304 885 385 ἐτη
904 293 1062 386 ἐξήκοντα

7 453 9 458 -
92 403 151 471 καὶ
174 400 276 470 πέντε
299 400 357 468 καὶ
378 401 487 488 μῆνας
512 399 609 470 ἐννέα
634 399 690 468 καὶ
721 393 846 488 ἡμέρας
877 399 976 470 ἐννέα
1005 401 1062 470 καὶ

93 513 208 574 είκοσι.

175 598 322 690 Τοιαύτη
358 595 393 672 δ’
428 591 471 690 ἦν
504 598 595 694 αύτῷ
629 598 651 689 ή
683 599 833 690 διαγωγή
863 604 901 672 έν
928 599 1062 692 εἰρήνης

66 708 210 797 εκαιρᾷι.
244 703 386 791 ἐπραττέ
417 729 449 772 τι
482 699 603 785 νυκτὸς
633 701 702 774 ὑπὸ
731 700 793 774 τὸν
810 699 955 793 ὄρθρον,
992 701 1062 774 εἶτα

94 804 226 896 ἐβάδιζε
252 805 360 892 λέγων
383 805 440 873 καὶ
461 800 598 875 ἀκούων
622 804 662 874 τά
684 807 726 896 τῇ
756 800 843 896 άρχή
872 801 1060 895 πρόσφορα,

7 941 8 946 ’
92 910 152 980 καλ
168 904 273 987 οὕτως
292 907 442 988 ἐδίκαζεν
459 908 522 988 ἕως
535 913 753 996 μεσημβρίας,
771 913 803 978 εί
813 903 859 996 μή
872 933 921 988 τις
932 903 1062 996 μεγάλη

92 1002 138 1098 ἦν
161 1005 259 1096 ἑορτή
266 1059 277 1096 ,
300 1009 357 1077 καὶ
379 1021 449 1088 τοῖς
467 1004 703 1090 συνδικάζουσι
720 1013 911 1099 παρρησίαν
929 1011 1060 1080 ἐδίδου·

92 1113 148 1184 καὶ
168 1112 223 1182 ἐπὶ
239 1105 369 1191 τούτοις
386 1113 543 1198 ἵππευεν,
563 1105 625 1178 εἶτ’
645 1106 796 1198 ἐλούετο,
814 1107 934 1199 ἠρίστα
950 1111 1062 1182 τεκαὶ

53 1247 79 1288 ιο
94 1209 278 1298 ἐκάθευδε,
312 1211 370 1281 καὶ
392 1206 537 1292 ἀναστάς
560 1207 600 1280 τά
623 1209 722 1282 λοιπά
752 1209 974 1305 προσδιρέκει,
1004 1215 1060 1284 καλ

92 1313 203 1403 λύγοις
221 1307 338 1402 ὁμίλει
355 1314 393 1382 έν
410 1309 582 1406 περιπάτῳ
600 1319 758 1397 Λατίνοις
780 1339 817 1382 τε
839 1315 897 1384 καὶ
914 1307 1061 1404 Ἑλληνι-

92 1431 182 1505 κοῖς,
206 1415 264 1485 καὶ
281 1410 364 1503 πρδς
387 1413 534 1504 ἑσπέραν
552 1411 684 1486 ἐλούετο
702 1405 805 1496 αὖθις
822 1416 877 1486 καλ
896 1418 1059 1488 ἐδείπνει·

92 1521 149 1590 καὶ
172 1521 210 1588 έν
231 1531 305 1596 ταῖς
327 1512 419 1586 πάνυ
443 1512 641 1604 ἀναγκαίαις
666 1513 805 1614 ἡμέραις
828 1513 869 1586 τά
892 1521 1060 1606 πολυτελῆ
1072 1533 1092 1584 c

93 1625 216 1690 δεῖπνα
233 1614 439 1706 συνεκρότει.

51 1752 78 1792 15
146 1753 148 1757 ·
165 1717 239 1792 Ἐπὶ
260 1715 382 1788 τούτου
400 1723 548 1806 διωγμοῦ
565 1719 763 1808 κινηθέντος
780 1715 863 1790 κατά
879 1721 949 1790 τῶν
966 1717 1060 1791 εύσε·
1074 1721 1111 1784 11

92 1826 165 1910 βων
187 1822 304 1892 πολλοὶ
326 1819 389 1909 μέν
410 1813 613 1908 ήνδρίσαντο
637 1821 694 1889 καὶ
719 1827 906 1912 μαρτυρίου
935 1821 1061 1911 στεφά-

91 1951 173 2004 νους
190 1919 332 2013 ἤραντο,
357 1917 432 1990 τότε
455 1920 493 1992 δέ
509 1922 566 1991 καὶ
583 1926 760 2010 Λεωνίδης
776 1919 794 1991 ὁ
811 1920 920 2012 πατήρ
935 1917 1060 2013 Ὠριγέ-

11 2019 13 2026 “
92 2051 176 2104 νους
198 2024 415 2113 κατασχεθεὶς
439 2023 496 2092 καλ
520 2019 574 2112 ἐφ’
608 2022 736 2113 ἑτέραις
765 2031 938 2112 τιμωρίαις
968 2027 1060 2107 τέλος

91 2124 155 2214 τήν
178 2123 328 2214 κεφαλὴν
352 2124 530 2213 ἐκτμηθείς
555 2125 635 2195 νέον
651 2127 774 2213 κομιδή
792 2129 985 2196 καταλείπει
1002 2125 1060 2196 τὸν

49 2258 78 2298 νο
92 2231 208 2298 παῖδα.
266 2221 302 2308 ὃς
326 2231 374 2296 ἐτι
398 2241 476 2306 παῖς
500 2218 549 2295 άν
573 2220 665 2314 άργα
696 2221 780 2316 πρδς
802 2220 838 2294 τδ
862 2221 1059 2314 μαρτύριον·

9 2411 10 2414 ¹
92 2323 180 2418 ήδέ
198 2356 238 2417 γε
260 2327 367 2419 μήτηρ
395 2323 500 2398 αὐτοῦ
523 2324 634 2414 λόγοις
652 2323 815 2416 πρότερον
833 2328 985 2417 ἐπειρᾶτο
1002 2326 1061 2399 τὸν
1104 2343 1106 2348 ’

91 2427 170 2500 νίὸν
195 2426 340 2518 ἀπάγειν
361 2435 421 2516 τῆς
446 2425 681 2518 ἐγχειρήσεως,
711 2426 758 2509 ὥς
785 2424 819 2498 δ’
845 2423 908 2498 ούκ
932 2423 1072 2518 έπειθε,

9 2575 10 2578 =
91 2531 157 2620 τήν
176 2534 303 2620 ἐσθῆτα
326 2533 442 2600 πᾶσαν
464 2527 621 2618 ἀφείλετο
645 2527 827 2611 καλούσας
844 2530 1061 2619 οίκοιμένειν

92 2634 150 2704 καὶ
173 2629 298 2707 ἄκοντα
321 2628 581 2724 παρεσκεύασεν.
626 2628 648 2702 ὁ
675 2632 713 2702 δέ
738 2627 894 2722 άπρόιτος
918 2626 966 2702 ὢν
989 2635 1061 2702 ἐπι-

47 2763 80 2806 εε
96 2736 227 2806 στέλλει
239 2738 286 2828 τῷ
299 2734 399 2821 πατρὶ
409 2735 654 2828 καθειργμένην,
667 2730 868 2821 ὑπαλείφων
880 2729 940 2803 τδν
950 2731 1061 2822 ἄνδρα

93 2835 176 2926 πρὸς
209 2835 247 2906 τὸ
281 2831 481 2926 μαρτύριον,
516 2833 599 2923 πρὸς
625 2850 695 2916 τοῖς
725 2829 838 2914 άλλοις
865 2835 921 2904 καὶ
955 2837 1094 2904 ταύταΙ)

92 2934 224 3028 γράψας
242 2936 325 3027 πρὸς
342 2940 431 3027 ῥῆμα
446 2933 568 3024 “ἐπεχε
590 2933 636 3024 μή
661 2931 706 3004 δι’
728 2931 812 3022 ἡμᾶς
830 2929 911 3003 άλλο
928 2961 961 3003 τι
978 2961 1060 3022 φρο-

161 3336 230 3403 (λιιμ.
254 3339 302 3405 11„
329 3337 445 3388 Eusebii
463 3337 606 3388 Historiae
630 3335 842 3387 ecclesiasticae
860 3333 878 3384 Ι.
896 3335 926 3397 6,
950 3350 974 3385 ο.
994 3336 1008 3384 1
1027 3362 1062 3374 -

91 3403 315 3536 ροξῖδῖὲὲᾶιᾱίεε
337 3407 402 3456 sunt
424 3395 506 3455 ἄλλοι
530 3397 565 3455 δέ
588 3417 661 3468 φασι
683 3429 716 3441 -
744 3405 858 3468 νεκροῖς
882 3393 1009 3454 ἐοικέναι
1034 3417 1060 3466 μ,
