2538 3824
363 211 434 263 LIB
448 211 482 262 X.
500 209 576 264 OAP.
590 211 690 264 XXIX.
703 212 790 267 XXX.
994 209 1057 275 427

7 335 11 448 J
92 347 294 439 θόρσησεν“
279 377 296 420 ο
310 357 443 441 Καίσαρ
462 348 568 421 καὶ
535 379 594 422 τον
611 357 757 422 ἔκπλουν
769 347 883 421 αῦτῦν
897 313 1056 480 έπετηρει.

7 455 9 534 J
92 450 137 534 ῦς
156 451 194 522 δέ
211 447 435 542 παρετάξαντο
452 452 516 543 μέν
532 457 568 522 οί
581 459 641 524 τοῦ
660 450 859 542 Ἀντωνίον,
886 447 927 523 οῦ
944 459 1057 543 μέντοι

6 527 9 650 J
91 550 280 644 προῄεσαν,
299 549 432 642 ῦρμησε
449 552 552 644 μέν
530 582 573 635 ως
591 555 681 624 καλ’
665 557 783 625 εστῦσι
801 561 898 642 σφίσι
914 562 1058 644 προσμί-

6 651 8 722 J
89 649 196 740 ἔντυ’
175 683 197 743 η
215 651 306 724 καλ’
288 661 502 745 αναχωρῆσαι
519 653 680 746 ποιήσων,
699 650 794 738 ῦςδ
815 653 887 726 οὔτ’
910 655 1058 746 ἐξόρμη-

6 837 7 844 J
64 779 156 828 εσαν
179 753 251 828 οὔτ’
277 751 507 846 ἀνέστρεψαν,
533 753 618 826 ἀλλὰ
643 755 726 828 κατὰ
743 755 856 848 χοόραν
874 763 993 848 έμενον
1016 763 1056 849 τῇ

5 907 7 952 3
87 856 244 940 συντάξει
261 884 297 928 τε
315 857 569 947 έπεπῦκνωντο,
594 853 713 948 ἀνέσχε
730 857 852 949 χρόνον
867 856 959 948 τινά,
984 857 1088 928 είταΒ

5 969 6 974 ’
86 957 317 1048 συμπεσόντες
335 959 556 1051 ἐναυμάχουν.

163 1057 380 1151 Ἀγχωμοίλου
405 1061 442 1132 δέ
464 1065 523 1150 τῆς
547 1067 733 1151 ναυμαχίας
757 1058 862 1150 οῦσης
889 1063 943 1132 ἐπὶ
969 1059 1056 1132 πολῦ

85 1163 146 1234 καλ
171 1159 326 1252 ἀκρίτου,
353 1167 390 1233 αί
405 1161 622 1255 Κλεοπάτρας
648 1161 806 1252 ἑξήκοντα
830 1167 908 1252 νῆες
928 1159 1055 1252 συνθη·

4 1323 5 1334 .
50 1297 73 1338 ιο
85 1291 192 1356 ματος
214 1259 295 1354 παρ’
322 1263 423 1353 αὐτῆς
449 1266 610 1348 δοθέντος
632 1263 715 1350 πρὸς
737 1259 912 1336 ἀπόπλουν
935 1263 1056 1354 ἥρκασι

83 1365 129 1438 τὰ
147 1371 237 1437 ίστία
254 1367 310 1436 καλ
328 1366 410 1454 πρὸς
427 1365 464 1436 τὸ
481 1369 623 1456 πέλαγος
642 1363 812 1458 ὥρμησαν.
849 1360 919 1436 ὁδ’
938 1361 1055 1437 Ἀντοό-

83 1496 160 1550 νιος
177 1466 239 1557 τὴν
256 1465 471 1557 Κλεοπάτρας
488 1471 575 1540 ναῦν
593 1465 677 1540 ίδῦν
694 1464 947 1556 ἀποπλέουσαν,
972 1465 1055 1540 πόν-

84 1599 157 1640 των
184 1567 424 1659 ἐπιλαθόμενος
451 1577 498 1652 είς
523 1568 671 1662 πεντήρη
695 1567 839 1660 μεταβὰς
858 1571 977 1640 ἐδίωκε
993 1567 1055 1659 τὴν

3 1665 4 1720 }
84 1668 519 1742 ἀπολωλεκυλαναῦτδνκαὶ
531 1674 914 1761 έτιπροσαιιολέσουσκν.
944 1673 1055 1760 ἐκείνη

3 1771 5 1774 ’
50 1803 73 1843 ιε
88 1771 129 1844 δέ
145 1779 339 1864 γνωρίσασα
351 1770 388 1842 τό
401 1778 461 1863 τῆς
474 1773 558 1854 νεῦς
572 1790 722 1862 σημεῖον,
740 1769 873 1864 ἀνέσχε·
902 1774 958 1844 καὶ
971 1769 1056 1846 ἀνα-

2 1900 7 1944 τ
80 1875 234 1966 Ιληφθεὶς
258 1881 304 1955 είς
327 1873 391 1963 την
415 1878 545 1964 έκείνης
562 1881 667 1963 ναῦν,
690 1872 791 1964 μόνος
814 1873 997 1963 παρελθών
1022 1877 1054 1956 ές

2 1995 3 2000 ’
88 1981 231 2070 πρῷραν
261 1976 405 2065 ἐκάθητο
437 1979 583 2046 σιωπῶν.
636 1977 692 2045 καὶ
721 1993 809 2066 τρεῖς
839 1976 901 2064 μὲν
930 1974 1054 2065 ἡμέρας

2 2115 17 2194 J⁴
85 2074 196 2252 gz'ae'uog
215 2074 385 2250 διήχαχεν,
405 2080 442 2249 έχι
455 2078 542 2248 (δέ
509 2073 662 2170 Ταινάρῳ
679 2079 880 2246 χεηοχιένρῖυς
898 2081 936 2145 αί
943 2074 1087 2246 σννηὶῦ

2 2217 4 2250 ι
115 2208 162 2261 εις
187 2207 274 2268 χνυα
290 2207 345 2262 κες
373 2207 414 2249 κα
477 2177 649 2267 υνήχαχον
675 2205 718 2248 κα
778 2204 823 2246 νν
847 2191 976 2246 ειπνειν
998 2203 1040 2245 κα

2 2331 6 2404 J
46 2310 73 2352 το
87 2276 376 2371 συγκαθεύδειν’
356 2284 546 2352 ανέπεισαν
582 2309 619 2350 το
608 2278 675 2349 δέ
692 2281 753 2349 τοῦ
774 2275 956 2349 Ἀντωνίου
973 2306 1054 2348 ναυ-

85 2383 183 2454 τικόν
205 2380 288 2472 μετὰ
310 2411 372 2470 την
396 2379 500 2454 αὐτοῦ
522 2376 739 2472 ἀποχώρησιν
760 2375 919 2469 ἀντισχὸν
941 2381 1054 2470 μέχρις

2 2549 3 2552 ,
88 2481 179 2575 ὥρας
198 2481 358 2572 δεκάτης,
377 2481 482 2575 πυρός
502 2486 737 2574 ἐπενεχθέντος
755 2511 791 2554 το
795 2500 823 2565 ἴς
841 2479 984 2571 οκάφεσι
1001 2507 1054 2550 κε·

86 2584 271 2666 λεῦσαντος
284 2590 453 2674 Καίσαρος
466 2584 579 2676 τομὲν
596 2587 820 2675 κατεφλέχθη,
837 2612 875 2654 το
862 2583 932 2654 δὲ
950 2581 1053 2654 έάλω·

2 2737 3 2746 1
87 2690 222 2776 λέγεται
237 2686 302 2777 γὰρ
320 2689 397 2778 περὶ
415 2694 605 2777 τριακοσίας
623 2690 705 2776 νῆας
725 2689 916 2758 ἑαλωκέναι.

43 2817 71 2858 τε
171 2793 330 2860 Τοιοῦτον
358 2789 419 2878 μέν
448 2781 512 2860 οῦν
541 2793 582 2878 τῇ
611 2795 780 2880 ναυμαχία
802 2791 894 2868 τέλος
921 2786 1051 2874 ἐγένετο
1061 2786 1104 2852 30

86 2887 174 2962 κατὰ
192 2888 254 2978 τὴν
273 2890 435 2980 δευτέραν
451 2896 510 2961 τοῦ
528 2896 777 2979 Σεπτεμβρίου,
797 2889 853 2957 καὶ
870 2885 943 2958 τότε
960 2885 1053 2980 μόνην

2 3057 3 3062 ,
86 2998 137 3085 τῷ
161 2999 308 3081 Καίσαρι
330 2990 368 3062 τὸ
390 2989 508 3082 κρότος
532 2989 623 3060 ἅπαν
646 2987 910 3079 περιελήλυθεν,
947 2984 992 3067 ῦς
1017 2991 1054 3056 έκ

2 3110 3 3124 ’
87 3089 212 3164 τοῦτον
231 3090 272 3182 δὴ
290 3095 353 3163 τοῦ
369 3096 489 3183 καιροῦ
506 3091 567 3182 τὴν
585 3089 690 3161 αὐτοῦ
708 3097 894 3180 μοναρχίαν
917 3093 1054 3177 ψηφίζε·

2 3235 3 3288 j
89 3207 182 3266 σθαι.
225 3191 325 3266 πόλιν
344 3191 375 3264 δ’
398 3197 434 3266 ἐν
451 3199 498 3288 τῷ
515 3195 575 3264 τοῦ
592 3193 818 3282 στρατοπέδου
836 3187 926 3260 τόπω
944 3187 1087 3284 συνοό-Ι)

90 3327 296 3336 *on—*—

159 3392 227 3458 (λαμ.
251 3397 292 3449 30,
332 3392 431 3444 Dionis
459 3393 603 3443 Historiae
630 3390 813 3442 Romanael.
833 3391 879 3453 51,
904 3405 928 3444 ο,
953 3391 1006 3439 1-
1014 3391 1054 3440 10.

89 3459 236 3512 Plutarchi
258 3461 393 3512 Antonius
417 3477 440 3513 ο.
459 3464 505 3525 66,
524 3462 571 3519 68,
590 3461 636 3522 69,
655 3461 702 3524 74,
721 3461 830 3510 ‘la-78.
866 3457 968 3507 Addita
989 3461 1055 3508 sunt

2 3555 3 3562 ν
91 3543 164 3592 quae
182 3529 216 3578 de
234 3531 335 3580 statuis
347 3529 513 3593 Byzantium
531 3527 677 3578 translatis
695 3533 842 3578 narrantur
860 3539 885 3591 p.
898 3525 957 3588 428,
977 3525 1052 3574 7—9.
