2538 3824
166 191 188 254 2
520 191 593 243 LIB.
606 191 654 243 XI.
672 189 788 272 cAP51.

172 327 223 404 ότι
240 357 278 401 τε
299 328 451 402 ὕπουλον
476 327 565 420 εἶχεν
588 321 673 418 ἦθος
697 332 753 400 καὶ
776 325 827 400 ότι
850 330 907 400 καί
923 327 965 400 τίι
982 328 1140 422 στρατεό·

65 456 191 510 W11172
199 460 286 523 ματα
298 429 339 502 τό
355 461 391 504 τε
406 434 442 503 έν
455 437 632 524 Παννονίρι
645 433 702 501 καί
716 434 753 503 έν
766 437 937 525 Γερμανίᾳ
950 426 1139 520 ὑπώπτευε,

131 610 134 618 ,
170 537 227 605 καὶ
249 532 308 606 τόν
326 532 537 624 Γερμανικὸν
561 537 685 605 έδεδίει
707 536 767 621 τῆς
786 540 975 625 Γερμανίας
993 529 1139 626 ἄρχοντα

169 634 243 707 τότε
260 637 326 706 καὶ
323 652 400 719 τοῖς
413 631 628 729 στρατιώταις
641 632 857 726 φιλούμενον
893 635 949 705 καὶ
964 633 1020 705 δια
1033 635 1139 706 ταῦτα

170 735 321 810 οὐδέν’
299 766 344 819 ας
366 733 583 829 αῦτοκρατοιρ
608 743 747 826 ἔπραττε
770 739 943 860 φανερῶς,
974 734 1058 806 ἀλλὰ
1082 739 1167 808 καλε

170 853 286 911 νοσεῖν
310 835 597 966 προσποιούμενος
621 828 831 930 οἰκουρῶν
811 867 854 927 ην
879 839 935 909 καί
953 839 1137 928 διέμελλεν,
1181 923 1185 933 ⁴

170 947 206 1012 ίν
208 939 357 1012 ’ἐλπίδι
381 943 443 1010 τοῦ
465 937 583 1012 ἑκόντα
605 940 667 1030 τὴν
684 937 792 1030 ἀρχὴν
809 935 955 1030 αφήσειν
973 935 1077 1012 αῦτὸν
1093 938 1140 1029 μή

79 1125 81 1129 ,
168 1050 205 1114 ’τί
219 1069 306 1124 τινες
323 1039 550 1132 νεοχμόσασι,
568 1041 682 1132 μέχρις
700 1031 743 1112 οῦ
754 1045 813 1130 τῆς
826 1039 1006 1131 ἡγεμονίας
1020 1045 1141 1133 έγκρα-

169 1144 227 1234 τὴς
247 1141 303 1215 δια
320 1144 457 1216 πάντων
475 1144 614 1232 ἐγένετο.
650 1140 711 1214 τόν
724 1133 841 1233 μὶν
799 1171 862 1214 ουν
875 1137 1062 1233 Ἀγρίππαν
1079 1140 1139 1212 αῦ-

169 1253 246 1317 τίκα
263 1247 395 1336 πέμψας
412 1241 603 1334 ἀπέκτεινε,
622 1250 683 1316 τοῦ
700 1243 912 1334 Αὐγούστου,
931 1273 976 1327 ας
996 1247 1137 1334 εἴρηται,
1153 1275 1181 1316 ιο

134 1371 158 1422 Β
171 1348 252 1435 όντα
265 1349 496 1439 θυγατριδοῦν
510 1349 543 1430 έξ
558 1341 697 1428 Ἰουλίας
710 1349 766 1416 καὶ
779 1352 840 1418 τοῦ
851 1341 1052 1438 Ἀγρίππου·
1080 1343 1140 1417 τόν
1162 1411 1164 1421 τ

171 1450 209 1521 δέ
226 1445 437 1540 Γερμανικόν
454 1456 532 1519 λίαν
550 1449 713 1536 ἐφοβεῖτο.
1034 1507 1037 1513 .

244 1547 454 1642 Ἐθορόβησε
472 1549 509 1620 δὲ
522 1551 579 1619 καί
592 1546 628 1619 τό
643 1552 680 1621 ἐν
692 1553 734 1641 τῇ
747 1555 922 1643 Παννονίρι
936 1545 1139 1638 στράτευμα,

171 1653 215 1736 ὡς
233 1651 390 1722 καὶκατὰ
408 1656 467 1722 τοῦ
485 1647 646 1740 ἄρχοντος
664 1647 777 1722 αῦτοῐν
794 1647 946 1741 ὁρμῆσαι.
983 1649 1054 1722 εἶτα
1071 1653 1140 1720 τῶν

170 1755 392 1844 θρασυτέρων
416 1755 473 1822 καὶ
496 1759 714 1840 πρωταιτίων
725 1755 963 1824 κολασθέντων
980 1753 1139 1840 κατέστη·
1153 1783 1182 1824 15

33 1938 36 1943 .
171 1877 235 1926 σαν
253 1859 287 1925 οί
302 1859 422 1926 λοιποί.
459 1859 493 1924 οί
510 1854 548 1924 δέ
566 1857 603 1924 έν
620 1857 662 1946 τῇ
674 1861 845 1948 Γερμανίᾳ
858 1851 966 1924 τόντε
985 1855 1139 1943 Τιβέριον

50 1971 65 2040 ’,
171 1954 423 2046 έκακηγόρησαν
441 1952 574 2026 καὶτὸν
592 1953 801 2048 Γερμανικόν
819 1953 1025 2028 ἐπεκάλεσαν
1043 1952 1139 2024 οῦτο-

170 2056 325 2186 κρότορα.
362 2061 492 2130 ἐκείνου
512 2057 550 2128 δέ
566 2056 603 2130 τὸ
621 2061 716 2148 ξίφος
730 2059 946 2146 σπασαμένου
959 2051 1004 2139 οῦς
1019 2055 1139 2128 ἑαυτὸν
1162 2061 1165 2066 “

170 2157 466 2254 ῦναιρήεσοντος,
450 2155 497 2242 εἷς
514 2187 564 2242 τις
581 2163 649 2231 τῶν
666 2162 877 2251 στρατιωτῶν
893 2155 930 2230 τό
950 2160 1119 2230 ἑαυτουι
1061 2161 1139 2239 ξί-

88 2264 90 2269 ’
171 2293 234 2354 φος
264 2256 487 2344 ἀνατείνας“
491 2259 613 2332 τοῦτο”
647 2258 746 2351 ἔφη
748 2255 856 2350 ‘'ka'fls
896 2257 1056 2351 όξότερον
1071 2255 1136 2348 γόρ
1151 2288 1183 2330 εο

171 2361 289 2436 έστιν.”
337 2359 355 2434 ό
372 2353 442 2434 οῦν
466 2360 673 2452 Γερμανικὸς
695 2366 756 2432 τοῦ
778 2379 906 2434 κτεῖναι
930 2362 1035 2452 μέν’
1018 2357 1139 2431 εαυτόν

169 2464 368 2558 αἰπέσχετο“
353 2493 410 2535 ινα
433 2459 478 2553 μὴ
502 2470 629 2553 μαλλον
653 2461 874 2556 στασιασασι,
898 2461 1075 2556 γράμματα
1101 2461 1139 2532 δέ

171 2565 216 2649 ῦς
235 2568 351 2636 έκτοῦ
373 2569 530 2657 Τιβερίου
555 2567 754 2655 πεμφθέντα
777 2563 988 2656 πλασάμενος
1011 2561 1140 2656 δωρεὰς

162 2665 287 2749 αὐτοῖς
319 2663 457 2738 διδόντα
487 2667 543 2737 καὶ
573 2663 659 2738 ἄλλα
687 2665 764 2738 τινὰ
793 2663 1048 2757 ῦπισχνοόμενα
1077 2664 1140 2754 τὴν

137 2767 291 2843 οστιίσιν
306 2783 307 2787 ’
320 2766 395 2844 τότε
407 2771 410 2775 ’
424 2771 642 2856 κατέπαυσεν.
689 2765 834 2860 ὕστερον
862 2770 899 2840 δέ
921 2769 1141 2859 πρεσβευτῶν
1154 2796 1184 2838 25

172 2869 261 2964 παραὶ
279 2875 338 2943 τοῦ
357 2877 515 2964 Τιβερίου
531 2871 757 2961 πεμφθέντων
774 2868 912 2960 γνόντες
929 2867 966 2941 τό
979 2873 1040 2941 τοῦ
1053 2877 1141 2961 Γερ-

171 2977 315 3064 μανικοῦ
338 2972 551 3066 στρατήγημα
574 2975 631 3043 καδ
649 2970 924 3054 ὑποπτεύσαντες
938 2970 1018 3052 τοῦς
1036 2973 1140 3061 πρέσ-

171 3083 242 3164 βεις
256 3073 502 3166 ἀνατρέψαντος
516 3071 610 3164 ἥκειν
622 3073 663 3144 τόι
675 3069 738 3145 ὑπ’
754 3079 885 3146 ἐκείνου
899 3075 1141 3163 ἐπηγγελμένα,

173 3175 391 3268 έθορόβησαν
409 3167 508 3260 αὖθις
527 3179 582 3246 καὶ
601 3171 684 3247 κατὰ
696 3179 765 3247 νῦν
778 3179 954 3268 πρέσβεων
967 3171 1139 3266 ὥρμησαν.

141 3325 144 3332 ‹
172 3279 228 3346 καὶ
251 3275 313 3366 τὴν
336 3281 396 3348 τοῦ
417 3281 628 3370 Γερμανικοῦ
651 3293 797 3367 γυναῖκα
821 3276 884 3367 τὴν
904 3274 1186 3369 Ἀγριππίναν,εο

170 3383 229 3464 τῆς
253 3384 312 3449 τοῦ
336 3387 506 3466 Καίσαρος
538 3378 707 3470 θυγατρὸς
738 3383 797 3469 τῆς
821 3375 963 3462 Ἰουλίας
991 3379 1048 3448 καλ
1077 3377 1140 3447 τοῦ

168 3471 353 3565 Ἀγρίππον
371 3483 477 3548 παῖδα
495 3495 687 3571 γεγονυῖαν,
706 3484 905 3573 συνέλαβον,
922 3479 1049 3552 καὶτὸν
1062 3474 1142 3550 υίόν
