2538 3824
208 136 273 202 442
517 139 589 194 LIB.
602 137 638 196 X.
656 138 736 191 cAP.
747 139 874 192 XXXIV.

210 275 296 366 βρύν
308 300 371 351 σου
383 279 544 367 γενέσθαι
556 284 676 370 χρῆναι
689 274 710 369 ἢ
723 273 963 370 φονευθῆναι.”
994 275 1181 367 Ἀγρίππας

210 371 275 451 ούν
291 383 450 452 οίδούντα
467 379 578 471 εύροδν
595 386 633 452 ἐν
649 386 691 471 τῇ
704 375 811 472 Ῥοίμη
827 378 869 452 τὰ
886 379 1063 470 πράγματα
1080 407 1180 450 κατε-
1260 381 1263 408 ³

175 480 363 572 Βστήσατο.
397 479 416 552 ὁ
442 479 475 554 δ’
496 478 692 571 Αὔγουστος
714 480 755 552 τδι
780 485 817 553 ἐν
833 488 874 574 τῇ
892 487 1033 574 Σικελίᾳ
1050 480 1181 571 διοική-
1261 511 1263 556 ῖ

209 607 271 666 σας
295 590 342 667 είς
365 581 427 673 τὴν
446 579 588 656 Ἐλλάδα
612 581 823 674 ἐπεραιώθη,
848 585 906 653 καὶ
927 582 965 654 τδ
981 581 1180 673 Ἑλληνικόν

211 685 383 775 διαγαγιδν
400 691 449 768 είς
465 685 528 776 τὴν
540 684 659 778 Σάμον
676 693 830 775 ἔπλευσε,
848 682 948 756 κδκεί
957 683 1114 776 χειμάσας
1129 691 1207 767 είςε

209 785 271 876 τὴν
289 785 406 859 Ἀσίαν
424 791 525 882 ἐντῷ
543 793 616 876 ἐαρι
634 789 815 878 ἐκομίσθη,
839 787 896 857 καί
919 785 961 857 τύ
981 815 1018 859 τε
1036 790 1105 858 ἐκεῖ
1120 789 1180 858 καί

208 888 249 959 τύ
269 891 305 960 ἐν
323 895 364 980 τῇ
377 895 525 982 Βιθυνίᾳ
541 891 680 976 διέταξε,
699 889 755 958 καὶ
767 884 847 971 τούς
859 887 1067 978 Κυζικηνούς
1081 891 1179 960 ἐδου·
1262 909 1263 984 J

209 987 350 1079 λύσατο,
364 986 415 1062 ὅτι
424 989 605 1081 Ῥωμαίους
617 986 711 1072 τινὰς
722 988 991 1080 μαστιγώσαντες
1005 997 1179 1062 ἔκτειναν·

101 1146 111 1166 .
208 1091 247 1162 τὸ
261 1087 343 1163 αύτδ
358 1093 549 1174 δὲκαὶτοίς
566 1099 702 1181 Τυρίοις
715 1093 770 1162 καί
785 1107 854 1174 τοϊς
867 1097 1048 1173 Σιδωνίοις
1062 1097 1180 1183 ἐποίη-
1261 1123 1263 1134 ²

209 1215 281 1284 σεν,
300 1197 338 1264 ἐν
354 1199 396 1285 τῇ
414 1202 527 1287 Συρία
543 1193 730 1285 γενόμενος.
767 1190 924 1281 ἡἸονλία
941 1193 980 1265 δὲ
996 1191 1056 1264 τδν
1072 1193 1180 1266 Γάιον
1194 1223 1220 1265 ιο
1259 1273 1263 1280 ,

209 1301 310 1368 ἔτεκε,
345 1297 402 1366 καὶ
418 1291 437 1366 δ
455 1292 648 1384 Αὔγουστος
662 1297 775 1366 ἐθνῶν
791 1293 972 1385 ἡγεμονίας
988 1297 1056 1366 τισὶ
1073 1301 1182 1366 δεδοι-
1262 1359 1263 1364 ,

209 1394 275 1482 κύς
294 1401 487 1486 ἐπανῆλθεν
505 1404 552 1480 είς
571 1395 700 1487 Σάμον,
718 1394 818 1467 κύκεί
832 1398 889 1467 καὶ
906 1387 1006 1479 αὖθις
1023 1400 1181 1487 ἐχείμασε

209 1499 395 1570 καὶπολλὰ
419 1496 601 1593 διῴκησεν·
641 1494 803 1588 ἀφίκοντο
826 1499 891 1590 γὰρ
909 1501 1059 1570 ἐνταῦθα
1075 1520 1180 1587 πρεσ-
1261 1501 1263 1542 3

209 1608 299 1689 βειαι
316 1610 482 1672 πλεῖσται·
509 1601 567 1670 καὶ
583 1605 619 1671 οί
629 1597 728 1672 Ἰνδοί
745 1598 819 1672 τότε
832 1607 951 1690 φιλαιν
965 1598 1180 1690 ἐποιήσαντο,
1261 1621 1262 1626 ’

211 1706 303 1790 διόρα
326 1704 515 1792 πέμψαντες
538 1698 624 1771 ίιλλα
646 1729 683 1772 τε
706 1703 763 1772 καί
786 1708 926 1793 τίγρεις,
951 1706 1085 1793 πρῶτον
1096 1700 1180 1774 τότε
1194 1731 1220 1772 ιι
1262 1699 1263 1702 “

105 1796 375 1892 ΡΙῦεδῬωμαίοις
397 1798 574 1892 ὀφθείσας.
624 1792 727 1885 αὖθίς
750 1830 786 1873 τε
809 1801 923 1885 στάσις
946 1805 983 1874 ἐν
1006 1809 1047 1896 τῇ
1069 1798 1179 1898 Ῥώμη

209 1905 335 1994 συνέβη
362 1906 419 1975 καί
448 1906 575 1994 σφαγαὶ
601 1902 761 1993 γεγόνασι
785 1901 924 1986 διδούς
948 1908 1017 1976 τῶν
1037 1899 1180 1978 ύιτύτιον

207 2003 431 2096 ἀρχαιρεσίας.
466 2006 590 2098 μαδοδν
606 1997 670 2077 ούν
686 2001 791 2078 ταῦθ’
810 2000 989 2096 δΚαισαρ,
1008 2007 1064 2077 καὶ
1081 2028 1179 2078 συνι-
1261 2033 1262 2038 ’

208 2105 279 2180 δεδν
302 2105 353 2179 ὅτι
375 2107 479 2180 οὐδὲν
501 2109 604 2198 πίρας
626 2105 801 2197 γενήσεται
824 2111 885 2178 τού
901 2115 1025 2196 κακοῦ,
1048 2115 1097 2190 είς
1111 2106 1178 2196 τὴν

204 2204 332 2300 Ῥύμην
353 2207 503 2300 ἠπείχθη
527 2211 582 2280 καὶ
600 2207 703 2291 αύτδς
721 2207 897 2292 ἀπέδειξεν
913 2207 1052 2281 ύπατον.
1099 2211 1218 2282 ἐπείτε

209 2311 246 2382 δδ
262 2310 454 2400 ὑπαντῆσαι
470 2308 564 2403 αύτῷ
581 2309 704 2393 πάντες
722 2308 1025 2402 παρεσκευάζοντο,
1044 2309 1178 2402 νύκτωρ

208 2419 256 2494 είς
273 2411 335 2501 τὴν
352 2411 453 2482 πόλιν
469 2409 693 2501 ἀνεκομίσθη·
732 2407 752 2482 δ
778 2414 834 2482 καὶ
852 2409 1009 2494 πολλάκις
1028 2416 1178 2502 ἐποίησε,

207 2514 262 2583 καλ
283 2510 379 2596 ἐξιύν
395 2517 455 2584 τού
471 2509 587 2596 ἄστεος
605 2517 662 2584 καὶ
679 2512 844 2602 ἐπανιύν,
868 2517 926 2584 ἵνα
941 2515 1063 2604 μηδενί
1080 2509 1179 2605 δχλη·
1260 2517 1261 2526 ’

208 2612 265 2705 ρὸς
289 2625 352 2704 είη.
394 2614 466 2685 εἶτα
489 2619 558 2688 τῶν
581 2614 716 2704 τρόπον
740 2613 935 2705 ἐπιμελητὴς
959 2616 1016 2686 καί
1039 2613 1179 2706 τιμητὴς
1259 2691 1261 2696 ,

209 2721 256 2798 είς
281 2724 480 2788 πενταετίαν
503 2718 732 2808 παρακληθεὶς
763 2715 1016 2806 ἐχειροτονήθη,
1050 2714 1115 2806 τὴν
1139 2717 1177 2788 δὲ
1190 2745 1218 2786 τε

173 2819 277 2890 Βτύν
293 2816 431 2890 ύπύτων
448 2815 548 2909 τιμὴν
566 2817 622 2889 διὰ
639 2825 718 2907 βίον
737 2823 843 2906 ἐλαβε.
883 2824 987 2891 τινῶν
1006 2816 1037 2887 δ’
1068 2824 1178 2900 αίτίιις
1259 2875 1260 2880 ,

105 2918 387 3012 ΨΙΙΙοοσχόνιων
411 2917 644 3016 ἐπιβουλεύειν
661 2915 752 3012 αύτῷ
770 2921 890 3014 καὶτῷ
912 2915 1095 3013 Ἀγρίππα,
1119 2916 1178 2990 ἄλ-

208 3031 287 3104 λους
305 3023 367 3111 μίν
384 3049 477 3104 τινας
495 3024 681 3110 ἐδικαίωσε,
698 3018 757 3092 τδν
775 3021 814 3090 δὲ
827 3023 976 3092 Λέπιδον
993 3023 1098 3111 ἐμίσει
1114 3021 1179 3111 μὲν
1258 3025 1260 3092 s

207 3123 265 3191 καὶ
298 3119 340 3192 δι’
374 3120 459 3193 ἄλλα
488 3125 546 3193 παλ
572 3119 621 3194 ὅτι
651 3117 669 3192 δ
699 3118 772 3204 υίδς
797 3118 903 3193 αύτού
929 3121 1177 3212 ἐπεβούλευσεν
1258 3117 1260 3174 Ϊ

209 3218 316 3314 αύτῷ,
341 3219 383 3292 ού
400 3225 513 3312 μέντοι
530 3225 586 3294 καὶ
603 3221 799 3295 ἀποκτεῖναι
815 3220 1000 3314 ἠθέλησεν,
1024 3221 1097 3296 ἀλλ’
1119 3222 1175 3294 ἅλ-
1189 3251 1217 3293 εο

209 3327 285 3388 λοτε
308 3320 416 3404 ἄλλως
440 3322 679 3411 προεπηλάκιζε
708 3325 765 3394 καὶ
790 3323 972 3413 ἐχλεύαζεν.
1019 3323 1118 3397 ἔδετό
1140 3354 1175 3398 τε
1257 3393 1259 3398 .

210 3419 266 3485 καὶ
284 3415 405 3503 ἄλλους
422 3421 559 3511 νόμους,
575 3426 632 3494 καί
649 3422 686 3496 τδ
703 3421 781 3508 τούς
795 3423 1001 3510 δεκύσαντύς
1014 3455 1107 3510 τινας
1121 3427 1176 3498 ἐπί
