2546 3822
191 191 255 255 406
498 193 569 246 LIB.
589 193 649 245 XV.
668 191 747 248 CAP.
764 193 864 244 XXVI.

158 327 256 402 Ι)“οά
275 330 341 420 γάρ
360 331 492 412 εἰκόνας
512 329 603 402 εἰδεν
618 325 636 401 ὁ
653 330 838 422 Δένδερις”
855 327 1098 421 ἔλεγεν,“άλλδ
1114 338 1161 427 τῷ

194 433 371 527 κατόπτρῳ
395 461 463 522 μου
490 433 739 520 ἕνατευιζοάσης
765 433 825 514 τάς
851 430 986 504 ἐκείθευ
1013 433 1159 504 ἀνταυα-
1261 445 1263 502 ῐ

82 570 88 579 ·
193 537 369 624 κλωμένας
390 531 479 623 ἕάρα
498 534 630 623 μορφάς
642 536 701 603 καί
712 533 836 616 ταύτας
849 542 941 604 νινία
955 529 1158 624 ὠνόμασεν.”
1261 549 1263 624 ξ

192 635 282 706 οὕτω
300 641 454 717 πιθανῶς
471 636 532 705 τὰν
549 636 652 722 λόγον
666 634 891 725 συμπλάσασα
903 635 966 725 τὴν
980 634 1088 728 ὀργὴν
1100 643 1159 706 τοῦ
1262 641 1263 654 ²

190 739 353 825 βασιλέως
379 737 520 826 ἐμάλαξε
543 737 599 805 καὶ
624 736 684 807 τδν
700 737 816 826 θνμδν
826 737 1082 826 κατεστόρεσεν.
1117 731 1184 826 ἦνε
1262 751 1263 804 ἶ

191 839 229 908 δὲ
253 853 324 919 τοῖς
351 837 504 926 εὐσεβέσι
528 846 606 908 λίαν
631 837 750 928 βαράς,
777 839 935 908 σπεύδων
959 839 1088 922 πάντας
1104 844 1162 927 τῆς

192 947 317 1020 οἰκείας
335 945 534 1028 δυσσεβείας
551 938 756 1027 ποιήσασθαι
769 940 965 1026 κοινωνούς,
979 941 1037 1008 καί
1051 941 1161 1029 ὥσπερ

190 1047 253 1110 τοῦ
269 1047 405 1110 δικαίου
423 1040 586 1132 διάπυρος
610 1034 653 1128 ἦν
670 1040 826 1130 ζηλωτής,
843 1041 933 1111 οὕτω
951 1042 1084 1130 καὶτῆς
1102 1039 1159 1111 ev}-

191 1149 341 1229 σεβείας,
369 1140 414 1222 ὡς
439 1145 557 1236 ἐκείνῳ
582 1142 708 1231 ἐδόκει,
733 1143 787 1210 καί
813 1141 1001 1231 ἀποστῆσαι
1018 1149 1079 1230 τῆς
1095 1148 1163 1214 τάν

191 1243 335 1312 εἰκόνων
359 1249 454 1332 τιμῆς
482 1248 682 1333 ἐφιλονείκει
711 1247 900 1334 περιμανῶς
930 1243 968 1314 τὸ
998 1241 1163 1332 ὑπήκοον.
1175 1269 1198 1309 10

191 1347 354 1414 ἐντεῦθεν
381 1345 512 1428 ἐκόλαζε
537 1351 726 1431 πλείστους,
750 1349 810 1431 τῆς
834 1350 1091 1434 εἰδωλομανίας,
1118 1343 1189 1426 ὡς

191 1451 307 1531 ἔλεγεν
324 1443 497 1539 ἀκολάστῳ
515 1444 664 1536 γλάσσῃ,
683 1444 809 1526 αάτοδς
826 1444 990 1534 ἀφιστῶν,
1008 1448 1066 1515 καί
1083 1454 1163 1516 πολ-

190 1543 272 1627 λοάς
298 1547 476 1636 εἰργάσατο
501 1545 716 1636 ὁμολογητάς.
749 1545 910 1634 Ἰωάννην
934 1547 972 1616 δὲ
997 1547 1059 1616 τδν
1077 1547 1164 1634 σάγ-

193 1657 332 1736 κελλον,
351 1645 388 1730 δς
406 1645 514 1722 αὐτοῦ
533 1647 732 1728 διδάσκαλος
749 1649 868 1736 γέγονε
886 1648 943 1716 καί
960 1654 1019 1736 τῆς
1038 1653 1164 1718 δυσσε-

87 1756 285 1837 ΡΠῙλὸβείας
302 1742 346 1838 ἦν
363 1749 640 1836 κοννωνός,-πρδς
656 1745 737 1830 τοδς
747 1747 954 1840 Ἀγαρηνοδς
973 1751 1201 1832 &gandava-1⁵

156 1828 261 1936 Δλεν,
286 1853 515 1934 ἐπιδείξασθαι
539 1857 636 1938 σφίσι
657 1849 719 1919 τδν
742 1854 891 1920 πλοῦτον
913 1855 972 1937 τῆς
989 1857 1164 1938 βασιλείας

188 1945 357 2039 Ῥωμαίων
373 1950 588 2040 βουλόμενος.
614 1951 742 2021 στέλλει
758 1949 792 2020 δ’
812 1947 920 2020 αὐτὸν
933 1949 1001 2019 σδν
1017 1951 1164 2040 χρήμασι

191 2052 281 2142 μάλα
311 2061 468 2141 πολλοῖς,
495 2046 545 2122 ἀν
568 2051 609 2121 τά
635 2051 699 2141 μὲν
725 2057 819 2142 δοῦρα
843 2052 998 2142 πέπομφε
1021 2055 1067 2144 τῷ
1092 2057 1164 2121 τῶν

188 2153 383 2246 Ἀγαρηνῶν
406 2149 559 2248 άρχηγῷ,
583 2153 625 2222 τά
651 2153 690 2222 δὲ
714 2159 762 2234 εἰς
791 2151 981 2243 ὑπηρεσίαν
1002 2158 1051 2246 τῷ
1075 2177 1165 2241 πεμ-

190 2255 313 2344 φθέντι
330 2253 521 2346 ἀπένειμεν,
540 2259 577 2324 ἐν
594 2251 647 2336 οἷς
660 2255 718 2324 καὶ
731 2250 826 2324 διττά
844 2253 1165 2342 ἐτάγχαυυνχερνι-
1177 2277 1203 2316 ιο

189 2356 330 2443 βόξεστα
353 2355 480 2446 χρύσεά
504 2383 540 2429 τε
562 2357 619 2425 καὶ
637 2354 774 2428 διάλιθα
791 2355 848 2424 καί
864 2355 983 2444 τέχνης
1002 2352 1166 2444 ἀκριβοῦς

190 2457 431 2544 ἐνδεικνύμενα
453 2457 599 2546 χάριτας.
633 2455 764 2526 τούτων
789 2457 828 2525 δὲ
854 2455 992 2525 πάντων
1011 2457 1166 2524 ἐπέκεινα

190 2555 320 2645 λέγεται
344 2562 467 2627 δοῦναι
490 2555 585 2650 αὐτῷ
603 2559 661 2627 καί
679 2562 809 2648 χρυσοῦ
827 2557 1025 2648 χαράγματα
1041 2582 1166 2643 κεντη-

187 2658 288 2749 νάρια
305 2658 564 2749 τεσσαράκοντα,
583 2656 631 2728 ἵν’
654 2665 722 2748 ἔχοι
735 2664 921 2746 δωρεῖσθαι
932 2663 1002 2728 τῶν
1017 2655 1167 2748 Ἀγάρη-

187 2766 260 2830 νάν
277 2755 329 2843 οἰς
345 2759 499 2848 βούλοιτο
517 2768 699 2849 φιλοτίμως
715 2785 751 2830 τε
765 2759 822 2828 καί
835 2763 997 2847 δαψιλῶς,
1015 2756 1166 2828 κάντεά-
1178 2781 1205 2823 ει

189 2862 254 2932 θεν
277 2861 359 2942 τούς
383 2861 577 2952 βαρβάρους
601 2860 791 2949 ἐκπλήττοι,
816 2859 1048 2949 λογιζομένους
1067 2857 1115 2940 ὥς
1135 2865 1171 2929 εἰ

189 2967 351 3034 τοσοῦτον
375 2967 411 3032 οἰ
431 2969 493 3032 τοῦ
519 2958 662 3044 άνακτος
688 2960 879 3052 εὐποροῖεν,
906 2958 1010 3041 αάτδς
1035 2963 1168 3042 ἐκεῖνος

155 3063 297 3134 Βπόσου
321 3061 366 3132 ἀν
392 3074 445 3152 εἰη
468 3062 585 3154 κύριος
603 3063 764 3134 πλούτου.
809 3059 1012 3152 ἀφικόμενος
1031 3053 1096 3131 οὖν
1116 3069 1169 3143 εἰς

189 3163 253 3252 τὴν
269 3167 332 3234 τοῦ
354 3168 473 3252 Βαγδά
492 3165 592 3234 πόλιν
609 3163 628 3234 ὁ
646 3161 843 3252 σάγκελλος,
870 3163 957 3252 αὕτη
975 3162 1009 3232 δ’
1030 3163 1125 3232 ἐστὶν
1144 3160 1167 3252 ἡ

189 3263 315 3336 παλαιά
341 3264 527 3352 Βαβυλάν,
551 3266 677 3358 καὶτῷ
700 3270 771 3336 τάν
797 3261 992 3356 Ἀγαρηνάν
1021 3259 1166 3357 ἀρχηγῷ
1181 3287 1205 3327 ³⁰

190 3367 237 3438 εἰς
261 3364 348 3432 θίαν
373 3361 486 3434 ἐλθών
510 3367 568 3434 καί
592 3365 781 3454 διαλεχθεὶς
805 3366 861 3435 καί
883 3363 925 3434 τά
945 3367 982 3434 ἐκ
999 3365 1168 3453 βασιλέως
1262 3365 1263 3372 '

190 3460 282 3543 δῶρα
307 3465 551 3553 προσαγαγών,
576 3467 632 3534 καί
657 3465 713 3536 διά
737 3471 845 3536 ταῦτα
867 3467 924 3536 καί
942 3463 999 3536 διά
1016 3465 1080 3553 τήν
1096 3471 1166 3536 τοῦ
