2510 3834
185 145 225 208 78
478 147 550 198 LIB.
563 145 610 196 VI.
631 145 709 196 CAP.
722 142 853 198 XXVIII.

184 293 260 375 ἔχον
285 287 341 356 καλ
359 291 531 372 βασίλειον
550 282 639 374 εἶχεν
664 281 755 364 ε’ντός
779 283 916 374 μεγέθει
939 309 975 352 τε
993 283 1050 381 κοιλ
1067 277 1149 350 κύλ-
1251 313 1253 316 ·

183 397 233 457 λει
251 389 319 456 τόν
341 384 505 474 οἰκήσεων
522 383 737 474 θαυμαστόν,
762 381 886 466 πολλός
911 383 949 453 δὲ
974 385 1030 452 καὶ
1054 389 1150 466 δεξα-

182 487 285 578 μενὰς
309 494 357 569 είς
379 485 551 576 ἀποδοχήν
572 483 695 568 ύδατος
719 491 756 556 ἐν
780 501 848 567 τοῖς
872 481 1151 575 ἐπιτηδειοτάτοις

71 631 74 638 ·
150 593 253 662 Οτιόν
274 587 387 660 τόπων
412 591 574 678 ἐκέκτητο.
618 587 701 680 πρός
725 587 763 658 δὲ
786 603 856 670 τοῖς
880 583 992 668 ἀλλοις
1020 589 1056 656 ἐν
1079 599 1150 667 τοϊς

183 698 365 779 βασιλείοις
378 691 434 760 καί
451 689 603 780 πήγανον
617 681 660 782 ήν
672 687 766 773 ἀξιον
784 690 840 760 διὰ
852 686 888 759 τό
899 690 1042 778 μέγεθος
1060 685 1150 758 θαύ-
1163 714 1177 755 ε

182 813 299 882 ματος·
329 796 434 889 συκής
451 791 515 880 γὰρ
532 789 691 880 οὐδεμιᾶς
715 787 823 873 ὕψους
841 793 897 861 καί
918 787 1045 878 πάχους
1064 791 1152 860 ἐλεί-
1208 842 1225 856 ε

182 912 277 964 πετο·
311 893 407 982 λόγος
430 889 462 964 δ’
488 883 532 982 ἦν
555 889 620 963 ἀπό
643 897 711 962 τόν
737 886 890 985 Ἡρώδου
913 889 1045 982 χρόνων
1068 888 1151 962 αὐτὸ

184 997 376 1084 διαρκέσαι,
401 998 455 1065 καλ
475 997 529 1068 ἐπὶ
547 1004 704 1066 πλείστου
723 1003 803 1077 ίσοος
822 1000 952 1084 ἔμεινεν
970 989 1030 1080 ἄν,
1057 999 1087 1062 εί
1103 991 1149 1084 μή
1251 1005 1253 1010 ’

183 1096 249 1166 ὑπὸ
274 1100 341 1166 τῶν
365 1093 628 1184 παραλαβόντων
650 1095 710 1166 τόν
731 1093 837 1166 τόπον
859 1089 1033 1168 Ἰουδαίων
1057 1095 1151 1164 ἐκκέ-

184 1225 294 1268 κοπτο.
329 1200 365 1267 ἐν
384 1199 421 1268 δὲ
434 1204 475 1287 τῇ
493 1197 576 1270 κατὰ
594 1196 657 1286 τήν
680 1194 802 1285 ἀρκτον
819 1200 880 1266 τοῦ
897 1203 1064 1285 φρουρίου
1081 1192 1150 1284 φοί-
1163 1224 1188 1264 ιι

184 1327 283 1388 ραγγι
306 1295 504 1389 ὀνομάζεταί
524 1328 572 1380 τις
601 1297 700 1380 τόπος
725 1297 836 1388 Βαάρ,
867 1301 923 1368 καὶ
950 1297 1031 1386 φύει
1055 1303 1150 1388 ῥίζαν

171 1399 368 1490 ,ὁμωνύμως
386 1403 597 1490 καλουμένην
621 1398 720 1494 αὐτῷ,
758 1396 842 1488 αὕτη
859 1401 961 1489 φλογλ
982 1399 1045 1488 μὲν
1063 1407 1150 1470 ἔοικε

182 1500 245 1591 τήν
262 1500 389 1592 χροιάν,
408 1505 484 1592 περὶ
505 1502 542 1572 δὲ
558 1499 617 1582 τάς
635 1503 775 1592 ἑσπέρας
793 1503 892 1583 σέλας
905 1498 1147 1590 ἀπαστράπτει·

182 1619 252 1684 τοῖς
276 1603 314 1672 δὲ
332 1607 548 1692 βουλομένοις
573 1605 690 1689 λαβεῖν
714 1601 820 1691 αὐτὴν
843 1600 905 1673 οὐκ
928 1609 1019 1672 ἔστιν
1043 1598 1150 1691 εύχεί·

184 1733 300 1792 ρωτος,
318 1699 394 1774 ἀλλ’
407 1699 595 1794 ὑποφεύγει
612 1707 668 1774 καλ
686 1703 727 1774 ού
745 1704 907 1794 πρότερον
925 1709 1053 1774 ἵσταται
1066 1705 1149 1794 πρὶν
1163 1731 1189 1772 ιι

148 1802 227 1876 Βάν
250 1833 300 1886 τις
322 1795 425 1894 οὖρον
447 1804 603 1894 γυναικός
626 1800 701 1894 ήτό
727 1812 876 1896 ίμμηνον
900 1801 981 1894 αἷμα
1006 1807 1149 1896 καταχέη
1231 1823 1236 1830 ’

81 1926 190 1978 WI221
199 1905 311 1994 αότής.
340 1909 395 1976 καὶ
413 1905 487 1978 τότε
503 1908 539 1977 δὲ
551 1924 619 1990 τοῖς
631 1908 813 1996 ἁψαμένοις
827 1904 973 1989 θάνατός
987 1909 1056 1978 ἐστι
1069 1933 1150 1998 προ·

183 2005 309 2098 φανής,
329 2016 360 2080 εί
375 2005 420 2098 μή
438 2009 521 2100 τύχη
539 2037 588 2091 τις
605 2006 713 2098 αὐτήν
732 2012 864 2100 ἐκείνην
881 2005 1150 2098 ἀπενεγκάμενος

182 2105 243 2200 τήν
261 2115 356 2200 ῥίζαν
380 2107 616 2202 ἀπηρτημένην
639 2115 676 2181 ἐκ
696 2114 755 2198 τῆς
772 2109 887 2202 χειρός.
924 2109 1092 2180 ἁλίσκεται
1111 2110 1150 2180 δὲ

182 2213 239 2281 καὶ
256 2208 338 2282 καθ’
360 2215 472 2302 ἕτερον
496 2212 620 2303 τρόπον
636 2208 836 2293 ἀκινδύνως.
873 2211 985 2306 κύκλῳ
1003 2212 1066 2300 γὰρ
1084 2209 1148 2281 αύ-
1162 2241 1188 2282 εο

181 2314 244 2400 τήν
261 2312 553 2402 περιορύσσουσιν,
578 2311 623 2394 ὡς
642 2313 727 2384 εἶναι
743 2310 780 2383 τό
798 2322 838 2406 τῇ
857 2321 900 2404 γῇ
918 2311 1150 2402 κρυπτόμενον

182 2419 240 2502 τῆς
258 2417 347 2502 ῥίζης
365 2413 590 2503 βραχύτατον,
610 2411 671 2484 εἶτ’
692 2419 724 2498 ἐξ
743 2411 845 2504 αύτής
865 2411 1032 2486 ἀποδοῦσι
1050 2411 1149 2504 κύνα,

182 2512 341 2586 κάκείνου
358 2519 403 2608 τῷ
423 2514 560 2605 δήσαντι
584 2525 853 2588 συνακολουθεῖν
876 2513 1102 2607 ὁρμήσαντος,
1128 2513 1150 2606 ἡ

182 2615 244 2704 μευ
267 2611 455 2686 ἀνασπᾶται
479 2622 620 2709 ῥᾳδίως,
645 2617 788 2706 θνήσκει
812 2616 846 2688 δ’
867 2616 972 2700 εὐθύς
996 2615 1014 2688 ό
1039 2615 1148 2688 κύων·

182 2715 287 2804 φόβος
303 2720 337 2796 ,δ’
359 2715 472 2800 οὐδεὶς
489 2737 558 2800 τοῖς
575 2720 657 2808 μετὰ
674 2724 779 2792 ταύτα
802 2717 1040 2810 λαμβάνουσιν.
1078 2725 1149 2788 ἔστι
1162 2747 1186 2787 ει

183 2820 220 2890 δὲ
239 2817 294 2888 διὰ
317 2826 398 2908 μίαν
423 2817 523 2910 ἰσχύν
547 2820 841 2912 περισπούδαστος.
880 2820 919 2894 τά
942 2820 1006 2912 γὰρ
1025 2818 1150 2892 καλού-

181 2948 266 3010 μενα
296 2919 452 3012 δαιμόνια
480 2931 539 2992 καί
559 2943 647 2993 τισιν
676 2923 878 3014 είσδυόμενα
908 2920 993 3011 αὕτη
1023 2923 1148 3012 ταχέως

182 3021 360 3113 ἐξελαύνει,
379 3017 443 3094 κάν
459 3021 566 3113 μόνον
582 3039 651 3107 τοῖς
668 3032 805 3096 νοσοῦσι
822 3027 1046 3115 προσενεχθῇ,

80 3139 173 3191 P1301
263 3129 369 3198 Τοῦτο
386 3123 424 3195 τό
435 3122 601 3216 φρούριον
613 3124 632 3197 ό
645 3123 776 3210 Βάσσος
794 3125 1074 3218 παραρτήσασθοιι
1089 3127 1150 3196 θέ·

181 3234 262 3316 λων,
285 3226 348 3316 τήν
365 3225 448 3317 πρὸς
466 3223 628 3308 ἀνατολάς
647 3226 752 3298 αύτού
769 3226 926 3319 φάραγγα
943 3231 1048 3318 χῶσαι
1066 3223 1148 3298 ἀπε·
1161 3253 1185 3295 ιο

180 3329 326 3417 πειρᾶτο.
368 3333 403 3397 οί
419 3327 450 3397 δ’
472 3331 750 3419 ἐναπειλημμένοι
770 3337 839 3401 τῶν
856 3329 1029 3403 Ἰουδαίων
1047 3333 1150 3400 ἔνδον

181 3424 247 3497 ἀπὸ
266 3431 335 3496 τῶν
352 3430 457 3509 ξένιον
475 3434 705 3519 διακριθέντες
719 3433 941 3523 ίκείνουςμὲν
952 3429 1148 3522 ήνάγκασαν
