2566 3800
198 164 260 230 150
520 163 879 218 Llss.x11.cA1>.xva
1044 9 1273 306 Ἴ

193 304 372 396 νενόμιστο
399 301 463 393 γάρ
490 303 567 386 τούς
594 311 747 392 βασιλεῖς
779 301 951 376 δύνασθαι
981 308 1172 394 δωρεῖσθαί

193 411 250 480 καὶ
275 406 316 478 τά
342 401 515 495 ἀλλότρια
568 401 653 478 ὅθεν
679 407 735 476 καὶ
761 411 797 476 οί
822 411 871 476 ἐτι
897 410 1045 494 κείμενοι
1071 402 1171 494 νόμοι

193 506 284 601 παρά
307 510 349 599 τή
373 514 525 600 πολιτείᾳ
553 505 708 597 ἐσχήκασι
731 503 793 597 τήν
819 502 935 597 άρχήν.
972 509 1171 598 προσῆλθεν

193 602 256 683 οὖν
279 606 367 701 γυνή
390 639 458 698 τις,
485 599 526 698 ής
550 616 675 699 χωρίον
700 605 801 691 αύτδς
825 607 972 700 πρὸτῆς
996 614 1171 698 βασιλείας

194 711 326 802 εἰλήφει
345 714 381 782 ἐκ
399 715 575 799 βασιλικῆς
593 714 741 800 δωρεάς,
772 712 918 798 λέγουσα
937 704 1132 792 “Κλαύδιος
1149 705 1196 782 όε

93 821 387 905 θΙΙεεείππαρχος
417 811 561 902 ήδίκησέ
587 808 657 902 με.”
708 810 726 882 ὁ
758 813 799 882 δέ
822 806 927 902 ’Ἣπερ
957 809 975 882 ὁ
1002 810 1172 895 Κλαύδιος

197 914 331 1004 ἰδιώτης
351 910 399 984 άν
416 909 601 1004 άφείλετο”
627 912 722 985 εἶπεν
740 908 865 1001 “ήνίκα
882 909 929 1004 μή
945 942 977 984 τι
994 908 1085 1008 αύτῷ
1103 920 1173 986 τῶν

194 1017 311 1111 νόμων
328 1024 435 1106 ἐμελε,
453 1019 550 1087 τοῦτο
568 1013 774 1104 βασιλεύσας
791 1011 1087 1106 άποκαθίστησιν.”

164 1146 186 1198 c
271 1117 327 1190 Ἐν
347 1112 454 1209 Ῥάμη
482 1120 523 1190 δέ
542 1145 582 1209 γε
606 1112 628 1206 ή
655 1115 840 1207 σύγκλητος
857 1121 1016 1207 μαθοῦσα
1032 1114 1095 1206 τήν
1111 1125 1174 1188 τοῦ

197 1217 369 1309 Γαλιήνον
393 1217 587 1312 ἀναίρεσιν,
614 1216 675 1290 τόν
697 1214 850 1308 άδελφόν
877 1223 1010 1291 ἐκείνου
1032 1221 1089 1290 καὶ
1111 1217 1173 1290 τόν
1185 1251 1210 1292 ιο

197 1325 275 1396 νίὸν
307 1321 537 1394 ἐθανάτωσαν.
586 1325 647 1392 τού
677 1323 790 1411 μέντοι
817 1319 1020 1412 Ποστούμου
1049 1347 1173 1412 τυραν-

197 1429 336 1506 νοῦντος
362 1430 430 1512 ἐτι,
454 1424 510 1494 καὶ
536 1420 719 1514 βαρβάρων
738 1419 794 1492 διά
811 1429 869 1512 τής
887 1420 1082 1506 Μαιώτιδος
1101 1428 1173 1493 δια-

197 1525 333 1616 βάντων
356 1531 475 1614 λίμνης
502 1530 549 1606 είς
569 1522 686 1596 Ἀσίαν
710 1550 746 1594 τε
764 1525 820 1595 καὶ
838 1522 1011 1614 Εύρύπην
1028 1526 1083 1596 καί
1101 1533 1172 1614 ληι-

195 1632 343 1719 ζομένων
360 1621 475 1714 αύτάς,
493 1629 619 1716 βουλής
635 1653 672 1697 τε
689 1633 910 1717 προτεθείσης
925 1634 993 1698 τίνι
1007 1624 1174 1717 πρότερον

195 1729 422 1818 ἐπιχειρητέον
444 1730 597 1821 πολέμφ,
628 1723 646 1798 ὁ
669 1726 840 1810 Κλαύδιος
863 1733 929 1819 ἐφη
952 1725 997 1810 ὥς
1017 1725 1060 1798 “ὁ
1086 1727 1209 1819 πρὸς-ιε

194 1830 256 1900 τὸν
272 1827 442 1920 τύραννον
460 1827 602 1929 πόλεμος
622 1832 694 1920 ἐμοὶ
712 1831 876 1920 διαφέρει,
899 1828 917 1900 ὁ
937 1831 975 1900 δέ
990 1829 1074 1921 πρός
1091 1830 1172 1912 τούς

194 1930 388 2022 βαρβάρους
412 1933 453 2022 τῇ
476 1937 645 2026 πολιτείᾳ,
673 1935 730 2003 καλ
753 1923 816 2024 χρή
840 1929 900 2002 τόν
924 1935 984 2022 τῆς
1000 1939 1173 2018 πολιτείας

195 2027 475 2122 προτιμηθῆναι.”

239 2135 246 2146 ’
275 2140 322 2206 Οί
342 2133 508 2227 βάρβαροι
532 2135 571 2206 δέ
596 2132 722 2216 πολλάς
738 2134 801 2226 μὲν
819 2135 1028 2226 κατέδραμον
1045 2133 1165 2225 χώρας,

193 2233 255 2325 τήν
281 2238 321 2306 δέ
341 2264 381 2324 γε
400 2241 651 2325 Θεσσαλονίκην
675 2233 910 2326 ἐπολιόρκουν·
944 2234 1085 2326 ήπάλαι
1100 2235 1167 2325 μὲν
1182 2269 1212 2309 εο

190 2333 339 2428 Ἠμαθία
356 2346 536 2409 καλεῖσθαι
554 2340 701 2426 λέγεται,
730 2346 960 2429 Θεσσαλονίκη
980 2339 1016 2410 δὲ
1033 2365 1170 2428 μετονο-

192 2440 366 2527 μασθῆναι
384 2442 421 2508 ἐκ
433 2445 491 2526 τῆς
502 2443 675 2510 Φιλίππου
691 2440 754 2529 μὲν
766 2437 948 2530 θυγατρός,
963 2437 1171 2532 Κασάνδρου

159 2539 234 2608 1)δέ
259 2537 418 2627 γυναικὸς
445 2547 701 2630 Θεσσαλονίκης.
757 2537 832 2611 ἄλλ’
863 2545 992 2631 ἐκείνης
1021 2541 1085 2630 μὲν
1110 2545 1172 2631 τής
1267 2633 1268 2636 ¹

193 2637 320 2720 πόλεως
338 2636 635 2731 άτεκρούσθησαν,
655 2640 855 2725 ἐπελθόντες
870 2643 909 2714 δὲ
921 2659 994 2726 ταῖς
1008 2637 1171 2732 Ἀθήναις

193 2735 285 2812 εἷλον
303 2739 414 2824 αὐτάς.
463 2744 521 2814 καί
539 2743 789 2833 συναγαγόντες
805 2745 917 2816 πάντα
934 2741 975 2814 τά
994 2748 1032 2815 ἐν
1048 2749 1089 2835 τή
1108 2741 1172 2816 πό·
1187 2773 1216 2814 ετ
1266 2747 1267 2756 ’

192 2851 244 2914 λει
267 2850 385 2933 βιβλία
408 2851 532 2918 καῦσαι
557 2849 662 2917 ταύτα
678 2843 874 2935 ἠβούλοντο.
912 2842 959 2928 εἷς
978 2849 1019 2917 δέ
1032 2875 1082 2928 τις
1099 2850 1174 2916 τάν

192 2949 345 3018 συνετῶν
368 2944 448 3038 παρ’
475 2945 589 3030 αὐτοῖς
613 2945 805 3020 δοκούντων
828 2946 965 3039 άπείρξε
987 2944 1066 3029 τούς
1090 2941 1174 3036 δμο-
1265 2953 1266 2970 ἐ

192 3045 323 3134 φύλους
346 3051 408 3119 τού
431 3047 681 3140 ἐγχειρήματος,
717 3046 866 3139 φάμενος
892 3047 938 3132 ὥς
961 3051 1038 3139 περὶ
1061 3052 1174 3120 ταῦτα

192 3151 229 3216 ol
245 3143 404 3236 Ἕλληνες
427 3147 667 3240 ἀσχολούμενοι
690 3154 881 3242 πολεμικῶν
906 3147 1090 3241 άμελούσιν
1114 3156 1174 3242 ἐρ-

200 3273 403 3287 ——n-——n

230 3404 242 3418 η
260 3345 292 3393 24
312 3336 486 3404 ἐπελθόντες
505 3341 538 3398 δέ
562 3350 627 3406 ταῖς
646 3340 782 3415 Ἀθήναις
803 3377 836 3384 -
859 3353 892 3402 29
914 3347 1078 3414 πολεμικῶν
1097 3341 1175 3416 34⁸⁶·

192 3407 292 3458 λουσιν
310 3405 398 3476 ἔργων
416 3413 516 3464 Dionis
543 3417 705 3476 continuati
719 3429 779 3471 exe.
799 3419 890 3470 Vatia.
910 3434 937 3484 p.
956 3419 1007 3469 240
1025 3417 1067 3468 ed.
1084 3417 1173 3482 Mai..

192 3470 247 3520 vol.
265 3473 290 3535 ὅ,
308 3490 335 3538 p.
355 3479 404 3528 226
424 3478 466 3530 εδ.
484 3480 561 3544 Lips.
