2580 3816
397 188 468 239 121ss.
488 189 563 240 xw.
583 189 661 240 cAP.
682 192 755 242 x1x.
1001 191 1064 256 315

94 325 260 418 ᾑροῦντο,
286 330 320 395 οί
336 326 374 397 δέ
390 323 450 396 τόν
465 326 579 417 Ἀλήμ,
605 330 759 419 γαμβρόν
775 333 836 400 τοῦ
857 332 1063 422 Μουχοάμετ

93 427 288 516 γενόμενον.
325 427 397 499 εἶτα
413 430 471 498 καὶ
489 429 641 512 σπονδάς
659 437 777 500 ἐθεντο
796 432 850 502 ἐπὶ
869 432 934 503 δόο
954 435 1062 504 ἐνιαυ-

92 529 174 610 τους
190 527 274 620 πρός
284 526 477 619 Ῥωμαίους,
495 533 782 621 καταδεξαμένους
795 531 925 623 φόρους
941 544 1061 606 τελεῖν.

93 631 212 719 γέγονε
230 631 268 701 δέ
286 629 537 722 αόταρχοῦντος
549 637 609 702 τοῦ
624 633 769 704 Κάνατα
786 633 906 716 κλόνος
924 639 982 723 τῆς
1000 642 1062 724 γῆς

67 733 150 806 εκαὶ
173 733 299 802 πολλαὶ
320 735 425 822 χοῖραι
446 740 514 823 τῆς
540 731 711 824 Ῥωμαίων
741 732 921 824 ἡγεμονίας
951 741 1064 818 κακῶς

94 839 226 904 ἔπαθον
261 835 318 916 καὶ
348 837 483 924 πνεῦμα
513 841 623 924 βίαιον
653 842 818 911 ἐπνευσεν
855 835 975 908 άλλοτε
1005 841 1061 908 καὶ

4 979 6 990 s
93 933 203 1004 πολλά
227 938 297 1005 τῶν
316 937 595 1026 οἰκοδομημάτων
610 938 781 1025 κατέβαλε.
816 943 877 1007 τοῦ
896 940 1058 1030 πατριάρ-

3 1127 4 1130 ¹
92 1063 154 1124 χου
172 1035 212 1105 δὲ
225 1035 367 1107 Παόλου
386 1037 518 1109 δυόδεκα
532 1037 708 1120 ἐνιαυτους
726 1037 872 1120 ἀνοσίως
889 1040 1093 1130 προστάν·0

3 1193 5 1202 .
92 1163 148 1218 τος
165 1140 224 1226 της
243 1139 431 1227 ἐκκλησίας,
450 1137 522 1210 εἶτα
538 1139 718 1228 θανόντος,
737 1139 905 1227 εἰσάγεται
922 1141 1023 1211 πάλιν
1041 1139 1059 1211 ὁ

51 1270 79 1311 ιο
93 1237 232 1328 Πύρρος
260 1245 307 1322 είς
331 1239 394 1328 τὴν
417 1241 637 1330 ποιμαυτικὴν
661 1245 721 1311 τοῦ
741 1247 825 1310 λαοῦ
843 1251 1060 1313 Κωνσταντι-

91 1340 304 1429 νουπόλεως,
334 1343 381 1434 τῷ
405 1343 584 1436 δωδεκάτῳ
616 1348 680 1412 ἐπει
709 1347 769 1430 τῆς
798 1348 968 1428 βασιλείας
998 1351 1060 1413 τοῦ

92 1441 326 1524 Κάνσταντος.
361 1435 460 1525 οὗτος
477 1443 545 1534 γάρ
563 1441 581 1515 ὁ
596 1443 737 1533 Πάρρος
756 1445 927 1532 ἐξωσθείς,
948 1442 992 1525 ὠς
1010 1455 1061 1521 εί,-

93 1569 200 1631 ρηται,
227 1549 286 1632 τῆς
312 1545 487 1631 ἐκκλησίας
514 1551 562 1626 είς
576 1542 703 1634 Ῥάμην
720 1541 870 1632 ἄφίκετο,
889 1547 946 1613 καὶ
965 1547 1059 1632 ἐλεγ-

91 1645 188 1732 χθεὶς
219 1643 310 1735 παρά
341 1648 403 1714 τοῦ
435 1639 536 1731 ἁγίου
567 1647 728 1734 Μαξίμου
759 1652 869 1727 κακῶς
902 1645 1059 1732 δοξάζων,

50 1775 78 1816 15
92 1742 263 1833 άπεκρίθη
280 1751 505 1834 μετατεθῆναι
521 1751 580 1834 τῆς
597 1746 699 1834 δόξης
713 1749 782 1815 τάν
796 1753 1059 1834 Μονοθελητάν,

91 1847 148 1915 καὶ
174 1841 372 1934 άπαιτηθελς
398 1844 490 1936 παρά
514 1849 574 1916 τοῦ
599 1847 674 1917 τότε
691 1846 785 1917 πάπα
803 1855 968 1938 λίβελλον
981 1849 1059 1935 περὶ

91 1953 235 2028 πίστεως
264 1948 391 2016 δέδωκε
414 1947 472 2016 καὶ
499 1948 630 2035 ἐδέχθη.
667 1946 738 2017 εἶτα
754 1955 814 2038 τῆς
828 1947 953 2038 Ῥάμης
969 1946 1059 2018 ὑπο·

90 2047 245 2138 χωρήσας
268 2048 325 2116 καὶ
349 2053 396 2128 είς
416 2045 599 2135 Ῥάβενναν
625 2045 799 2137 άπελθάυ,
825 2050 983 2136 ἐγνώσθη
1000 2055 1059 2136 τῆς

1 2218 10 2234 .›
91 2149 251 2235 αίρέσεως
277 2147 322 2237 μη
350 2148 477 2230 ἐκστάς.
513 2145 598 2218 ὅθεν
622 2146 640 2217 ὁ
665 2147 776 2228 πάντας
800 2154 901 2218 τοῦτο
923 2147 1058 2236 μαθών,

1 2250 2 2255 ’
47 2279 77 2320 εο
92 2249 150 2316 καὶ
166 2246 248 2329 τοάς
265 2246 328 2318 ὑπ’
348 2246 454 2319 αὐτόν
473 2247 675 2329 ἐπισκόπους
693 2245 870 2334 ἀθροίσας,
895 2255 1058 2337 καθαίρε-

1 2411 2 2414 ,
91 2369 147 2420 σιν
164 2345 272 2420 αὐτοῦ
290 2357 422 2420 τελείαν
436 2357 696 2439 κατεψηφίσατο.
722 2342 822 2430 οὗτος
840 2341 905 2418 οὖν
921 2347 961 2418 τό
977 2348 1060 2418 δεό-

1 2485 3 2490 >
89 2479 188 2538 τερον
204 2457 312 2540 μῆνας
329 2452 491 2540 τέσσαρας
508 2449 569 2520 τόν
585 2449 715 2540 θρόνον
726 2455 785 2539 τῆς
792 2457 1054 2520 Κωνσταυτίνου
1067 2461 1092 2511 D

90 2552 301 2642 κατεσχηκιδς
325 2553 486 2641 τέθνηκε,
510 2553 568 2621 καὶ
592 2559 829 2641 προεχειρίσθη
856 2551 1059 2642 πατριάρχης

91 2655 232 2742 Πέτρος,
251 2652 411 2742 ὁμόδοξος
428 2655 485 2723 καὶ
502 2646 603 2735 οὗτος
619 2667 690 2734 τοῖς
707 2652 772 2742 πρό
790 2651 910 2740 αὐτοῦ,
929 2654 985 2722 καὶ
1004 2654 1058 2722 ἐπὶ

1 2767 2 2770 ’
47 2781 78 2820 τε
92 2753 224 2822 δώδεκα
258 2759 317 2842 τῆς
351 2754 527 2843 ἐκκλησίας
560 2753 662 2843 άρξας
699 2753 874 2834 ἐνιαυτοδς
908 2753 1058 2840 θνήσκει.

90 2848 171 2942 μεθ’
190 2850 231 2923 ὃν
248 2855 396 2942 προέστη
411 2861 480 2924 τάν
498 2853 697 2946 όρθοδόξων
715 2859 856 2942 Θωμᾶς,
874 2856 933 2940 τῆς
951 2849 1057 2940 ὀρθῆς
1157 2887 1165 2900 ·

92 2953 248 3043 ἐχόμενος
266 2954 377 3043 δόξης,
395 2952 433 3036 ὃς
449 2955 532 3044 μετά
548 2953 612 3025 δόο
631 2961 687 3042 ἔτη
699 2956 757 3024 καὶ
774 2957 882 3042 μῆνας
903 2951 983 3023 ἑπτά
996 2952 1058 3022 τόν

89 3062 167 3143 βίον
190 3055 405 3145 μετηλλαχάς
428 3051 588 3144 Ἰωάννην
611 3063 687 3144 ἔσχε
711 3055 878 3144 διάδοχον.
914 3046 1013 3134 οὗτος
1038 3052 1055 3122 ὁ

89 3156 249 3244 βασιλεάς
266 3157 428 3239 Κάνατας
446 3157 507 3228 τόν
527 3163 615 3228 λδιον
631 3151 766 3226 άυελλευ
784 3153 953 3244 ὁμαίμονα
972 3163 1057 3225 Θεο-

45 3284 78 3326 υο
91 3255 227 3344 δόσιον,
257 3259 314 3328 καὶ
345 3257 489 3348 ἐμισήθη
518 3257 589 3328 ὑπό
619 3263 688 3327 τῶν
711 3263 769 3346 τῆς
792 3256 922 3338 πόλεως
944 3254 999 3324 διά
1022 3281 1059 3324 τε

90 3363 192 3429 τοῦτο
215 3362 272 3429 καὶ
296 3358 352 3430 διά
375 3359 415 3428 τά
439 3365 488 3441 είς
511 3358 573 3430 τόν
591 3357 907 3445 πάπαν-Μαρτϊνον
924 3358 981 3426 καὶ
998 3355 1058 3425 τὸν

90 3461 198 3550 μέγαν
220 3459 385 3552 γενόμενα
403 3459 571 3550 Μάξιμον.
608 3457 739 3550 άπῆρεν
762 3451 827 3530 οὖν
844 3463 905 3529 τοῦ
924 3465 1057 3542 Βυζαν-
