2580 3816
237 158 300 223 314
530 157 600 212 τεο.
619 156 691 207 xw.
710 155 788 211 οεε.
801 155 875 208 m.

233 298 301 368 σῦν
324 301 372 390 τῷ
396 297 539 391 ἄοιδίμφ
570 297 671 386 πατρὶ
697 297 843 389 Μαξίμῳ
873 296 1134 388 παραγενομένῳ
1163 298 1203 364 ἐν

228 398 334 489 Ῥώμη
360 399 509 469 σύνοδον
534 395 698 487 ἀθροίσας
716 394 900 488 ἀρχιερέων
917 394 1102 485 ῦναθέματι
1118 396 1202 478 τοῦς

230 499 271 571 τῦ
307 505 562 588 Μονοδελητῦυ
595 504 808 590 φρονοῦντας
841 495 1008 586 ὑπέβαλε,
1043 498 1100 566 καὶ
1135 496 1201 567 ῦλ·
1275 521 1276 554 1

230 611 311 683 λους
330 601 368 672 δὲ
386 599 535 682 πολλοῦς
551 606 622 670 νῦν
639 596 836 691 ὄρθοδόξων
859 596 877 670 ὁ
896 599 1059 680 Κῦνστας
1077 601 1200 688 ἐτιμω-

173 769 176 778 .
220 703 355 794 ,ρήσατο
384 701 429 792 μή
454 701 664 790 θελήσαντας
689 699 865 783 ῦποκῦφαι
886 705 935 792 τῷ
962 697 1069 770 αῦτοῦ
1094 725 1227 790 μονα-5

129 819 239 873 W11172
249 803 382 897 θελήτφ
407 802 581 893 θελήματι.
621 801 686 891 ήδη
717 802 756 872 δὲ
785 807 854 872 νῦν
871 806 1085 891 Σαρακηυῦν
1114 803 1201 892 μίγα

230 906 471 994 δεδυνημένου
494 905 551 973 καλ
576 902 703 985 πολλαὶς
726 908 796 973 νῦν
817 899 988 993 Ῥωμαίοις
1012 900 1201 992 ῦποφῦρων

230 1007 342 1097 χώρας
360 1007 417 1076 καὶ
440 1005 567 1091 νήσους
584 1006 889 1095 σφετερισαμένων,
906 1003 924 1074 ὁ
943 1003 1074 1074 τοῦτον
1091 1003 1199 1093 ἀρχη-

230 1107 292 1196 γὸς
311 1113 451 1188 Μανίας
468 1114 749 1196 πολεμιστηρίους
774 1111 857 1195 νῆας
875 1113 1032 1187 πλείστας
1050 1103 1200 1194 πηξάμε-

230 1235 305 1296 νος,
338 1209 516 1279 ἐπυδέσδαι
544 1209 716 1297 διεμελίτα
749 1213 793 1298 τῇ
823 1205 994 1297 Ῥωμαίων
1023 1201 1236 1298 ἡγεμονίαν

230 1307 313 1398 ὅπερ
337 1307 539 1391 ὁΚῦνστας
564 1309 697 1398 μαθών,
722 1309 779 1378 καὶ
803 1305 907 1389 αῦτδς
925 1308 1047 1378 στόλον
1065 1308 1199 1396 ἕτοιμοί·

131 1425 223 1476 Ρ1188
232 1431 294 1492 σας
318 1416 367 1492 είς
389 1409 428 1480 τὸ
446 1417 506 1499 τῆς
523 1416 654 1491 Λυκίας
671 1415 797 1500 κατῆρε
814 1408 967 1499 νεώριον,
994 1406 1199 1498 ὀνομαζόμε-

196 1493 291 1582 Αυον
308 1519 465 1584 Φοίνικα·
484 1504 527 1581 οῦ
540 1515 731 1601 γενομένων
748 1511 806 1580 καλ
822 1516 892 1582 νῦν
901 1509 1099 1601 Ἀγαρηνῦν
1110 1539 1193 1580 ναυ-

190 1689 196 1699 ,
228 1620 334 1703 μαχία
348 1619 392 1704 τή
411 1615 485 1702 ἑξῆς
508 1612 714 1702 γενήσεσθαι
732 1617 880 1700 ἔμελλεν.
914 1607 980 1704 ὁρᾷ
1004 1601 1070 1682 οῦν
1093 1609 1111 1682 ὁ
1134 1619 1199 1700 βα-

229 1713 341 1794 σιλεῦς
370 1715 453 1783 κατὰ
484 1713 546 1801 τήν
576 1713 684 1783 νύκτα
714 1715 847 1802 ε’κείνην
884 1712 1047 1783 ἐνῦπνιον
1078 1712 1130 1784 ὅτι
1160 1717 1199 1783 ἐν
1212 1732 1236 1773 1⁵

232 1821 462 1904 Θεσσαλονίκῃ
488 1807 541 1902 ήυ.
577 1812 597 1884 δ
620 1819 690 1884 νῦν
714 1820 840 1902 λογίων
865 1815 932 1884 τιυὶ
949 1813 1197 1904 κοινωσάμενος

229 1911 376 2003 ἤκουσεν
398 1914 498 2003 ήττης
522 1912 610 1984 εἶναι
626 1915 664 1984 τὸ
681 1911 767 2012 ὄναρ
786 1914 983 2004 δηλωτικόν,
1005 1913 1112 2007 “ῦλλμ
1129 1915 1193 1995 θὲς

227 2014 292 2104 τήν
315 2011 437 2104 νίκην”
459 2021 606 2105 δηλοῦν·
632 2013 652 2086 δ
675 2017 732 2086 καὶ
756 2019 883 2104 γέγονε.
919 2021 1103 2106 ναυμαχίας
1126 2015 1196 2103 γὰρ

228 2117 411 2206 γενομένης
433 2115 623 2208 ὑπερέσχον
646 2122 682 2188 ολ
703 2114 937 2206 ἄντικόλεμοι,
963 2119 1021 2187 καλ
1037 2122 1199 2198 τοσοῦτος

228 2221 347 2306 γέγονε
364 2218 469 2307 φόνος
482 2217 652 2309 Ῥωμαίων
666 2216 710 2300 ῦς
725 2220 761 2288 ἐκ
773 2225 834 2288 τοῦ
852 2223 992 2308 αἵματος
1010 2245 1198 2310 πορφυρω·
1211 2249 1235 2288 ιο

214 2326 334 2408 θῆναι
350 2319 414 2408 τήν
430 2320 618 2392 θάλασσαν.
645 2318 664 2390 ὁ
683 2319 721 2389 δὲ
738 2319 896 2407 βασιλεῦς
915 2322 1044 2408 ἐσθῆτα
1061 2317 1199 2409 φαύλην

229 2418 331 2500 ἐυδῦς
348 2422 405 2490 καλ
424 2427 473 2502 είς
490 2429 611 2490 πλοίου
629 2420 821 2509 ἐμβεβηκώς
845 2420 882 2492 τῦ
901 2421 1098 2510 παρατυχόν
1115 2421 1199 2510 μετά

226 2541 329 2588 τινοιν
352 2517 479 2606 ὀλίγων
504 2521 640 2610 διέδρα,
664 2522 723 2590 καὶ
747 2528 795 2603 εἰς
818 2521 855 2591 τὸ
873 2521 1057 2607 Βυζάντιον
1081 2524 1199 2593 διασέ·

227 2640 345 2690 σωσιο.
381 2625 417 2690 ολ
435 2615 611 2712 Ἀγαρηνοὶ
636 2621 675 2691 δὲ
700 2621 846 2713 μηδενὸς
868 2629 918 2693 ἔτι
947 2621 1068 2706 αὐτοῖς
1094 2627 1199 2694 ἐναν-
1272 2621 1273 2630 ’

226 2721 405 2810 τιουμίνοῦ
433 2719 537 2811 ὁμόσε
565 2721 651 2792 κατὰ
682 2723 820 2794 πάντων
843 2724 1004 2815 ε’χιῦρουν.
1040 2725 1117 2796 τότε
1139 2727 1238 2796 καὶεε

192 2821 291 2910 Βτήν
312 2829 419 2911 νῆσον
438 2821 553 2894 Ῥόδον
576 2819 641 2912 ὑφ’
669 2825 812 2907 ἕαυτοῦς
835 2824 1052 2915 ποιησάμενοι
1072 2826 1136 2897 τὸν
1162 2829 1202 2896 ἐν

226 2921 314 3014 αῦτή
340 2932 549 3014 περίπυστον
577 2924 743 2997 κολοσσὸν
769 2927 1022 3018 καθηρήκασιν,
1057 2919 1101 3000 οῦ
1133 2928 1203 2998 τὸν

225 3023 352 3112 χαλκόν
365 3023 529 3108 Ἰουδαῖος
546 3023 727 3118 πριάμενος
751 3033 896 3117 ἔμπορος
921 3031 1109 3110 ἐνακοσίοις
1131 3055 1201 3098 κα-

224 3124 341 3211 μήλοις
363 3127 493 3214 λέγεται
515 3132 636 3198 τοῦτον
659 3143 881 3217 μετενεγκεῖν.
929 3125 1006 3199 ἀλλ’
1032 3131 1092 3200 ἐπί
1118 3156 1202 3200 τινα

224 3224 341 3313 καιρὸν
363 3224 385 3314 ή
407 3233 477 3296 νῦν
497 3225 695 3318 Ἀγαρηνῦυ
718 3229 802 3300 κατὰ
824 3228 995 3320 Ῥωμαίων
1018 3229 1238 3321 θρασῦτηςυ

224 3319 390 3414 ἀνεστάλη
415 3333 541 3409 ποσοῖς·
566 3329 726 3418 γεγόνασι
749 3329 816 3421 γιλρ
839 3329 913 3402 κατ’
941 3329 1099 3421 ἀλλήλων
1117 3337 1198 3404 δια·

223 3422 403 3508 φερόμενοι
425 3430 504 3518 περὶ
528 3426 690 3518 ἀρχηγοῦ.
727 3437 762 3502 οί
782 3431 846 3522 μὲν
869 3432 936 3524 γὰρ
961 3434 1023 3504 τὸυ
1046 3442 1202 3505 Μανίαν
