2566 3812
431 153 598 208 L1ss.v111.
619 154 699 211 οΑΡ.
719 157 764 210 v1.
1025 157 1084 223 191

111 294 220 383 εἶχεν·
248 287 357 373 οὕτως
374 289 572 381 οίῬωμαῑοι
589 299 711 366 πενίαν
728 290 770 366 οά
788 293 825 366 τδ
843 297 888 387 μὴ
906 297 1014 369 πολλοὶ
1032 325 1084 369 κε-

111 399 268 484 κτῆσθαι,
287 391 373 462 ἄλλά
387 389 424 463 τὸ
438 399 573 464 πολλῶν
586 401 723 466 δεῖσθαι
736 395 825 468 εἶναι
838 395 998 488 ἐνόμιζον.
1027 403 1083 471 καλ

115 494 171 566 διά
193 501 292 566 τοῦτο
315 510 386 576 τοϊς
409 522 445 565 τε
469 493 608 586 άρχουσι
630 512 700 579 τοῖς
725 500 909 589 ἐκδημοτῑσι
932 504 988 571 καλ
1011 517 1081 584 τοῖς

116 595 225 680 ἄλλοις
237 611 307 677 τοῖς
321 595 406 665 κατά
418 623 452 666 τε
465 600 601 687 πράημα
613 605 654 690 τῇ
667 597 761 670 πόλει
780 602 942 692 διαφέρον
960 605 1085 686 έξιοῦσι

10 693 13 754 ³*
96 696 162 768 ετά
178 725 212 767 τε
228 695 311 767 ἄλλα
329 694 370 766 τὰ
394 692 561 786 άνανκαία
584 701 640 770 καλ
660 700 835 784 δακτύλιος
853 705 890 774 έκ
906 707 966 774 τοῦ
984 710 1084 795 δημο-

125 806 198 869 σίου
215 801 349 870 ἐδίδοτο.

199 905 272 971 Τοίν
295 905 514 992 Ταραντίνων
540 902 581 971 δέ
600 929 690 984 τινες
713 906 924 988 κακωθέντες
941 903 1008 977 δπό
1025 910 1085 978 τοῦ

120 1007 276 1083 Μίλωνος
306 1003 466 1073 ἐπέθεντο
498 999 607 1096 αὐτῷ,
639 1012 782 1076 Νίκωνα
807 1005 1082 1098 προστησάμενοι.

117 1097 160 1185 οἱς
183 1098 216 1174 δ’
244 1099 348 1173 οὐδέν
364 1099 514 1192 ἤνυσαν,
538 1101 645 1194 τεῖχός
669 1133 701 1176 τι
717 1111 777 1196 τῆς
794 1111 956 1200 σφετέρας
973 1108 1084 1202 χώρας

81 1235 104 1276 ιο
116 1208 294 1294 κατέσχον,
318 1200 478 1276 κάκεῐθεν
500 1204 689 1298 ὁρμώμενοι
705 1212 752 1301 τῷ
770 1215 908 1280 Μίλωνι
926 1207 1081 1300 ἐπῄεσαν.

114 1309 185 1377 ε’πελ
220 1307 258 1376 δὲ
289 1302 436 1397 ᾔσθοντο
466 1305 545 1390 τούς
566 1302 747 1397 Ῥωμαίους
775 1313 961 1400 πολεμῆσαι
987 1318 1117 1402 σφίσιΒ

113 1409 361 1497 βουλομένους,
379 1410 537 1499 πρέσβεις
555 1415 603 1492 είς
620 1408 819 1500 τηνῬοίμην
836 1417 1002 1484 ἔστειλαν·
1029 1414 1085 1482 καλ

114 1508 251 1600 εἰρήνης
270 1515 396 1600 ἔτυχον.

188 1612 261 1682 Καὶ
285 1619 492 1701 Πτολεμαῖος
517 1611 555 1682 δὲ
578 1607 597 1683 δ
624 1611 836 1704 Φιλάδελφος
859 1609 877 1686 ὁ
900 1618 959 1705 τῆς
977 1615 1084 1704 Αίγά-
1194 1663 1205 1680 .

77 1739 201 1784 ωπτου
226 1710 404 1800 βασιλεύς,
429 1709 547 1784 τόντε
571 1711 714 1806 Πάρρον
737 1721 846 1799 κακῶς
871 1714 1084 1808 άπηλλαχότα

114 1811 240 1903 μαθων
266 1814 321 1884 καλ
345 1811 615 1904 τούςῬωμαίους
640 1814 903 1908 αὐξανομένους,
931 1817 1025 1907 δοῖρά
1047 1846 1084 1889 τε

116 1913 230 1996 αὐτοῖς
248 1922 376 2005 έπεμψε
394 1917 450 1986 καλ
466 1914 648 2006 ὁμολογίαν
665 1917 851 2008 ἐποιήσατο.
893 1921 949 1990 καλ
967 1925 1001 1991 οί
1011 1919 1084 1992 Ῥω-

117 2032 214 2106 μαῖοι
235 2018 290 2088 έπλ
314 2015 421 2111 τοάτφ
445 2011 607 2107 ἡσθέντες
631 2022 788 2108 πρέσβεις
805 2019 887 2111 πρὸς
906 2018 1009 2092 αὐτὸν
1027 2019 1085 2090 άν·

114 2120 351 2190 κατέστειλαν·
392 2125 427 2188 ολ
454 2123 692 2210 μεγαλοπρεπῆ
725 2126 817 2210 δῶρα
841 2117 921 2207 παρ’
955 2124 1086 2192 ἐκείνου

78 2249 101 2290 εο
113 2221 277 2308 λαβόντες
295 2225 343 2302 είς
360 2216 398 2290 τὰ
412 2219 573 2310 δημόσιον
586 2225 691 2292 ταῦτα
706 2223 849 2310 είσῆμον.
884 2219 906 2310 ἡ
926 2221 963 2290 δέ
980 2221 1085 2310 βουλὴ

102 2319 153 2404 ,οὐ
171 2319 386 2411 προσήκατο,
404 2318 481 2393 ἀλλ’
501 2332 614 2394 εἴασεν
631 2319 754 2406 αδτοδς
771 2325 876 2392 ταῦτα
895 2329 991 2412 ἔχειν.

192 2420 293 2494 Μετολ
319 2423 484 2496 δὲταῦτα
508 2423 587 2505 τοάς
610 2453 647 2496 τε
672 2432 844 2506 Σαυνίτας
868 2424 922 2495 διά
941 2435 1086 2516 Καρουι·

111 2533 190 2597 λίαν
225 2521 411 2613 ὑπέταξαν,
443 2527 500 2596 καλ
531 2530 720 2597 Λευκανῶν
750 2528 807 2597 καλ
831 2533 998 2616 Βρεττίων
1030 2525 1086 2597 διά

111 2633 309 2715 Παπειρίου
333 2624 529 2718 ἐκράτησαν.
573 2625 724 2709 καὶτοὺς
746 2633 973 2719 Ταραντίνους
990 2627 1009 2698 ὁ
1026 2623 1086 2698 αὖ·

77 2729 169 2810 εετδς
188 2735 378 2818 Παπείριος
403 2727 611 2818 ἐχειρώσατο.
654 2725 836 2819 άχθόμενοι
858 2730 923 2822 γάρ
947 2733 993 2823 τῷ
1013 2737 1119 2802 Μί-ο

114 2839 219 2918 λωνι,
244 2831 299 2900 καλ
323 2828 406 2920 πρὸς
428 2835 497 2900 των
518 2833 691 2918 σφετέρων
714 2829 915 2921 κακούμενοι
932 2837 1016 2919 τῶν,
1042 2825 1086 2912 ὥς

116 2941 265 3022 εἴρηται,
285 2933 496 3022 ἐπιθεμένων
508 2938 554 3024 τῷ
570 2939 722 3021 Μίλωνι,
740 2937 995 3023 Καρχηδονίους
1014 2933 1086 3000 έπε-

116 3034 320 3122 καλέσαντο,
346 3035 417 3104 έπελ
440 3035 497 3106 καλ
520 3031 737 3124 τὸυΠάρρον
760 3029 924 3104 τεθνάναι
948 3038 1085 3122 ἔμαθον.

115 3133 134 3204 ὁ
153 3135 194 3206 δὲ
206 3142 331 3207 Μίλων
345 3137 382 3205 έν
395 3142 501 3230 στενῷ
516 3133 682 3230 ἕαυτςδτά
698 3133 875 3227 πράγματα
893 3137 1086 3226 συνημμένα

79 3259 105 3302 τι
117 3233 230 3326 δρῶν,
252 3242 322 3308 τεόν
334 3233 505 3328 Ῥωμαίων
529 3241 567 3308 ἐκ
583 3241 642 3326 τῆς
658 3234 801 3328 ἠπείρου
819 3235 1085 3329 ἐφεδρευόντων,

117 3343 188 3408 τῶν
206 3339 246 3409 δέ
255 3366 295 3428 χε
308 3344 553 3432 Καρχηδονίων
571 3340 608 3410 έκ
625 3342 684 3428 τῆς
700 3337 894 3428 θαλάσσης,
911 3341 1086 3431 παρέδωκε

119 3441 167 3531 τῷ
186 3448 359 3537 Παπειρίῳ
383 3440 447 3530 την
464 3437 591 3534 ἄκραν,
616 3442 671 3511 ἐπὶ
688 3444 734 3534 τῷ
752 3435 902 3530 άβλαβὴς
919 3437 1086 3530 μετὰτῶν
