2538 3824
405 137 476 192 Lm.
490 136 524 193 x,
543 135 621 189 σοι).
634 139 787 190 xxxvm.
1017 138 1081 203 455

108 283 301 368 σφραγῖδας
331 281 367 347 οῖ
399 273 710 367 κατασημηνάμενοι
745 279 988 368 ἐπεστέψαντο,
1023 282 1080 350 καὶ

108 376 434 503 ἀνεγνώσθησαυέν
453 375 583 472 ἐπηκόω
600 405 661 449 του
646 385 822 470 συνεδρί
820 408 871 452 ον.
917 383 1080 472 ἐκομίσθη

108 479 142 554 δ’
170 488 218 562 είς
240 477 278 552 τό
303 481 483 570 συνέδριον
506 482 562 549 καὶ
586 486 703 570 βιβλία
720 476 824 552 αὐτοῦ
841 483 1003 612 τέσσαρα,
1032 473 1080 555 ὦν

107 614 145 656 το
133 582 226 673 μδν
244 588 282 654 δν
300 610 341 652 τα
328 581 493 672 περὶ
452 609 511 670 της
528 588 637 671 ταφής
653 579 848 674 διετάττετο,
866 579 985 654 τόδ’“
966 613 1080 676 ετερον

4 637 7 774 δ
76 683 167 768 ιτάς
184 677 359 775 πρόξεις“
337 712 377 766 ας
395 692 551 774 εῖργαστο
570 681 706 775 διεξήει,
724 713 770 778 τρι
755 685 829 756 ’ἐδ
845 693 945 781 τρίιςο
958 685 999 756 τά
1011 689 1079 758 τοῐν

4 807 8 856 ι
108 810 322 912 στρατιωτοιν
345 785 403 856 καὶ
428 781 470 853 τά
492 811 561 856 των
584 783 763 877 προσόδων
786 788 907 858 καὶ
861 816 929 858 τοιν
945 785 1079 859 ἀυαλοι

3 889 5 984 ξ
107 887 223 980 μάτοον
245 891 315 958 τόν
339 891 474 976 δημοσί
463 915 511 958 ιον
534 887 693 971 συνέταξε
716 885 829 960 καὶ
795 917 832 960 το
856 892 987 978 πλῆθος
1009 893 1079 962 τοὶν

109 996 233 1072 ἐντοῖς
250 1000 438 1079 θησαυροῖς
456 986 651 1080 χρημάτων,
682 986 719 1059 τό
738 992 778 1060 δέ
793 1018 832 1079 γε
848 991 1006 1081 τέταρτον
1024 993 1079 1062 ἐν·

3 1085 5 1106 ’
106 1091 205 1178 τολάς
222 1105 369 1183 περιεῖχε
386 1093 433 1184 τῷ
452 1096 596 1185 Τιβερίῳ
614 1092 672 1160 καὶ
688 1094 736 1186 τῷ
752 1095 856 1186 κοινῷ
874 1089 1076 1183 ἐπισκήψεις.

63 1223 93 1267 ιο
106 1193 237 1266 τούτων
256 1188 289 1263 δ’
309 1190 640 1281 ἀναγνωσθέντυνή
660 1189 786 1282 ἐκφορά
803 1195 921 1283 γέγονε
934 1197 990 1266 καὶ
1009 1197 1077 1266 ἐπι-

106 1294 221 1386 τάφιοι
245 1291 439 1386 ἐρρήθησαν
462 1290 553 1384 παρά
575 1321 612 1366 τε
635 1297 697 1364 του
719 1293 880 1384 Δρούσου
906 1297 962 1366 καὶ
985 1294 1110 1388 παρδιΒ

106 1400 168 1470 τοῦ
197 1402 369 1486 Τιβερίου·
411 1392 481 1466 εἶτα
512 1393 642 1484 ἐκαόθη
668 1393 705 1467 τό
730 1400 826 1486 σῶμα
852 1393 967 1468 αὐτοῦ.
1021 1400 1076 1468 καὶ

105 1501 233 1580 πένθος
250 1497 324 1570 τότε
342 1496 404 1586 μὲν
417 1493 458 1567 οά
473 1504 602 1588 πολλοί,
620 1494 765 1588 ὕστερον
780 1499 817 1569 δὲ
831 1495 952 1582 πάντες
967 1507 1076 1589 ἔσχον,

104 1599 310 1692 μεμνημένοι
333 1597 385 1670 ὅτι
407 1625 444 1668 τε
461 1605 565 1671 πᾶσιν
584 1597 791 1691 εὐπρόσοδος
808 1592 851 1690 ήν
868 1602 924 1671 καῖ
942 1609 1077 1684 πολλοῖς

63 1729 94 1772 15
108 1701 246 1792 ἐπήρκει
264 1705 297 1784 ἐς
315 1697 483 1791 χρήματα,
510 1704 567 1772 καὶ
583 1699 635 1772 ὅτι
653 1708 731 1774 λίαν
749 1705 844 1793 ἐτίμα
860 1694 940 1786 τοός
956 1708 1077 1793 φίλους

104 1807 162 1876 καὶ
187 1801 322 1895 χάριτας
346 1796 510 1892 ὡμολόγει
532 1817 601 1884 τοῖς
624 1799 727 1876 αὐτόν
746 1807 1001 1898 διορθουμίνοις
1019 1803 1072 1894 ἐφ’

104 1903 156 1990 οἷς
182 1904 378 1996 ἐσφάλλετο·
420 1901 531 1994 ὥσπερ
557 1905 614 1976 καὶ
645 1909 692 1998 τῷ
721 1903 947 2000 Ἀθηνοδοόρμ
974 1905 1075 1997 ἀνδρὶ

108 2032 204 2103 σοφηι
192 2009 277 2078 ἐπὶ
295 2008 409 2098 τοιᾷδε
427 2013 527 2097 αίτίηι.

183 2105 423 2199 Εόκατάφορος
441 2108 522 2230 πρὸς
540 2135 580 2177 τα
568 2097 820 2198 ἀφροδίσια
798 2136 858 2196 ην,
885 2113 946 2177 καί
966 2112 1002 2178 οί
1015 2137 1074 2196 γυ-

62 2227 219 2294 εοναῖκες
250 2205 483 2301 ἐκομίζοντο
469 2207 508 2290 ἀς
539 2207 700 2331 ἐβούλετο
719 2210 756 2279 ἐν
780 2209 991 2296 καταστίγοις
1015 2237 1075 2298 φο-

105 2321 209 2400 ρείοις
233 2308 356 2385 καὶ“
316 2339 421 2394 ουτως
446 2319 493 2396 είς
517 2308 576 2384 τόν
594 2306 699 2382 αότου
688 2307 891 2400 ἐἰσήγοντο
907 2307 1075 2400 θάλαμον,

9 2438 13 2444 ·
107 2418 234 2497 ἐκεῖνος
260 2414 297 2484 δέ
321 2410 444 2496 ταύτας
471 2415 566 2502 ἑξήγέ
587 2441 624 2484 τε
647 2415 703 2484 καὶ
731 2413 894 2504 ἐκέχρητο.
939 2409 1075 2503 ήράσθη

105 2521 191 2607 γοῦν
214 2543 295 2588 ποτε
318 2514 477 2604 γυναικὸς
500 2518 557 2586 καὶ
580 2522 706 2605 ἔπεμψε
730 2521 849 2602 λαβεῖν
872 2512 988 2604 αότήυ.
1038 2517 1075 2586 ἐν

1 2691 2 2705 ,
105 2617 213 2712 τούτῳ
238 2617 276 2688 δδ
298 2614 317 2688 ὁ
336 2615 590 2709 Ἀθηνόδωρος,
615 2621 662 2710 τῷ
685 2623 743 2708 τής
766 2615 925 2706 γυναικὸς
943 2620 1107 2706 ἐκείνηςο

1 2779 2 2782 ¹
61 2747 95 2792 τι
109 2717 211 2813 ἀνδρὶ
229 2715 383 2808 συνήθης
402 2717 463 2808 div,
491 2727 608 2811 ἔτυχεν
625 2715 785 2790 ἀπελθόν
801 2718 861 2790 τόν
878 2725 979 2808 φίλον
995 2716 1074 2802 ἀψό-

1 2839 3 2873 *
104 2850 223 2912 μενος,
246 2824 302 2894 καὶ
326 2818 535 2909 ἀσχάλλοντα
562 2818 671 2911 εὑριδυ
688 2819 846 2892 κάκεῖνον
863 2820 919 2890 καὶ
937 2821 999 2907 τήν
1016 2848 1074 2908 γυ-

102 2941 224 3013 ναῖκα,
248 2921 289 2994 οά
307 2921 372 3014 γὰρ
389 2921 560 3013 ήδόναυτο
578 2917 784 3010 ἀντιστῆναι,
804 2917 940 3009 τήντ
886 2926 940 2990 αίτ
942 2923 1057 2990 ίαν
1016 2948 1074 3008 της

1 3051 3 3126 ι
103 3023 215 3115 λόπης
235 3022 388 3096 ἐπύθετο.
430 3027 487 3096 καὶ
504 3022 626 3114 μαθοδν
642 3019 780 3144 ήρεμεῖμ
798 3017 920 3104 αότούς
938 3021 1073 3092 ἐκέλευ-

105 3147 180 3198 σευ
217 3125 319 3208 αὐτὸς
342 3123 407 3218 γὰρ
433 3125 598 3198 ἀπελθεῖν
615 3133 680 3214 ἔφη
698 3123 780 3215 πρὸς
797 3120 857 3194 τόν
875 3118 1074 3212 Αὔγουστον

1 3235 3 3316 ξ
63 3258 91 3300 ιο
104 3229 220 3300 καὶ
185 3257 247 3318 την
270 3225 374 3300 αὐτοῦ
397 3225 644 3319 ἀποστρέψαι
629 3224 745 3348 ορμήν.
782 3227 839 3296 καὶ
856 3227 1074 3315 κομισθέντος

1 3357 3 3418 ι
102 3335 166 3401 τοῦ
190 3331 393 3419 καταστίγου
418 3326 589 3421 δίφρου
566 3357 611 3411 ως
640 3332 699 3418 τῆς
728 3327 887 3420 γυναικός
918 3331 955 3398 ἐν
979 3321 1074 3422 αὐτῷ

1 3433 2 3444 ³
107 3433 397 3524 είσελευσομίνης,
423 3437 583 3520 εῖσήλθεν
600 3426 618 3502 6
633 3427 884 3523 Ἀθηνόδωρος,
904 3431 959 3501 καλ
978 3427 1078 3520 ξίφος
