2566 3812
212 153 277 220 m
377 125 379 128 ’
548 149 852 203 mmmm
958 186 962 194 s

212 292 274 378 ὀψὲ
293 297 331 364 δέ
355 319 435 364 ποτε
460 289 631 377 ἐπελθών,
656 295 703 372 είς
719 286 777 372 τάς
795 293 879 370 ναῦς
892 286 1004 366 ,αὐτού
1026 287 1085 362 τδν
1102 289 1182 364 ”Av-

212 405 315 466 ταλον
328 409 537 484 καταφυγεῖν
552 390 715 480 ἐβιάσατο.
741 385 759 460 ὁ
777 393 890 479 μέντοι
904 399 1070 474 Φίλιππος
1083 401 1182 464 σπεί-

213 508 338 567 σασθαι
367 511 435 576 τοῖς
460 493 629 585 Ῥωμαίοις
658 487 812 582 ήθέλησε.
854 500 913 562 καί
939 503 1042 564 τινων
1071 493 1182 584 λόγων

214 595 326 679 αὐτοῖς
349 598 540 686 γενομένων
556 594 596 666 τά
620 593 683 684 μὲν
700 599 758 682 τῆς
777 591 911 684 εἰρήνης
934 591 1083 686 άφείθη,
1102 596 1181 680 τούς

207 696 248 770 ,δ’
264 693 437 780 Αἰτωλούς
454 693 520 768 άπὸ
532 699 593 768 τού
611 712 797 786 συμμαχεῖν
806 712 883 777 τοῖς
896 694 1065 784 Ῥωμαίοις
1082 724 1208 789 μεταε

213 805 355 892 θέμενος
373 807 494 889 φίλους
513 801 635 869 ἑαυτοῦ
653 795 837 887 ἐποιήσατο.

285 901 321 974 Ὁ
339 899 370 972 δ’
389 897 543 990 Ἀυυίβας
560 902 642 982 τέως
659 898 803 990 ἡσυχίαν
820 888 914 988 ήγευ,
933 896 1074 988 άγαπάυ
1093 907 1124 970 εί
1140 897 1182 970 τά

180 1033 205 1082 D
217 997 410 1094 ύπάρχουτά
428 1008 463 1073 οί
479 999 689 1073 διαστάσαιτο.
725 1001 782 1070 καὶ
799 1005 834 1070 οί
853 998 975 1070 ύπατοι
992 1007 1202 1086 νομίζοντες·

215 1101 320 1176 αύτόν
338 1107 393 1174 καὶ
411 1100 495 1176 ἄνευ
512 1101 619 1194 μάχης
638 1105 908 1192 ἐκτρυχωθήναι,
926 1099 1070 1191 άυεϊχον.

295 1209 350 1300 Τῷ
380 1203 412 1275 δ’
440 1202 566 1276 ἐπιόντι
592 1211 658 1275 ἔτει
681 1200 700 1274 ὅ
728 1229 765 1273 τε
788 1209 942 1274 Σκιπίων
964 1197 983 1273 δ
1005 1201 1181 1287 ’Πούπλιος
1196 1239 1225 1279 ιο

214 1309 270 1378 καὶ
292 1315 443 1388 Λικίνιος
460 1303 617 1398 Κράσσος
640 1299 845 1375 ύπάτευσαν.
883 1306 939 1374 καί
962 1298 1061 1394 ὁμὲν
1086 1309 1123 1375 ἐν
1139 1309 1183 1396 τῇ

209 1409 330 1502 Ἰταλίη
348 1415 499 1498 ἔμεινεν,
518 1405 536 1479 ὁ
556 1408 596 1478 δὲ
612 1414 768 1478 Σκιπίων
786 1409 820 1487 ἐς
837 1412 999 1478 Σικελίαν
1016 1403 1183 1478 ἀπελθεῖν

214 1513 271 1581 καὶ
296 1514 333 1592 ἐς
347 1507 481 1598 Λιβύην
498 1511 755 1597 προσετέτακτο,
780 1513 839 1578 ἵνα
858 1513 889 1578 εί
904 1505 949 1598 μή
966 1504 1028 1598 τήν
1045 1515 1182 1597 Καρχη-

215 1610 299 1682 δόνα
329 1609 478 1700 αίρήσει,
513 1607 642 1698 τόνγε
668 1607 828 1698 Ἀννίβαν
857 1607 923 1679 άπὸ
952 1612 1011 1698 τῆς
1042 1606 1183 1692 Ἰταλίας

214 1715 295 1792 τέως
313 1707 517 1802 άνθελκύση.
554 1707 631 1782 ούτε
650 1712 687 1782 δὲ
709 1709 898 1801 στράτευμα
914 1707 1088 1798 ἀξιόλογον
1104 1705 1183 1781 οὔτε
1196 1744 1225 1784 15

216 1810 299 1904 πρδς
328 1811 474 1902 τριήρεις
504 1810 664 1902 ἀνάλωμα
695 1818 811 1902 ἔλαβε,
844 1809 900 1882 διά
930 1808 988 1893 τάς
1012 1808 1182 1901 άριστείας

215 1912 464 2003 φθονούμενος·
483 1913 578 2006 μόλις
593 1915 630 1984 δὲ
649 1915 706 1984 καλ
723 1911 763 1982 τά
779 1911 870 1984 πάνυ
890 1909 1058 2002 άυαγκαῑα
1077 1915 1183 2004 παρέ-

190 2109 194 2114 Ι
216 2037 296 2106 σχον
319 2015 421 2110 αύτῷ,
466 2017 523 2086 καλ
545 2013 563 2086 ὃ
586 2016 656 2105 μὲν.
672 2013 737 2086 σύν
760 2019 807 2108 τῷ
830 2017 979 2108 ναυτικῷ
1004 2016 1072 2084 τῶν
1095 2033 1184 2104 συμ-

214 2115 330 2208 μάχων
348 2125 408 2187 καί
422 2138 511 2188 τισιν
526 2120 719 2198 ἐθελουταίς
734 2119 774 2186 ’ἐκ
790 2119 854 2187 τού
871 2114 980 2206 δήμου
998 2111 1144 2206 άπῇρεν,
1163 2113 1182 2184 ὁ

81 2253 88 2258 ·
216 2219 253 2289 δὲ
267 2217 400 2308 Μάγων
418 2222 454 2289 ἐκ
471 2225 529 2306 τής
546 2216 653 2308 νήσου
671 2215 909 2308 παραπλεύσας
932 2223 979 2300 είς
996 2215 1059 2304 τήν
1076 2227 1182 2304 Λιγυ·
1196 2249 1227 2291 εο

18 2407 20 2412 Ι
113 2339 207 2392 121437
215 2318 332 2410 στικήν
345 2316 462 2408 άπέβη.
482 2315 665 2410 ὁΚράσσος
679 2315 713 2389 δ’
729 2323 767 2389 ἐν
783 2323 825 2409 τῇ
834 2325 974 2412 Βρεττίᾳ
987 2319 1035 2412 τῷ
1045 2313 1184 2410 Ἀννίβᾳ

214 2419 455 2512 προσήδρευεν.
467 2415 485 2490 δ
496 2422 609 2510 μέντοι
617 2428 781 2502 Φίλιππος
794 2418 987 2510 κατηλλάγη
995 2417 1183 2508 Ῥωμαίοις·
1281 2471 1282 2476 1

214 2519 391 2592 Πούπλιον
407 2520 471 2613 γάρ
485 2521 709 2612 Σεμπρώνιον
727 2528 774 2602 είς
791 2518 1014 2592 Ἀπολλωνίαν
1039 2518 1184 2590 ἐλθύντα

215 2619 279 2692 σύν
297 2626 403 2714 πολλή
422 2621 564 2711 δυνάμει
582 2621 783 2711 αἰσθόμενος
798 2618 949 2713 άσμένως
964 2625 1148 2692 ἐσπείσατο.

292 2732 446 2796 Σκιπίων
465 2721 496 2794 δ’
512 2723 530 2795 ὁ
545 2723 673 2806 ύπατος
688 2731 736 2808 είς
749 2731 911 2796 Σικελίαν
923 2721 1068 2812 κατάρας
1081 2747 1183 2812 παρε-
1198 2751 1231 2794 ετ

215 2823 391 2910 σκευάζετο
408 2827 472 2916 μὲν
490 2823 534 2908 ὡς
553 2829 585 2907 ἐς
603 2824 738 2915 Λιβύην
755 2824 924 2914 πλεύσωυ,
943 2821 1005 2896 ούκ
1022 2821 1184 2913 ήδυνήθη
1281 2889 1282 2892 ,

216 2929 271 3017 δέ,
299 2927 381 3018 μήτε
406 2925 553 3016 δύναμιν
579 2931 694 3016 ἐντελῆ
718 2927 775 2996 καί
804 2923 911 3015 αύτήν
934 2922 1185 3016 άσυγκρύτητον

112 3053 147 3102 W
157 3049 223 3104 1193
231 3035 326 3118 ἔχων.
354 3029 406 3100 διὸ
418 3025 528 3101 πάντα
542 3026 601 3099 τόυ
618 3034 765 3118 χειμῶνα
779 3030 849 3098 ἐκεί
862 3025 1012 3121 διήγαγε,
1025 3023 1103 3108 τούς
1117 3024 1185 3096 σὺν

215 3125 305 3221 αύτῷ
325 3133 474 3213 ἐξασκιύν
492 3131 548 3201 καί
566 3126 688 3210 άλλους
705 3131 993 3220 προσκαταλίγων.
1029 3129 1187 3217 μέλλοντι
1281 3153 1282 3162 ³

217 3229 254 3296 δὲ
271 3229 526 3318 παραιτήσασθαι
544 3226 797 3324 άγγελίαναύτῷ
826 3233 862 3300 ἐκ
880 3229 1014 3319 Ῥηγίου
1037 3218 1098 3317 ήκε
1120 3227 1186 3316 τήν
1201 3258 1232 3299 σο
1256 3284 1262 3298 ,

216 3324 314 3396 πόλιν
336 3335 404 3401 τῶν
422 3333 563 3421 Λοκρῶν
580 3359 674 3414 τινας
691 3327 890 3423 προδώσειν.
907 3333 969 3402 τού
989 3329 1055 3422 γάρ
1074 3357 1186 3419 φρου-

216 3426 341 3515 ράρχου
365 3429 632 3519 καταβοήσαντες
655 3433 711 3503 καὶ
735 3439 898 3523 μηδεμιᾶς
922 3435 1070 3513 ἐκδικίας
1092 3427 1187 3522 παρά
