2580 3816
406 187 478 240 τεο.
490 185 568 240 xm.
587 185 664 238 τεο.
677 171 763 238 XXV.
857 231 858 234 ,
991 185 1055 250 249

88 325 320 416 κατεχόμενος,
345 308 389 413 ἣν
414 325 559 395 ἐκτεῖναι
581 326 709 412 λέγεται
726 325 811 416 πρός
834 325 894 398 τόν
917 329 1055 414 βασιλέα
1174 387 1176 390 .

26 461 28 464 ·
88 427 141 496 καί
158 425 219 498 τόν
241 425 460 518 πατριάρχην,
483 425 545 498 τόν
562 426 666 515 τόμον
683 425 799 508 αὐτοῖς
819 423 1053 517 ἐγχειρίζοντα.

51 533 121 626 Ὶοί
140 527 203 618 μὲν
227 519 292 598 ούυ
316 527 354 598 τό
380 527 490 619 ὀρθόν
513 527 758 622 πρεσβεύοντες
783 529 893 620 δόγμα
909 522 1054 618 ήσαυέν
1110 562 1111 566 ¹
1177 517 1179 520 ⁸
1267 563 1270 572 ¹

85 629 234 718 κρότοις,
258 635 295 700 οί
316 629 354 699 δέ
376 629 505 711 τούτοις
530 629 794 720 έτερογνύμονες
812 637 1157 719 κατηφιύντεςηρῃῑςρ
1234 634 1251 644 ”

62 731 141 806 ικαὶ
162 729 282 814 σκότος
307 729 369 802 ὑπ’
394 730 561 820 αἰσχύνης·
579 733 816 822 περιχυθέντες
834 729 1051 820 ἀπήλθοσαυ·

85 832 171 914 τινές
195 830 236 909 δ’Ι
252 835 288 902 ἐκ
307 831 440 904 τούτων
464 833 522 902 καὶ
544 829 629 924 πρός
651 831 689 902 τό
707 831 895 924 όρθόδοξου
911 834 1053 924 μετεβά-

86 943 192 1009 λοντο.
224 932 307 1002 κατὰ
326 926 479 1006 τδυτότε
496 933 620 1026 χρόνον
637 936 693 1004 καί
710 933 732 1023 ή
749 936 879 1023 βασιλὶς
897 945 1053 1025 Πουλχε-

87 1041 143 1127 ρία
159 1034 301 1122 θνήσκει
319 1031 467 1123 εύσεβύς
491 1063 527 1106 τε
550 1036 608 1106 καὶ
626 1029 771 1116 εύκλεύς
789 1031 846 1106 καὶ
866 1035 923 1109 ἐπ’
944 1039 1054 1108 ἐλπίσι

84 1151 252 1228 χρησταῖς.
288 1137 398 1208 πάντα
419 1135 485 1226 γὰρ
510 1135 572 1207 τόν
597 1139 745 1206 πλούτου
774 1135 879 1226 αύτής
910 1139 1053 1230 διένειμε

44 1269 69 1308 ιο
85 1239 204 1326 πένησι
232 1239 289 1316 καί
318 1243 366 1330 τῷ
397 1237 482 1328 πρός
510 1237 652 1318 τούτους
684 1240 766 1332 έλέιμ
795 1238 857 1308 τόν
880 1245 943 1312 τού
966 1246 1053 1313 θεοῦ
1073 1250 1086 1256 ”

85 1339 243 1432 ἐκτήσατο
261 1345 366 1414 ἔλεον.
406 1337 686 1430 Ούαλεντινιανός
705 1339 743 1409 δέ
761 1337 778 1408 ὁ
797 1337 934 1422 ἀνεψιός
947 1339 1051 1412 Ὁνω-
1064 1359 1088 1408 Β

84 1433 236 1532 ρίου,ού
254 1439 325 1510 ἀνω
343 1466 409 1511 που
429 1440 686 1530 ἐπεμνήσθημεν
708 1439 754 1522 ἀς
775 1445 811 1512 έκ
828 1447 886 1529 τῆς
905 1440 1054 1532 ἀδελφῆς

84 1539 194 1612 αύτού
210 1543 435 1629 γεννηθέντος
452 1548 510 1630 τῆς
528 1547 725 1628 Πλακιδίας,
749 1541 940 1629 βασιλεύων
958 1547 995 1616 έυ
1011 1550 1054 1634 τῇ

81 1639 296 1734 πρεσβυτέρᾳ
309 1641 429 1733 Ῥύμη,
448 1642 562 1730 ἄγεται
580 1650 628 1724 είς
645 1657 793 1730 γυναῖκα
802 1641 975 1727 Εύδοξίαυ
991 1643 1055 1732 τήν
1157 1641 1159 1644 ’

12 1777 14 1782 ·
39 1774 65 1815 ιε
81 1747 191 1816 παῖδα
208 1750 270 1814 τού
287 1747 367 1814 νέου
387 1750 581 1814 Θεοδοσίου.
615 1747 898 1835 ἐκδεδιῃτημένως
916 1746 954 1816 δέ
971 1746 1052 1834 βιό-

2 1868 3 1873 ’
83 1867 177 1916 σκων
194 1847 251 1915 καὶ
269 1843 430 1934 ἀσελγῶς,
447 1844 511 1934 τήν
523 1842 586 1934 μέν
599 1851 728 1914 οίκείαυ
740 1845 887 1936 γαμετήν
901 1857 964 1934 ε’ία,
977 1855 1054 1916 καί·

81 1975 135 2018 τοι
152 1939 356 2027 κάλλουςέύ
374 1953 529 2036 ἔχουσαν,
544 1944 733 2034 ἀλλοτρίαις
747 1947 785 2017 δέ
798 1955 1053 2038 συνεφθείρετσ

84 2050 241 2136 ἐκέχρητο
267 2048 305 2117 δέ
329 2050 386 2116 καὶ
408 2054 579 2136 μαντείαις
604 2048 660 2115 καὶ
684 2055 858 2134 γοητείαις.
901 2048 992 2118 οὕτω
1016 2049 1054 2118 δέ

80 2148 240 2240 βιεόσκων
264 2147 327 2220 ούκ
352 2145 502 2236 εύαγῶς,
527 2147 728 2236 ἀποβιύσκει
746 2147 905 2230 ἐλεεινῶς.
941 2149 1053 2231 Μάξι-

36 2281 66 2321 εο
82 2279 148 2342 μος
166 2249 232 2340 γάρ,
255 2245 303 2332 εἷς
321 2255 392 2320 τεόν
410 2255 448 2320 έν
465 2255 507 2340 τῇ
521 2248 627 2338 Ῥύμῃ
645 2256 845 2340 πατρικίων,
859 2255 998 2335 ἔγγονος
1016 2250 1054 2319 δὲ

79 2357 146 2424 τού
165 2351 268 2420 πύλαι
284 2351 556 2440 τυραννήσαντος
570 2352 743 2439 Μαξίμου,
758 2347 799 2420 δν
818 2345 836 2420 ὁ
854 2351 958 2438 μέγας
975 2378 1053 2420 κατ·
1096 2364 1098 2369 '

4 2530 8 2534 ,
81 2455 269 2541 επολέμησε
289 2453 482 2540 Θεοδόσιος,
505 2457 606 2522 ἔνδον
629 2458 699 2522 τῶν
716 2457 896 2538 βασιλείων
913 2451 1054 2544 γενόμε-

40 2623 44 2626 ,
79 2582 156 2641 νος,
181 2558 218 2624 έν
241 2551 358 2634 αὐτοῖς
380 2552 440 2624 τδυ
461 2551 746 2624 Ούαλεντινιανόν
764 2550 979 2642 ἀποσφάττει,
997 2555 1055 2626 καὶ

2 2670 3 2674 ’
80 2661 127 2744 τῇ
142 2653 293 2746 Εύδοξίρι
311 2661 369 2746 βία
383 2663 621 2744 συμμίγνυται,
635 2656 765 2745 καὶτῆς
782 2661 953 2742 βασιλείας
969 2685 1054 2748 κρα-

15 2786 61 2827 .εε
79 2769 145 2825 πεί.
190 2753 210 2842 ή
237 2756 275 2824 δέ
298 2761 359 2824 τού
390 2755 515 2844 πατρός
546 2753 650 2844 αύτής
676 2762 861 2826 Θεοδοσίου
882 2757 1088 2840 θανόντοςο

17 2933 19 2938 ,
77 2856 142 2928 καὶ
163 2861 223 2943 τής
242 2853 715 2947 ,Πουλχερίαςέκμετρησάσης
738 2856 777 2926 τό
804 2862 863 2943 ζήυ
886 2859 1054 2944 ἐκδίκησιν

76 2955 253 3046 ἑτέρωθεν
268 2955 314 3046 μή
334 2961 530 3045 ἐλπίζουσα,
550 2958 769 3046 διαπέμπεται
786 2955 870 3046 πρός
888 2959 1054 3047 Γιζέριχον
1169 3034 1170 3038 ¹

2 3096 3 3099 ¹
74 3065 153 3130 τῶν
171 3053 383 3148 Ούανδήλων
401 3063 487 3150 ρήγα
504 3057 716 3146 καλούμενον
733 3059 872 3144 καὶτῆς
896 3064 957 3127 τού
972 3069 1054 3130 Μα-
1088 3119 1089 3122 ,
1178 3104 1180 3110 s

72 3165 184 3248 ξίμου
214 3166 417 3250 τυραννίδος
447 3159 678 3248 ἀπαλλαγῆναι
709 3161 895 3248 ἐκλιπαρεί·
931 3161 986 3229 καί
1016 3157 1054 3240 ὃς

21 3291 55 3334 σο
74 3267 192 3332 ἔπεισι
208 3269 249 3352 πή
263 3259 370 3352 Ῥύμη
390 3261 456 3332 σύν
474 3261 582 3354 στόλῳ
599 3262 656 3330 καὶ
673 3261 816 3351 δυνάμει
828 3266 947 3350 πολλή.
966 3259 1053 3334 καὶὸ

73 3362 242 3452 Μάξιμος
272 3359 402 3452 ἀπέδρα
432 3362 567 3451 ταύτης,
599 3363 655 3432 καὶ
684 3369 849 3432 κτείνεται
871 3360 966 3452 παρά,
985 3369 1055 3434 τῶν

73 3463 263 3534 συνόντων
285 3461 391 3558 αύτῷ.
425 3462 507 3534 ὁδέ
525 3464 687 3554 Γιζέριχος
705 3462 842 3556 ἀπόνως
859 3469 918 3551 τῆς
932 3461 1056 3556 Ῥύμης
1114 3533 1116 3537 ,
