2546 3822
229 233 292 299 378
529 231 899 285 L1B.xv.cAP.xvu1.
994 277 1003 300 ,

229 378 288 466 τῆς
306 374 417 463 χώρας
435 372 605 463 οἰκήτορσι
621 371 662 442 τά
681 371 911 463 στρατεύματα
929 369 994 460 ούχ
1010 365 1113 460 ῆττον
1130 379 1202 445 τῶν

229 475 412 566 βαρβάρων
430 481 478 556 εἰς
496 473 681 564 προνομήν.
716 475 772 542 καὶ
790 467 809 542 ὁ
824 477 984 564 Κρούμος
1003 473 1041 543 δὲ
1058 479 1129 544 τῶν
1147 481 1201 546 οί-

229 583 331 646 κείων
355 573 487 666 ἀπάρας
504 571 603 665 ῆθῶν
629 579 709 656 ταῖς
718 582 908 663 βασιλικαῖς
926 595 1202 666 παρεστρατοπε-

230 677 375 748 δεύσατο
394 677 514 762 τάξεσι.
549 675 655 766 μάχης
680 669 745 746 ούν
763 683 1051 766 συγκροτηθείσης
1068 675 1203 765 ῆττοίυ·

227 806 280 848 ται
296 777 462 868 Ῥωμαῖοι,
482 782 543 848 τοῦ
564 783 752 868 στρατηγοῦ
773 784 843 848 τοῖν
859 775 1081 848 Ἀνατολικοὸν
1094 779 1227 849 Δίον-5

228 907 284 962 τος
303 886 366 950 τού
384 883 417 964 ἐξ
433 879 620 971 Ἀρμενίων
638 886 749 949 αίτίου
767 885 825 968 τῆς
842 873 942 968 ἥττης
959 881 1202 968 γεγενημένου.

227 975 326 1062 οὗτος
340 979 405 1072 γάρ
418 988 477 1070 τῆς
491 986 662 1069 βασιλείας
677 983 765 1072 ἐρῶν
782 981 839 1050 καὶ
857 980 943 1071 πρδς
959 980 1023 1068 τῆν
1041 983 1205 1071 στρατιάν

141 1156 147 1176 ‚
227 1081 421 1170 διαβάλλων
434 1081 495 1152 τδν
509 1081 645 1172 Μιχαὴλ
659 1081 704 1163 άς
717 1081 890 1172 άνανδρόν
903 1109 938 1151 τε
956 1082 1013 1150 καὶ
1030 1077 1205 1172 άστρατῆ-

225 1209 340 1270 γητον,
355 1180 429 1274 άρτι
440 1189 502 1254 τού
515 1183 663 1274 πολέμου
682 1183 983 1276 συγκροτηδίντος,
997 1181 1038 1252 τά
1055 1181 1121 1252 ὑπ’
1142 1183 1205 1256 αύ-

226 1283 287 1354 τδν
309 1283 459 1374 τάγματα
477 1287 624 1358 ἕπεσθαί
646 1289 682 1354 οί
697 1284 979 1373 ἐγκελευσάμενος
997 1287 1207 1376 λιποτακτή-
1219 1305 1241 1346 1⁰

227 1407 287 1467 σας
301 1380 403 1478 άπῄει
415 1385 537 1475 φυγάς.
568 1391 668 1456 τοῦτο
681 1386 738 1455 καλ
751 1385 832 1466 τοδς
850 1384 974 1467 ἄλλους
992 1391 1138 1476 ἔτρεψεν
1157 1395 1207 1470 είς

226 1486 356 1576 φυγήν,
384 1487 470 1558 ὥστε
492 1487 552 1557 τόν
570 1493 733 1578 Κρούμον
749 1486 836 1576 μηδὲ
853 1486 1021 1556 πιστεύειν
1037 1491 1088 1580 τῷ
1104 1482 1207 1575 ’γινο-

191 1614 217 1664 1)
229 1589 321 1682 μένῳ
346 1587 402 1658 διά
425 1587 463 1658 τδ
487 1597 566 1659 λίαν
584 1589 796 1679 παράλογον,
820 1585 905 1657 άλλά
922 1587 1025 1676 λόγου
1041 1584 1209 1678 ἡγεῖσθαι

226 1695 327 1759 τοῦτο
351 1691 408 1758 καὶ
432 1689 512 1771 τούς
536 1687 622 1780 ἄμφ’
649 1686 756 1784 αὐτόν
781 1692 948 1778 ἐπισχεῖν.»
977 1687 1022 1770 οἱς
1048 1689 1087 1759 δὲ
1114 1691 1209 1781 ἕοάρα

224 1789 305 1870 τούς
331 1789 513 1879 Ῥωμαίους
544 1789 733 1880 φεύγοντας
763 1787 918 1879 ἀκόσμως
948 1789 1006 1859 καλ
1031 1785 1208 1882 άκραταῑς,
1223 1809 1245 1852 1³

225 1889 298 1958 τότε
327 1903 398 1971 τοϊς
433 1896 568 1974 οίκείοις
603 1891 740 1962 διώκειν
775 1891 1058 1980 ἐγκελευσάμενος
1088 1892 1210 1980 φόνον

225 1999 385 2060 πλείστου
408 1992 586 2080 είργάσατο
612 1999 824 2084 στρατιωταῐν
850 2020 886 2062 τε
907 1994 965 2062 καὶ
989 2002 1208 2082 στρατηγῶν.

225 2091 320 2182 μόλις
338 2087 373 2161 δ’
393 2091 411 2163 ὁ
429 2091 589 2181 βασιλεύς
607 2101 656 2176 είς
669 2093 732 2183 τῆν
745 2093 1009 2165 Κωνσταντίνου
1026 2090 1103 2182 μετ’
1126 2095 1209 2168 ὀλί-

224 2222 296 2281 γων
318 2199 423 2265 τινῶν
447 2203 543 2288 φυγῆ
569 2194 779 2284 διασώζεται,
802 2201 864 2266 τοῦ
887 2193 1032 2285 χάρακος
1058 2197 1121 2264 καὶ
1147 2205 1210 2287 τῆς

226 2300 351 2384 σκηνῆς
382 2303 441 2385 τῆς
478 2303 650 2386 βασιλικῆς
685 2297 875 2384 γεγονότων
908 2309 979 2378 τοίς
1012 2299 1208 2390 βαρβάροις
1221 2317 1245 2358 ³⁰

179 2390 181 2393 ⁸
225 2395 428 2487 διάρπαγμα.
473 2387 635 2468 ἕντεύδεν
661 2395 679 2467 ὁ
704 2398 803 2469 Λέων
833 2393 948 2478 άδείας
979 2397 1211 2488 δραξάμενος,

158 2558 161 2564 f
224 2495 391 2578 καὶτοὺς
421 2498 606 2580 κοινωνούς
630 2502 700 2568 τῶν
722 2499 965 2589 βουλευμάτων
995 2493 1091 2591 αύτῷ
1127 2507 1213 2571 δια-

225 2603 365 2687 σπείρας
396 2605 445 2678 είς
475 2597 516 2668 τά
548 2603 808 2690 περιλειφθέντα
837 2605 907 2669 τῶν
938 2599 1213 2690 στρατευμάτων

223 2697 382 2784 λέγοντας
401 2701 433 2783 ἐξ
452 2696 609 2788 άφελείας
621 2706 690 2770 τῶν
703 2700 919 2792 κρατούντων
935 2699 1105 2788 ἡττᾶσθαι
1120 2700 1213 2774 Ῥω-

224 2805 345 2888 μαίους
367 2801 425 2870 καὶ
449 2807 586 2872 δεῖσθαι
609 2800 651 2871 τά
674 2802 853 2892 πράγματα
877 2809 1037 2890 γενναίου
1056 2800 1212 2896 άνδρός,
1225 2821 1248 2862 ¹⁵

224 2895 293 2981 οἷος
317 2899 335 2972 δ
359 2907 430 2972 τάν
449 2899 672 2974 ’Λνατολικολν
696 2902 879 2994 στρατηγός
897 2905 996 2974 Λέων
1023 2907 1135 2992 ἐστίν,
1156 2914 1214 2989 είς

224 3001 340 3072 στάσιν
363 3002 444 3085 τούς
468 3004 668 3095 στρατιώτας
691 2999 841 3096 ῆρίδισε,
861 3005 919 3074 καὶ
935 3004 997 3074 τὸν
1013 3004 1077 3094 μὲν
1095 3014 1215 3094 βασι·

120 3103 286 3184 ΡΙΙῙκελέα
309 3111 420 3186 κακῶς
445 3110 580 3194 ἔλεγον,
603 3105 666 3175 τόν
682 3107 813 3178 Λέοντα
837 3106 876 3175 δὲ
892 3111 1064 3195 βασιλικῆς
1085 3105 1217 3197 εύφη-

188 3201 302 3290 Αμίας
324 3203 462 3294 ῆξίουν,
487 3205 550 3295 τῆν
575 3210 707 3278 ἐκείνου
726 3205 939 3298 περιστάντες
958 3206 1098 3296 σκηυῆν.
1138 3207 1215 3280 ἀκ-

117 3311 261 3366 'W111104
272 3307 445 3392 κιζομίνου
464 3305 496 3375 δ’
517 3305 625 3378 αύτού
642 3309 700 3377 καὶ
717 3311 987 3400 παραιτουμένου
1006 3313 1121 3397 δῆθεν
1137 3311 1218 3399 τῆν
1248 3340 1251 3341 ’

223 3399 422 3492 αύταρχίαν,
447 3405 465 3474 ὁ
488 3407 635 3497 τραυλός
654 3409 790 3499 Μιχαῆλ
812 3409 980 3500 τάγματος
1004 3409 1134 3499 ἄρχων,
1168 3411 1215 3482 τό

222 3500 317 3583 ξίφος
342 3505 572 3595 σπασάμενος,
599 3511 699 3579 τούτο
718 3511 755 3580 δὲ
773 3511 829 3579 καὶ
847 3511 960 3592 άλλοις
978 3525 1089 3582 ποιεῖν
1108 3509 1214 3582 ύπο-
