2562 3814
420 169 493 253 αμα.
507 170 567 221 v11.
588 169 667 224 υΑΡ.
681 171 741 222 xx.
753 171 827 226 xxl.
1045 172 1103 236 147

208 308 381 397 Πολέμου
396 307 433 378 δὲ
461 306 577 390 αὐτοῖς
607 308 688 398 πρὸς
716 308 879 394 Οὐιέντας
907 311 1101 403 συστάντος,

128 415 191 492 ἕως
211 412 275 502 μὲν
294 407 377 479 κατά
395 415 482 498 σφᾶς
502 413 685 499 ἐπολέμουν
703 416 842 501 ἐκείνοι,
866 413 1024 496 πολλάκις
1043 412 1103 486 αὖ·

127 511 206 594 τούς
225 517 262 582 ολ
272 510 427 600 Ῥωμαῖοι
452 515 626 600 ἐνίκησαν,
652 515 708 583 καὶ
732 519 766 595 ἐς
790 523 986 603 πολιορκίαν
1009 521 1102 586 κατέ-

129 631 276 703 στησαν·
296 617 575 703 προσγενομένων
596 615 633 683 δὲ
645 611 759 696 αὐτοῖς
770 618 955 707 συμμάχων
966 621 1101 708 ἐπεξήλ-

107 729 200 787 ιθον
217 731 286 798 τοῖς
306 711 476 804 Ῥωμαίοις
499 717 556 784 καὶ
582 715 817 807 ἐπεκράτησαν.
857 723 893 789 έν
916 718 1045 802 τούτοις
1064 723 1101 792 δὲ

136 815 157 904 ἡ
183 814 263 904 πρὸς
282 821 330 910 τῷ
352 815 423 905 ὄρει
446 822 492 909 τῷ
513 814 662 912 ’Λλβανῷ
686 809 770 890 οὖσα
794 827 915 911 λίμνη,
942 820 1009 891 ὑπὸ
1033 827 1101 894 των

133 921 228 1008 πέριξ
257 915 360 1002 αὐτῆς
391 922 644 1009 περικλειομένη
674 919 789 1010 λόφων
815 925 871 992 καί
901 921 946 1012 μή
978 927 1100 1012 ἔχουσα

131 1018 264 1110 ἐκροήν,
284 1019 365 1090 κατὰ
383 1018 442 1090 τὸν
458 1026 516 1107 τῆς
535 1028 728 1110 πολιορκίας
744 1029 813 1093 τῶν
832 1021 1006 1095 Οὐιεντοδν
1023 1053 1099 1096 και-

128 1121 190 1210 ρδν
216 1125 249 1204 ἐς
273 1127 435 1192 τοσοῦτον
453 1120 670 1212 ἐπλήμμυρεν
692 1118 739 1204 ως
761 1119 1023 1216 δπερεκχείσθαι
1040 1130 1097 1197 καλ

92 1229 197 1296 τιτῶν
229 1220 321 1313 ὀρῶν
350 1225 406 1294 καλ
437 1227 586 1294 κατιέναι
615 1224 699 1314 πρὸς
728 1224 914 1297 θάλασσαν.
959 1235 1098 1315 κρίναν-

127 1353 182 1408 τες
207 1324 240 1396 δ’
261 1331 297 1396 ολ
313 1325 466 1415 Ῥωμαῖοι
489 1323 621 1407 πάντως
644 1354 677 1396 τι
701 1324 756 1396 διά
779 1326 901 1398 τούτου
923 1340 1022 1400 θεῖον
1039 1351 1130 1419 ση-Ι)

126 1435 331 1519 μαίνεσθαι,
356 1435 510 1518 ἔπεμψαν
534 1435 580 1508 είς
598 1427 756 1517 Λελφούς
780 1431 857 1520 περί
878 1427 999 1502 τούτου
1017 1460 1098 1519 χρη-

127 1529 277 1622 σόμενοι.
313 1521 356 1619 ἦν
381 1533 421 1600 δέ
441 1557 490 1612 τις
514 1532 570 1600 καὶ
594 1529 685 1621 παρὰ
709 1547 778 1614 τοῖς
806 1529 979 1614 Οὐιίνταις
1009 1543 1098 1621 Τυρ-

127 1633 231 1723 σηνός
255 1629 340 1722 ἀνὴρ
366 1629 531 1722 μαντικός.
576 1635 608 1713 ἐς
637 1630 761 1704 ταύτὸν
790 1624 853 1704 οὖν
876 1632 898 1724 ή
919 1663 955 1705 τε
983 1641 1097 1706 Πυθία

92 1765 115 1804 1⁵
129 1739 188 1806 καὶ
211 1733 233 1820 ή
253 1738 384 1805 ἐκείνου
409 1741 549 1824 μαντεία
572 1738 798 1825 συνέδραμον·
825 1739 882 1806 καί
905 1733 1005 1826 άμφω
1030 1737 1096 1826 γάρ

127 1833 326 1908 ἆλτάσεσθαι
343 1834 406 1924 τήν
423 1834 522 1906 πόλιν
541 1836 635 1906 εἷπον
658 1833 738 1907 ὅταν
762 1837 798 1907 τδ
815 1835 909 1928 ὕδωρ
933 1839 970 1908 τδ
989 1847 1096 1927 πλημ-

129 1943 287 2028 μυρήσαν
310 1937 356 2028 μή
375 1941 408 2020 ές
429 1936 607 2009 θάλασσαν
631 1941 772 2030 ἐκπέση,
802 1935 875 2009 ἀλλ’
902 1936 1096 2027 ἀναλωθείη

132 2041 291 2130 ἑτέρωθι,
323 2047 383 2110 καί
405 2068 498 2121 τινας
522 2045 710 2129 ίερονργίας
737 2038 793 2109 διδι
815 2046 913 2110 τοῦτο
936 2041 1097 2127 γενέσθαι
1211 2113 1213 2118 ,

129 2144 321 2213 ἐκέλευσαν.
358 2139 433 2211 ἀλλ’
454 2139 472 2209 δ
490 2141 552 2231 μέν
570 2139 702 2221 Πύθιος
725 2135 804 2210 οὔτε
821 2148 887 2210 τίσι
904 2143 998 2210 θεων
1015 2135 1094 2210 οὔθ’

88 2241 221 2324 οοὸπως
246 2241 349 2326 αὐτὰς
372 2241 549 2332 ποιήσουσι
575 2239 798 2332 διεσάφησεν,
821 2237 839 2311 δ
866 2241 903 2311 δέ
926 2238 1097 2332 Τυρσηνδς

129 2345 229 2440 ἐῴκει
251 2347 313 2435 μὲν
339 2345 481 2433 εἰδέναι,
506 2341 609 2415 οὐδὲν
633 2345 670 2415 δδ
694 2341 824 2432 ἐδήλου.
862 2348 898 2414 οί
918 2349 1002 2433 γοῦν
1020 2346 1097 2433 περὶ

125 2449 166 2519 τὸ
183 2463 304 2537 τεῖχος,
329 2444 413 2518 ὅθεν
432 2450 557 2528 ἐκεῖνος
575 2445 702 2536 οδμίλει,
721 2449 913 2536 τεταγμένοι
932 2444 1096 2537 Ῥωμαῖοι,

125 2557 250 2639 φιλίαν
267 2549 349 2637 πρὸς
368 2551 498 2619 ἐκεῖνον
515 2547 773 2638 ὑποκριθέντες,
798 2546 838 2618 τά
855 2575 891 2618 τε
908 2546 993 2619 άλλα
1009 2561 1199 2638 &ap-913&

126 2668 206 2742 ρείν
224 2647 316 2744 αὐτῷ
333 2655 510 2722 ἐνεδίδουν
526 2652 582 2720 καλ
600 2647 707 2732 ιλδεῶς
729 2653 911 2741 ἐπέτρεπον
925 2655 1094 2740 ἐκφοιτῖιυ·

86 2781 113 2822 ει
126 2756 188 2825 καί
213 2750 302 2823 οὕτω
327 2749 551 2840 συλλαβόντες
575 2749 677 2823 αὐτὸν
706 2750 814 2822 πάντα
836 2753 876 2822 τά
904 2751 1097 2841 καθήκοντα

124 2852 328 2944 ἠνάγκασαν
351 2858 502 2938 ἐξειπεῖν.
539 2855 594 2923 καί
619 2853 703 2924 κατὰ
725 2854 787 2942 τήν
809 2852 989 2941 ὑποθήκην
1014 2858 1097 2922 ἐκεί·

126 2985 193 3028 νου
211 2954 270 3038 τάς
286 2984 322 3026 τε
339 2963 464 3038 θυσίας
483 2959 644 3045 έποίηταν
661 2958 717 3027 καὶ
729 2955 788 3026 τὸν
800 2953 907 3042 λόφον
921 2957 1097 3042 διέτρησαν

126 3057 243 3129 καὶτὸ
267 3057 449 3142 πλεονάζον
471 3055 565 3145 ὕδωρ
590 3064 638 3138 είς
659 3055 697 3128 τὸ
721 3063 841 3127 πεδίον
864 3063 995 3147 κρυπτῇ
1020 3055 1097 3128 διά·

127 3189 209 3251 ρνχι
231 3164 498 3258 μετωχέτευσαν,
527 3155 612 3230 ὥσθ’
634 3155 724 3231 ἅπαν
746 3162 784 3230 ἐν
807 3154 898 3252 αὐτῷ
919 3156 1098 3242 ιἰνᾳλίσκε·

86 3290 113 3332 το
127 3274 215 3333 σθαι
232 3263 288 3331 καί
307 3259 353 3350 μή
370 3291 400 3332 τι
420 3263 614 3347 καταρρέων
632 3267 679 3343 είς
696 3258 882 3332 θάλασσαν.

201 3361 294 3452 ’Ἄρτι
312 3365 374 3452 μὲν
392 3353 455 3435 οὖν
472 3366 570 3434 τουτο
590 3366 718 3452 ἐγένετο
737 3365 792 3433 καὶ
807 3361 971 3453 δικτάτωρ
987 3357 1097 3454 ᾑρέθη
1109 3375 1150 3440 21

127 3480 335 3490 ..a—.-

200 3510 267 3574 Cap.
281 3515 322 3564 21.
340 3514 437 3576 Usque
451 3511 487 3563 εδ
499 3527 526 3577 p.
541 3513 598 3577 148,
611 3513 653 3576 26,
667 3504 796 3565 ἐπινίκια
810 3507 940 3578 ἔπεμψεν
953 3507 1098 3561 Plutarchi

885 3594 948 3656 10*
