2580 3816
193 191 256 258 m
458 191 881 248 mmmmm

194 357 270 422 σαν,
288 333 346 402 καὶ
363 329 381 402 ὃ
399 332 462 422 μὲν
480 327 577 424 άλλη,
592 329 610 402 ὁ
630 331 663 401 δ’
685 331 769 424 άλλη
789 337 963 404 διετίθουν
979 333 1040 406 τὸν
1058 335 1165 406 πόλε-

194 463 270 526 μον,
295 433 347 506 διὸ
365 434 422 503 ιιαλ
441 433 636 522 ἐσφάλησαν
654 439 693 503 ἐν
709 454 783 518 τισι.
818 439 888 504 τῶν
905 433 971 534 γάρ
991 438 1167 508 Μεδιολά-

194 564 267 608 νοιν
284 541 320 606 ολ
334 540 441 606 ταῦτα
458 539 692 626 φρουροῦντες
707 537 872 622 βασιλικοὶ
885 541 955 606 τῦν
968 534 1168 626 ἀναγκαίων

196 641 328 708 ἔνδειαν
352 635 617 728 προβαλλόμενοι
639 651 708 718 τοῖς
726 635 870 719 Γότθοις
894 637 1085 729 ἐξέστησαν,
1108 642 1167 711 καὶ

161 739 278 828 Οτάχα
303 739 361 808 καὶ
385 743 433 820 εἰς
456 737 570 828 μεῖζόν
591 763 622 807 τι
639 736 748 808 τιαιιὸν
765 737 1018 828 ἐτελεῦτησεν’“
996 769 1041 810 αν
1056 769 1077 830 η
1067 739 1193 831 ἐριςο

194 836 354 964 άμφολν,
367 837 458 929 εἰμὴ
477 867 496 910 ο
484 835 672 927 βασιλεῦς
695 837 756 909 τόυ
773 843 918 931 Ναρσῆν
936 839 990 911 διά
1006 843 1168 932 γραμμά

193 969 262 1014 τιον
280 939 366 1032 πρός
385 939 507 1011 ἕαντὸν
524 947 766 1063 μετεστείλατο.

157 1045 178 1110 9
267 1041 445 1115 Ἐντεῦθεν
461 1041 565 1131 μόνος
583 1029 728 1124 αὖθις
711 1041 943 1134 οΒελισάριος
967 1049 1167 1172 στρατηγῶν

194 1151 307 1215 πᾶσαν
329 1170 392 1232 την
411 1141 558 1214 Ἰταλίαν
581 1143 639 1213 καὶ
663 1141 724 1226 τάς
741 1141 847 1234 αῦτης
864 1141 1015 1226 πόλεις“
995 1142 1062 1234 αφ’
1084 1148 1163 1216 ἕαυ·

193 1245 255 1316 τὸν
279 1243 456 1334 ἐποιησατο
478 1245 537 1316 καὶ
559 1249 721 1316 τοσοῦτον
738 1257 809 1328 τοῖς
824 1245 1006 1339 βαρβάροις
1024 1248 1082 1316 ναὶ
1098 1272 1167 1336 φο·
1180 1267 1206 1308 10
1237 1271 1241 1278 ·

193 1345 293 1439 βερὸς
311 1347 368 1416 καὶ
387 1345 542 1437 ἐράσμιος
555 1347 697 1434 γέγονεν
717 1345 762 1428 ὡς
785 1353 846 1436 τῆς
859 1352 958 1437 σφῦν
976 1345 1080 1440 ἀρχῆς
1097 1347 1166 1418 αῦ-

193 1447 254 1518 τόν
286 1444 404 1531 άξιοῦν
429 1449 485 1516 καὶ
510 1447 649 1536 βασιλέα
679 1447 841 1518 ἐκετεῦειν
870 1445 978 1520 αῦτάν
1007 1449 1166 1537 γενέσθαι
1278 1472 1284 1481 ’

194 1555 292 1639 σφῦν
310 1549 366 1618 καὶ
386 1547 525 1630 ἑαυτοῦς
543 1549 600 1618 καὶ
616 1547 657 1618 τά
671 1550 817 1640 σφέτερα
834 1547 944 1620 πάντα
962 1547 1164 1640 ἀνατιθεμέ-

194 1679 265 1721 νων
284 1645 387 1744 αὐτῷ.
415 1648 433 1721 ὁ
452 1650 491 1720 δὲ
505 1643 592 1719 “ov'u
609 1648 654 1719 άν
671 1675 751 1720 ποτε
769 1655 890 1736 ξῦντος
903 1646 1167 1723 Ἰονστινιανοῦ’

196 1759 261 1840 ἔφη
280 1749 470 1839 ’βασιλεῦς
484 1748 587 1832 αὐτὸς
610 1757 778 1841 κληθῆναι
800 1749 994 1842 άνέξομαι”,
1023 1750 1069 1835 ῦς
1087 1755 1167 1846 περὶ
1182 1770 1207 1812 1⁵

193 1851 324 1922 τοῦτον
342 1849 360 1921 ὁ
379 1850 571 1942 Καισαρεῦς
585 1852 788 1944 Προκόπιος,
806 1851 902 1947 αὐτῷ
920 1853 995 1925 τότε
1013 1874 1166 1946 συστρα-

194 1951 394 2040 τευόμενος,
426 1958 583 2044 ἔγραψεν.
633 1955 795 2024 ἐντεῦθεν
824 1961 945 2026 τοίνυν
976 1957 1166 2046 ἐπίφθονος

159 2077 186 2129 D
197 2051 345 2142 γεγονιές
363 2053 575 2144 διαβάλλεται
593 2053 676 2146 πρὸς
693 2053 908 2144 τὸνβασιλέα
933 2054 978 2140 ῦς
995 2063 1168 2145 βασιλείας

194 2159 295 2248 έρῦν,
312 2155 370 2226 καὶ
388 2153 426 2238 ὃς
444 2152 550 2227 αῦτὸν
562 2158 703 2242 ’ἐνενιλεν
715 2157 957 2246 μετεκαλέσατο
975 2157 1020 2240 ὥς
1037 2164 1086 2240 εές
1104 2159 1168 2247 τὴν

195 2257 283 2352 ἑῴαν
302 2257 548 2349 στρατεύσαντα
565 2255 700 2328 καὶτὸν
718 2257 876 2346 Μηδικὸν
894 2260 1165 2348 έμπιστευθησό·
1180 2279 1207 2322 ³0

89 2351 92 2356 ¹
193 2387 297 2448 μενον
327 2356 487 2449 πόλεμον.
538 2362 678 2451 τελευτᾷ
707 2357 820 2448 μέντοι
849 2361 907 2429 καὶ
931 2358 953 2448 ἡ
979 2358 1168 2450 Αῦγοῦστα

196 2459 367 2550 Θεοιλάρα,
387 2463 561 2546 ἐπιβιοῦσα
579 2465 620 2550 τῇ
637 2466 792 2552 βασιλεία
810 2466 866 2550 ἐτη
885 2471 990 2532 ελαοσι
1008 2461 1096 2589 πρὸς
1115 2465 1169 2533 ἐνὶ

193 2560 250 2628 καὶ
273 2560 356 2647 μησὶ
379 2563 475 2648 τρισί.
510 2564 570 2648 τῆς
596 2560 634 2630 δέ
656 2560 803 2650 μεγάλης
829 2561 1042 2652 έκιιλησίας’
1021 2589 1169 2654 απαρτι-

195 2664 332 2748 σθείσης
357 2658 424 2749 ἤδη
448 2660 507 2729 καὶ
529 2668 810 2754 ααθιερωβεέσης,
834 2665 962 2760 συνέβη
988 2679 1106 2736 πεσεῖν
1130 2669 1171 2736 ε’τι

195 2765 334 2886 σεισμοῦ
358 2788 423 2850 την
438 2787 531 2889 πρρς
554 2759 722 2852 άνατολην
746 2763 897 2855 μεγάλην
921 2780 1090 2890 σφαῖραν
1103 2772 1172 2838 τοῦ
1185 2786 1213 2828 2⁵

193 2862 348 2933 τοιοῦτον
366 2869 465 2953 ναοῦ,
491 2861 514 2952 ἢ
531 2869 683 2935 πεσοῦσα
699 2865 739 2936 τό
755 2893 791 2936 τε
814 2865 1029 2959 ιιιβάριον
988 2895 1048 2959 της
1066 2865 1174 2956 άγίας

193 2965 354 3056 τραπέζης
378 2967 435 3036 καὶ
457 2962 567 3054 αῦτην
591 2967 725 3054 ἐκείνην
748 2994 811 3055 την
834 2975 970 3058 παναγῆ
1001 2969 1175 3060 τράπεζαν
1213 2987 1216 2994 ’
1281 3040 1289 3056 ,ρ

193 3062 309 3135 καὶ
274 3093 334 3136 τον
357 3064 496 3156 άμβωνα
520 3067 731 3189 συνέτριψεν,
758 3066 842 3140 ὅθεν
866 3069 997 3158 λέγεται
1022 3071 1080 3141 καὶ
1104 3067 1176 3142 τᾶν

194 3171 340 3257 τροῦλον
362 3167 542 3258 προστάξει
566 3195 627 3238 του
617 3169 809 3256 βασιλέως
833 3175 1091 3263 καθαιρεθηναι,
1109 3175 1176 3242 ιιαλ

92 3263 115 3310 Ρ
121 3263 187 3315 1169
161 3258 298 3378 αυθις
322 3263 549 3360 άνεγερθῆναι
576 3270 631 3339 ἐπὶ
655 3270 762 3352 πόσας
789 3281 894 3344 ελαοσι
911 3273 968 3346 ναὶ
986 3271 1087 3344 πέντε
1103 3299 1174 3363 με·
1190 3294 1218 3336 ³⁰
1275 3286 1286 3384 ,³

198 3411 398 3426 -ψα--Δ-ι-

267 3493 298 3540 16
316 3489 490 3564 Προνάπους]
510 3497 605 3550 Gotth.
624 3501 650 3564 2,
668 3503 712 3566 30,
730 3517 756 3568 p.
774 3502 833 3567 464,
852 3503 886 3554 B.
