2558 3820
212 167 275 232 332
527 169 600 220 ιιι.
611 167 661 221 1x.
678 167 757 220 σοι).
769 166 869 218 mx.

213 316 288 390 κίας
305 309 350 399 μὴ
369 311 516 398 ἐφιείσης
534 251 627 401 αάτθῷ
642 307 703 396 τὴν
720 303 843 398 ἀρχήν·
871 303 956 378 ἀλλά
981 305 1022 376 τύ
1043 334 1080 377 τε
1097 313 1177 398 ἔργα
1277 401 1278 404 ¹

180 407 322 482 Ba6w6
338 411 396 481 καὶ
412 405 434 498 ἡ
452 407 553 500 ἀρετὴ
571 415 631 480 τοῦ
648 408 773 499 πατρὸς
790 407 933 480 Παύλου
950 410 1080 479 καὶτοῦ
1092 407 1196 480 πάπ-.

213 537 279 584 που
293 506 497 602 Ἀφρικανοῦ
515 514 636 581 ἐλπίδα
659 525 819 602 παρεῖχον
836 507 940 582 ἀπασι
964 517 1106 600 βεβαίαν
1123 513 1179 581 καὶ
1277 523 1278 596 J

212 619 280 684 τῶν
297 617 468 703 πολεμίων
491 610 538 682 δι’
558 609 662 682 αὐτοῦ
686 609 865 704 κρατήσειν
886 614 942 682 καὶ
967 611 1029 702 τὴν
1045 621 1181 703 Καρχη-

214 712 297 786 δόνα
315 717 486 796 παντελῶς
504 711 699 806 ἐξαιρήσειν.
1194 750 1207 791 ⁵

286 813 342 887 Ἐν
365 845 392 910 ω
381 805 480 886 δ
465 845 483 886 ο
507 823 664 888 Σκιπίων
689 821 737 898 είς
759 843 822 904 την
844 813 980 904 Λιβύην
1005 819 1179 904 ἐκομίζετο,

214 885 392 1006 Μαγκῖνος
409 920 613 1010 παραπλέων
629 915 692 1006 τὴν
708 915 913 1007 Καρχηδόνα
930 923 1054 1039 χωρίον
1070 945 1102 986 τι
1120 923 1180 987 τοῦ

212 1025 342 1110 τείχους
366 1013 468 1108 αύτης
494 1012 628 1102 ἐντδς”
609 1047 650 1089 ου
673 1025 811 1108 Μεγαλί
810 1047 831 1088 α
857 1013 1102 1108 ὀνομαζόμενον
1124 1019 1181 1088 καλ

214 1122 269 1192 ἐπὶ
286 1121 409 1210 πέτρας
426 1115 595 1211 ἀποτόμου
620 1123 774 1209 καθῆκον
796 1117 878 1210 πρὸς
895 1117 1076 1190 θύλασσαν
1092 1117 1181 1191 πολύ

212 1249 249 1293 τε
265 1228 323 1311 τῆς
341 1219 443 1313 ἀλλης
461 1219 588 1304 πόλεως
611 1221 846 1314 ἀπηρτημένον
863 1223 918 1292 καὶ
936 1222 1021 1312 μηδὲ
1038 1221 1182 1304 πολλοῦς
1196 1256 1220 1298 ιο

213 1320 384 1415 φρουρούς
402 1331 480 1414 ἔχον
498 1323 543 1406 ὡς
560 1327 602 1416 τῇ
618 1322 721 1413 φύσει
738 1319 779 1394 όν
797 1320 944 1414 ἐρυμνόν
960 1320 1181 1412 κατανοήσας,

213 1431 375 1515 κλίμακας
400 1429 597 1509 ἐξαπιναίως
622 1427 783 1518 προσθεὶς
801 1421 866 1495 ἀπό
883 1431 951 1495 τῶν
970 1429 1058 1496 νεῦν
1076 1429 1181 1496 ἐπαν-

214 1529 283 1616 έβη.
319 1523 385 1615 ἤδη
403 1528 441 1598 δὲ
464 1524 667 1608 ἀνελθόντος
692 1528 904 1616 συνέδραμον
927 1526 990 1616 μὲν
1007 1530 1074 1596 των
1090 1535 1182 1614 Καρ·
1277 1599 1278 1602 ,

212 1633 383 1750 χηδονίων
399 1630 504 1716 τινίς,
523 1624 564 1698 ού
577 1629 690 1718 μέντοι
707 1630 763 1700 καὶ
756 1631 956 1754 ἐκκροῦσαι
972 1625 1081 1698 αὐτόν
1097 1623 1184 1716 ἡδυ-
1277 1715 1278 1718 ¹

213 1725 378 1818 νηθησαν.
427 1727 445 1799 6
476 1730 514 1800 δδ
544 1731 676 1820 πέμψας
702 1727 784 1821 πρός
809 1727 869 1800 τάν
892 1735 1052 1800 Πείσωνα
1080 1727 1122 1799 τύ
1144 1755 1181 1800 τε
1194 1753 1219 1794 ιι

181 1826 374 1918 (ιγεγονότα
389 1828 536 1920 ἐδήλωσε
549 1829 659 1902 καὶ’
618 1859 711 1926 αυτφ
697 1833 893 1920 ἐπαμῦναι
905 1828 1035 1920 ἠξίωσε.
1067 1827 1183 1921 πόρρω
1277 1843 1278 1848 ’

214 1924 291 2000 δ”“
265 1959 314 2000 ων
331 1935 425 2001 ἐν
385 1959 425 2058 τη
438 1940 587 2027 μεσογεί
576 1961 602 2003 ω
561 1902 783 2004 ίούδέν’
741 1937 834 2028 αυτῷ
830 1931 1005 2058 χρήσιμος
1018 1929 1184 2004 ὁΠείσων

215 2033 354 2120 ἐγίνετο
407 2030 425 2104 6
458 2034 495 2104 δὲ
520 2005 675 2106 Σκίπίων
704 2029 767 2104 ἀπ’
794 2030 902 2124 αύτην
932 2033 993 2123 τὴν
1023 2029 1185 2122 ἀγγελίαν

213 2132 334 2216 νυκτὸς
351 2134 434 2206 κατὰ
451 2133 560 2226 τύχην
585 2135 697 2206 ἐλθὼν
721 2131 827 2218 εάθύς
855 2133 1052 2225 ἐβοηθησεν.
1090 2129 1184 2204 εἶλον
1277 2217 1278 2222 ¹

213 2234 277 2326 γὰρ
295 2231 338 2307 ἀν
354 2233 414 2308 τόν
427 2247 609 2326 Μαγκῖνον
626 2242 662 2307 oc
675 2235 901 2329 Καρχηδόνιοι
917 2231 938 2326 ἢ
956 2239 1012 2308 καὶ
1031 2237 1182 2325 διέφθει·
1196 2259 1224 2302 ιο

214 2365 295 2427 ραν,
321 2344 352 2409 εἰ
368 2365 413 2428 μη
437 2336 697 2463 παραπλεούσας
720 2335 872 2410 εἶδον
836 2367 894 2419 τας
917 2345 1001 2421 ναῦς
1023 2341 1082 2408 τοῦ
1100 2347 1186 2408 Σκι-

214 2443 347 2522 πίωνος.
383 2435 518 2509 τότεδ’
537 2437 720 2530 ἠθύμησαν
736 2443 819 2531 μέν,
837 2435 906 2510 υύκ
923 2435 1114 2528 ἀπέστησαν
1133 2441 1182 2510 δέ.

214 2528 501 2628 αἰχμαλώτους
460 2567 523 2612 ουν
539 2568 632 2624 τινας
651 2538 833 2666 ἔπεμψεν“
818 2570 836 2611 ο
852 2547 1006 2613 Σκιπίων
1024 2543 1185 2630 ἐροῦντας
1277 2573 1278 2578 ’

213 2635 264 2709 ότι
281 2637 429 2731 πάρεστι.
465 2643 523 2712 καὶ
539 2649 637 2714 τοῦτο
660 2641 798 2732 γνόντες
823 2637 885 2733 ούχ
907 2641 1097 2733 ύπέμειναν
1121 2648 1184 2730 ἐτι,

213 2736 329 2810 ἀλλ”
308 2740 527 2835 ανεχύρησαν
544 2741 651 2814 καὶ
618 2772 677 2815 τον
695 2742 907 2835 Ἀσδρούβαν
929 2769 1033 2835 μετεπ
1035 2745 1225 2834 ἐμψαντοεδ

214 2843 270 2913 καὶ
286 2842 496 2948 ταφρεύμασι
514 2847 570 2916 καὶ
583 2843 804 2974 στανρρίμασι
821 2844 859 2917 τό
884 2844 949 2936 πρὸ
972 2873 1040 2916 των
1064 2848 1185 2916 οίκιων

215 2950 420 3036 διατείχισμα
440 2944 654 3036 διεφύλαξαν.
699 2945 717 3018 6
743 2949 857 3038 μέντοι
874 2955 1029 3019 Σκιπίων
1054 2942 1095 3016 τά
1120 2945 1186 3036 μὲν

213 3045 425 3136 Μεγαλία
392 3076 451 3118 τον
472 3058 654 3137 Μαγκῖνον
676 3055 842 3141 φρουρεῖν
864 3051 1056 3136 κατέλιπεν,
1082 3043 1187 3130 αύτὸς

215 3146 253 3214 δὲ
270 3146 352 3238 πρὸς
368 3147 428 3220 τὸν
440 3155 600 3222 Πείσωνα
617 3153 674 3222 καὶ
692 3149 775 3241 πρός
792 3150 850 3234 τάς
864 3144 1059 3242 δυνάμιις’
1039 3155 1186 3240 απῇρεν,

179 3243 260 3327 Βάς
277 3242 320 3317 ἀν
336 3247 408 3370 μετ’
430 3247 543 3322 αὐτόν
568 3249 668 3343 ἔργον
691 3260 812 3372 ἔχηται.
850 3254 906 3324 καὶ
931 3255 1102 3340 ἐπανῆλθε
1126 3279 1187 3322 τα·
1199 3272 1228 3312 ³⁰

214 3346 296 3432 χέως
314 3345 379 3419 σύν
395 3375 442 3442 ιφ
459 3351 655 3476 κουφοτάτφ
673 3357 731 3444 της
749 3356 920 3447 στρατιαῖς,
944 3354 1000 3424 καὶ
1018 3353 1186 3441 κατέλαβε

215 3441 274 3513 τὸν
293 3419 503 3539 Ἀσδρούβαν
529 3459 576 3534 είς
599 3481 661 3545 την
678 3454 881 3548 Καρχηδόνα
905 3450 1101 3527 εἰσελθόντα
1124 3455 1185 3526 καὶ
