2562 3814
190 205 251 270 m
529 206 815 258 fflmffiL

184 343 315 437 Ῥύμην
331 344 439 435 αὐτὴν
457 342 630 427 ἐλάσοντες
654 342 876 436 ἡτοιμάζοντο.
912 339 932 415 6
954 349 989 417 οἱ
1005 343 1158 434 Ῥωμαῖοι
1271 353 1272 358 ’

155 446 356 539 υμαθόντες
376 452 409 532 ἐς
430 448 504 528 δέος
523 449 747 536 κατέστησαν,
771 449 827 518 καί
848 455 998 537 σημείων
1022 453 1157 518 πολλῶν

189 555 222 632 ἐς
244 553 343 621 τούτο
364 545 486 630 αὐτούς
512 547 710 638 ἐναγόντων.
743 552 781 620 ἐν
801 547 865 641 γάρ
885 552 932 643 τῷ
954 556 1155 644 Καπιτωλίῳ

189 655 226 722 εἰι
246 655 309 722 τού
333 653 450 741 βωμοῦ
475 657 535 721 τοῦ
562 650 644 732 Διὸς
669 646 752 742 αἱμα
777 653 889 742 τρισὶν
914 645 1070 740 ἡμέραις,
1097 656 1157 744 μιᾷ

189 754 227 823 δὲ
248 754 323 842 μέλι
349 755 405 822 καὶ
433 755 470 824 ἐν
498 753 594 846 ἑτέρᾳ
615 749 701 842 μάλα
731 761 909 841 θρυλεῖται
931 750 1154 841 ἀναδοθῆναι,
1182 785 1195 825 ε

190 866 224 926 εἱ
232 882 278 948 τφ
292 861 396 925 ταῦτα
410 851 524 925 πιστά·
544 857 599 924 καὶ
618 859 656 924 ἐν
672 859 713 944 τῇ
732 852 839 946 άγορᾷ
853 861 961 978 Νίκης
974 883 1006 924 τι
1023 851 1156 943 άναλμα

189 953 330 1047 χάλκεον
345 957 526 1046 ἱδρυμένον
540 958 593 1025 ἐπὶ
603 955 737 1047 βάθρου
751 964 886 1027 λιθίνου
900 952 1092 1044 αὐτομάτως
1102 953 1155 1027 εὐ·

189 1061 274 1147 ρέθη
291 1054 380 1127 κάτω
400 1056 493 1140 ἑστός
512 1060 626 1126 ἐπὶ
583 1075 662 1180 γης
695 1057 854 1147 ἐτύγχανε
873 1057 911 1128 δέ
930 1059 999 1128 ἐκεῖ
1014 1055 1155 1146 ἀποβλέ-

188 1185 253 1230 πον
276 1155 360 1229 ὅθεν
382 1164 418 1230 οἱ
439 1156 586 1231 Γαλάται
609 1155 675 1248 ηδη
700 1159 855 1249 ἐπῄεσαν.
897 1154 985 1232 ταῦτ’
1011 1147 1075 1229 οὐν
1100 1163 1157 1230 καὶ

188 1257 331 1342 άλλωςέ
331 1257 517 1348 ξεφόβει
482 1289 542 1330 τον
562 1263 686 1350 δῆμον,
717 1263 820 1332 πλέον
845 1256 911 1330 δ
892 1259 958 1330 υπὸ
981 1289 1049 1330 των
1072 1259 1153 1349 μάν·
1169 1293 1195 1333 ιο

187 1390 273 1433 τεων
296 1364 474 1452 κεκριμένα
499 1358 649 1432 άπαὶσια.
685 1361 817 1444 Μάνιος
841 1364 882 1432 δέ
902 1391 952 1444 τις
981 1361 1155 1452 Τυρσηνύς

187 1461 224 1534 τό
241 1467 337 1550 γένος
356 1463 545 1548 ἐθάρσννεν
562 1461 702 1552 αὐτούς,
721 1462 826 1535 είπών
843 1461 904 1553 τήν
922 1491 958 1533 τε
975 1469 1106 1553 Νίκην,
1124 1470 1157 1534 εί

188 1568 244 1634 καὶ
262 1567 401 1654 κατέβη,
425 1560 496 1635 ἄλλ’
523 1573 570 1647 εἱς
588 1561 625 1635 τό
643 1564 794 1654 πρόσθεν
818 1563 1082 1655 προχωρήσασαν
1099 1567 1155 1635 καὶ

190 1663 406 1754 βεβαιότερον
426 1669 480 1736 ἐπὶ
497 1671 554 1757 της
572 1671 632 1756 γῆς
651 1673 853 1754 ἱδρυθεῖσαν
870 1665 907 1736 τό
925 1665 1043 1757 κράτος
1057 1673 1155 1753 σφίσι

188 1772 383 1858 προδηλοῦν
413 1772 472 1838 τοῦ
504 1773 667 1858 πολέμου·
704 1767 768 1839 κάκ
797 1767 918 1839 τούτου
948 1769 1004 1838 καὶ
1028 1775 1153 1850 θυσίας
1170 1798 1196 1838 ιε

87 1869 313 1950 ΡΙσθσπολλάς
331 1867 535 1996 γενησεσθαι
549 1885 621 1951 τοὶς
638 1881 748 1954 θεοῖς·
767 1870 846 1952 τούς
859 1868 922 1960 γὰρ
937 1867 1081 1958 βωμούς,
1099 1872 1156 1940 καὶ

188 1971 328 2060 μάλιστα
352 1970 429 2053 τούς
453 1973 490 2040 έν
508 2000 558 2064 τιμ
543 1977 804 2096 Καπιτωλίῳ,
823 1961 903 2044 ἐν
877 2000 903 2064 ῳ
920 1969 961 2041 τά
978 1969 1155 2060 νικητήρια

188 2070 347 2162 θύουσιν,
369 2076 405 2144 ἐν
418 2089 490 2154 ταῖς
504 2041 702 2164 εὐπραγίαις
715 2070 839 2161 αὐτων,
857 2068 927 2142 ἀλλ’
946 2070 1012 2142 οὐκ
1031 2077 1067 2143 ἐν
1083 2087 1156 2155 ταῖς

87 2191 381 2265 ινΙΙεισυμφοραῖς
399 2172 466 2245 κατ’
488 2182 566 2256 έθος
584 2176 812 2264 αἱμάττεσθαι.
848 2179 884 2244 ἐκ
906 2163 1036 2263 μέν’
994 2203 1058 2244 ουν
1073 2171 1153 2242 τού-

186 2305 255 2347 των
279 2275 412 2366 ἀγαθόν
428 2305 460 2346 τι
483 2283 572 2366 σφᾶς
596 2283 712 2348 ἐπειθε
735 2279 943 2400 προσδοκᾶν,
969 2278 1004 2346 ἐκ
1031 2275 1068 2344 δέ
1091 2278 1151 2346 τοῦ
1164 2303 1192 2345 εο
1240 2279 1242 2283 ’

188 2381 318 2466 μέλιτος
336 2375 455 2466 νόσον,
481 2375 531 2447 ὅτι
549 2375 656 2450 αὐτοῦ
679 2383 715 2448 οἱ
734 2377 916 2467 κάμνοντες
941 2379 1091 2465 δέονται,
1117 2379 1153 2446 ἐκ

189 2480 227 2548 δέ
243 2483 303 2548 τοῦ
321 2476 484 2565 γάλακτος
502 2477 614 2568 λιμόν·
652 2483 684 2560 ἐς
708 2478 772 2568 γάρ
795 2477 961 2566 τοσαύτην
984 2484 1154 2549 σιτοδείαν

187 2579 368 2668 άφίξεσθαι
386 2575 470 2650 ὥστε
488 2583 544 2652 καὶ
561 2578 623 2670 τὴν
639 2577 830 2671 αὐτόφυτον
843 2578 906 2670 τήν
919 2609 955 2650 τε
968 2577 1154 2669 αὐτόνομον

187 2683 322 2770 ζητῆσαι
337 2679 477 2771 τροφήν.

259 2777 294 2852 ‘0
311 2783 373 2872 μέν
394 2774 456 2856 οὖν
474 2781 606 2866 Μάνιος
623 2781 711 2854 οὕτω
734 2783 774 2854 τά
797 2787 865 2855 των
883 2791 1031 2873 σημείων
1048 2780 1152 2872 ἡρμή·
1167 2810 1193 2851 ευ

187 2906 299 2973 νευσε,
317 2888 373 2956 καὶ
392 2887 445 2956 ἐπὶ
463 2892 531 2956 τῶν
548 2883 753 2976 πραγμάτων
771 2882 800 2955 δ’
819 2883 1001 2974 ἐσύστερον
1018 2889 1075 2973 τῆς
1094 2883 1153 2953 αὐ-

186 2991 245 3058 τοῦ
262 2993 421 3076 μαντείας
440 2985 598 3076 ἐμβάσης,
624 2995 743 3076 σοφίας
769 2990 941 3076 ἐκομίσατο
969 2984 1152 3069 δόξανκαὶ

152 3086 425 3178 Βπρογνύσεως’
443 3080 462 3158 6
481 3089 517 3158 δέ
534 3084 761 3178 Οὐολούμνιος
778 3106 846 3171 τοῖς
859 3095 1042 3169 Σαυνίταις
1055 3095 1152 3158 πολε-

185 3205 262 3279 μεῖν
286 3187 487 3280 ἐκελεύσθη,
518 3207 587 3272 τοῖς
619 3191 657 3260 δέ
680 3189 845 3271 Γαλάταις
868 3192 923 3260 καὶ
946 3205 1016 3272 τοῖς
1038 3185 1153 3272 άλλοις

184 3307 253 3371 τοῖς
275 3287 342 3380 μετ’
368 3288 482 3362 αὐτῶν
504 3289 782 3380 άντικαταστηναι
806 3288 927 3363 ὐπατοι
958 3293 1151 3380 αἱρεθέντες
1164 3317 1191 3356 ω

185 3392 408 3482 ἐπέμφθησαν
429 3389 449 3462 6
470 3419 507 3462 τε
519 3390 672 3475 Ῥοῦλλος
695 3392 713 3464 6
733 3391 858 3483 Φάβιος
881 3388 899 3462 6
918 3391 1071 3486 Μάξιμος
1094 3392 1150 3462 καί

184 3490 203 3562 ὁ
233 3495 354 3574 Δέκιος
389 3491 407 3563 ὁ
438 3492 618 3576 Πούπλιος.
671 3503 706 3565 οἱ
738 3495 820 3586 πρὸς
854 3494 916 3583 τὴν
956 3499 1150 3586 Τυρσηνίδα
