2562 3814
436 173 507 222 LIB.
520 173 581 225 vn.
601 172 795 228 cAP.xx111.
1033 173 1093 238 157

120 308 327 401 συμβάσεων
357 307 376 380 5
400 339 436 380 τε
461 317 528 380 τῶν
552 309 736 403 βαρβάρων
766 311 923 400 βασιλεύς
947 314 1093 403 Βρέννος

120 416 178 484 καί
196 408 215 484 5
234 419 304 482 τῶν
324 409 497 502 Ῥωμαίων
521 419 685 504 χιλίαρχος
709 408 726 498 5
746 421 949 498 Σουλπίκιος
972 419 1090 486 διειλέ-

120 527 266 606 χθησαν.
310 517 367 583 καὶ
391 515 688 604 συνέδοξεχιλίας
712 523 826 605 λίτρας
851 523 992 605 χρυσίου
1016 535 1195 598 τοίςοιΠοο

120 615 290 698 Γαλάταις
304 612 383 696 τούς
396 613 578 704 Ῥωμαίους
591 623 805 705 καταβαλεῖν,
823 614 900 699 τούς
916 619 952 688 55
965 616 1002 689 τό
1015 649 1094 708 χρο-

96 749 112 788 τ
125 725 203 787 σίου
221 715 384 804 λαβόντας
399 713 519 786 αὐτίκα
536 723 594 805 τῆς
607 716 733 799 πόλεως
746 721 871 807 καὶτῆς
883 718 993 810 χώρας
1006 717 1095 790 άπα-

126 821 299 906 ναστῆναι.
324 821 544 908 κομισθέντος
564 819 602 888 55
619 821 680 890 τοῦ
690 827 843 912 χρυσίου,
864 822 919 890 καί
931 823 1093 912 τωνβαρ·
1160 912 1162 917 Ι
1197 879 1217 904 ς

122 918 244 1009 βάρων
259 922 336 1011 περὶ
361 919 421 990 τόν
439 919 593 1008 σταθμόν
617 919 898 1012 κακουργούντων
920 919 1049 1016 λάθρηι,
1074 921 1127 994 ὁΙ)

121 1021 326 1109 Βρέννος
294 1049 330 1090 το
349 1024 383 1104 ξί
381 1049 444 1110 φος
462 1017 529 1111 ἅμα
552 1019 668 1090 καὶ
633 1049 693 1092 τον
716 1027 866 1114 ζωστῆρα
889 1021 993 1106 λύσας
1018 1027 1058 1093 ἐπ
1061 1025 1095 1094 έ-

120 1135 211 1211 θηκε
228 1137 299 1204 τοῖς
318 1135 489 1246 σταθμοῖς.
527 1124 756 1250 πυθομένου
743 1123 783 1192 55
799 1153 859 1196 του
848 1123 1048 1214 χιλιάρχου
1061 1131 1097 1195 τί

82 1256 109 1296 ιο
120 1253 158 1294 το
177 1221 376 1350 γινόμενον,
397 1219 454 1294 “τί
475 1221 577 1294 άλλο”
598 1218 756 1296 εἶπενΗ
735 1241 842 1313 ητοις
869 1231 1135 1315 νενικημένοις

119 1322 274 1413 555v5;'’
305 1329 341 1396 έν
364 1323 493 1408 τούτοις
517 1325 535 1396 5
559 1323 774 1414 Κάμιλλος”
752 1353 846 1414 αγων
869 1329 927 1396 τὸν
951 1325 1095 1416 στρατόν

121 1444 197 1508 ταῖς
216 1423 339 1510 πύλαις
358 1429 535 1516 ἐπέστη
496 1457 553 1516 της
571 1425 715 1510 πόλεως
735 1429 792 1498 καί
808 1425 931 1516 μαθων
947 1427 987 1498 τὰ
1004 1426 1094 1516 γινό-

122 1556 218 1618 μενα
242 1527 324 1619 πρὸς
353 1529 431 1611 τοὺς
455 1527 635 1619 Ῥωμαίους
668 1529 881 1653 ἐπειγόμενος
907 1527 1092 1620 ἐπορεύετο.

122 1632 182 1701 καὶ
200 1629 314 1701 ἐλθὼν
331 1659 368 1701 το
357 1629 455 1720 μὲν
472 1627 654 1753 χρυσίον”
633 1660 715 1721 αρας
733 1628 799 1702 ιἰπὸ
821 1636 882 1702 τοῦ
907 1635 1009 1720 ζυγοῦ
1025 1647 1094 1714 τοῖς

82 1763 110 1802 ιι
122 1727 304 1821 ὑπηρέταις
322 1722 446 1834 έθωκε,
471 1730 531 1802 τόν
556 1733 593 1801 55
611 1731 712 1821 ζυγὸν
729 1732 838 1803 καὶ
802 1763 842 1803 τα
866 1731 1000 1822 σταθμά
1017 1731 1093 1858 τούς
1148 1819 1149 1822 ¹

123 1831 274 1914 Κελτούς
297 1830 462 1922 λαβόντας
486 1831 675 1925 ἀποχωρεῖν
694 1837 886 1923 ἐκέλευσεν,
919 1833 1071 1928 εἰπών’
1049 1863 1094 1916 ως

125 1931 255 2028 σιδήρω
273 1933 414 2026 πάτριόν
433 1939 502 2006 έστι
516 1929 682 2025 Ῥωμαίοις
701 1932 813 2005 κάλ’
775 1965 815 2007 ου
827 1939 943 2030 χρυσῷ
958 1935 1019 2024 τὴν
1033 1963 1094 2005 πα-

126 2042 227 2124 τρίδα
243 2033 369 2120 σοι’ζειν.
393 2065 454 2107 του
439 2037 505 2106 55
517 2039 668 2158 Βρέννρν
685 2034 878 2108 ἀδικεῖσθαι
895 2035 1094 2124 φάσκοντος,

125 2139 292 2269 λυομένης
321 2144 380 2227 τῆς
399 2136 585 2262 ὁμολογίας
616 2133 774 2207 άντεῑτιεν
803 2133 820 2206 ὁ
853 2135 1021 2224 Κάμιλλος
1051 2135 1096 2224 μὴ

85 2269 112 2310 ιο
125 2246 246 2328 κυρίας
267 2236 407 2309 εἶναι
370 2269 428 2322 τας
446 2238 619 2329 συνθήκας
638 2235 744 2308 αύτού
768 2267 813 2328 μη
800 2235 1198 2326 σομπράξαντος,Ρ1368

123 2338 192 2428 555
219 2339 420 2434 δικτάτωρος
444 2337 622 2473 ᾑρημένου.
663 2327 912 2439 ταραχθεὶς
868 2368 932 2410 ουν
955 2338 1097 2428 ὁΒρέν-

121 2543 314 2614 τόπεὸον’
296 2543 449 2634 απήγαγε
474 2542 553 2624 τούς
578 2545 741 2625 Κελτούς
774 2540 835 2614 εἴτ’
861 2539 1010 2614 ἐκλιπών
1035 2543 1097 2634 την

123 2646 229 2716 πόλιν
252 2648 307 2716 καὶ
329 2653 432 2717 σταὸί
417 2655 488 2728 ίους
512 2643 670 2736 ἑξήκοντα
695 2645 873 2736 προελθών
899 2647 1097 2771 έστρατρπέ-

84 2779 111 2820 25
126 2753 263 2818 δευσεν.
298 2744 417 2838 5555'
438 2745 545 2840 ἡμέρᾳ
563 2755 674 2838 παρῆν
691 2745 708 2817 5
728 2744 895 2846 Κάμιλλος
920 2744 975 2818 ἐπ’·
994 2746 1097 2818 αὐτόν

123 2847 379 2940 τεθαρρηκότας
402 2847 468 2939 555
494 2847 696 2940 ἐπαγόμενος
719 2848 798 2930 τούς
817 2847 942 2939 Ρωμαί
940 2877 1016 2935 ους,
1041 2849 1097 2916 καὶ

126 2952 283 3042 τρέπεται
301 2949 379 3032 τούς
397 2949 591 3044 βαρβάρους
615 2951 712 3047 φόνῳ
730 2954 843 3044 πολλῷ
860 2980 916 3020 και
905 2945 1097 3038 λαμβάνει
1116 2957 1118 2962 ’

126 3057 228 3141 σφῶν
244 3082 281 3122 το
270 3050 535 3180 στρατόπεδον.

209 3152 325 3236 Ουτως
344 3185 365 3244 η
384 3153 491 3246 Ῥάμη
510 3153 706 3248 παραλόγως
731 3153 800 3244 ἥλω
826 3155 882 3224 καὶ
905 3149 1017 3242 ἐσύθη
1035 3178 1097 3224 πα·
1132 3194 1134 3198 ·

89 3286 116 3327 ιο
129 3253 381 3347 ραλογιότερον
403 3256 479 3328 555
497 3257 664 3349 Κάμιλλος
688 3253 922 3382 ἐθριάμβευσε.
959 3259 1016 3344 τῆς
1035 3245 1098 3326 οὖν

128 3356 258 3440 πόλεως
277 3362 529 3454 διεφθαρμένης
547 3357 737 3431 παντάπασι
761 3357 798 3429 τὸ
816 3365 946 3448 πλῆθος
964 3353 1125 3428 ιἰυοικο-

131 3465 251 3550 θομεῑν
268 3458 376 3551 αὐτὴν
392 3457 456 3533 ούκ
472 3457 643 3554 ἠβούλετο,
662 3458 740 3532 οὔτε
756 3459 922 3553 χρήμασιν
939 3456 1016 3531 ούτε
1035 3455 1098 3528 σοι’·
