2558 3820
352 125 356 130 ’
445 158 770 214 ιιο.ιε.υιι>.ιετι.
947 161 950 167 ·
1024 157 1098 224 «297

1 299 3 380 χ
125 301 182 374 καί
200 298 238 370 τό
254 294 381 390 Ἄργος.
399 296 515 386 λαβάυ
537 293 617 388 παρ’
638 293 751 379 αύτού.
786 296 967 373 ἀδυνατῶν
991 299 1097 392 γάρὸ

1 444 2 452 1
126 397 302 474 Μααεδάν
324 397 431 471 πολλὰ
456 399 584 476 διέπειν
608 393 712 490 ὁμοῦ,
739 402 798 470 παλ
823 407 936 483 δείσας
960 401 1005 492 μή
1026 409 1098 484 τοῖς

121 499 339 592 Ῥωμαίοιςή
370 497 464 582 πόλις
493 503 636 590 ληφθῇ,
660 506 707 594 τῷ
730 499 860 589 Νάβιδι
889 497 1016 592 αύτήυ,
1047 503 1094 576 ἵν’

51 587 60 599 ”
127 593 411 691 αύθιςάποδοίη,
428 605 687 692 παρακατέθετο.
1204 627 1206 638 ·

99 737 115 778 ε
206 710 328 788 λίλίου
348 703 386 773 δὲ
403 705 515 776 Πέτου
533 709 592 776 τοῦ
609 701 743 776 ὑπάτου
764 705 1025 794 στρατεύσαντος
1040 709 1097 778 έπλ
1124 715 1126 722 ’
1167 761 1172 768 .

124 805 208 887 Ιτούς
233 803 403 892 Γαλάτας,
427 805 550 877 »πολλοὶ
582 803 642 875 ἀπ’
671 802 869 896 ἀμφοτέροιν
899 802 1097 880 άπάλλυντο

127 903 394 996 προσμιγνύντες
411 900 583 994 άλλήλοις,
608 912 739 995 καίριον
759 909 799 976 δέ
819 935 850 978 τι
868 905 1018 998 ἐπράχθη
1034 907 1097 978 ού-

127 1011 197 1080 δέυ.
232 1013 270 1080 ολ
286 1005 318 1078 δ’
340 1004 457 1096 ὅμηροι
473 1009 544 1085 τοιῖν.
558 1013 804 1101 Καρχηδονίων
826 1013 913 1080 οἵτε
932 1013 1098 1082 δοῦλοι-ολ

123 1107 197 1199 μετ’
219 1105 332 1180 αὐτῶν
355 1111 412 1181 παλ
428 1113 464 1178 ολ
484 1127 549 1178 τισι
571 1111 777 1198 πεπραμένοι
794 1107 1011 1199 αίχμάλοιτοι,
1035 1139 1096 1182 οια-

86 1244 113 1282 ιο
125 1225 263 1300 τασχεῑν
280 1209 338 1292 τὰς
351 1206 464 1290 πόλεις
482 1212 519 1280 ἐν
530 1203 585 1290 αἷς
603 1211 735 1280 ἕκαστοι
747 1209 806 1291 τάς
822 1209 990 1302 διατριβάς
1007 1215 1096 1286 έποι-

124 1313 229 1382 ούντο
246 1308 488 1400 τολμήσαντες,
506 1311 563 1387 παλ
580 1309 724 1392 πολλούς
741 1313 810 1380 τοῖν
829 1314 1015 1402 ἐπιχωρίων
1033 1339 1126 1403 φο-Β

124 1411 329 1502 νεύσαντες,
345 1412 591 1502 καθῃρέθησαν
598 1408 674 1484 ,ύπό
691 1419 884 1502 Κορνηλίου
903 1413 1095 1489 Λεντούλου

123 1513 316 1604 στρατηγοῦ
339 1513 422 1602 πρὶν
438 1510 551 1603 μεῖζόν
567 1541 599 1583 τι
624 1511 880 1604 ἐξεργάσασθαι.
927 1519 962 1584 ολ
982 1519 1096 1606 μέντοι

124 1612 278 1688 Γαλάται
291 1611 462 1704 εύτυχίαις
479 1640 516 1682 τε
534 1612 744 1706 ἐποψόμενοι
757 1617 813 1686 καὶ
826 1613 904 1698 τούς
916 1614 1096 1708 Ῥωμαίους

83 1749 112 1788 ιε
126 1721 164 1787 έν
195 1717 351 1810 παρέργῳ
382 1722 480 1804 σφίσι
509 1720 735 1806 πολεμοῦντας
767 1715 963 1808 αἰσθόμενοι
992 1747 1096 1810 παρε-

123 1815 333 1891 σκευάσαντο
351 1815 396 1899 άς
421 1819 477 1888 ααδ
501 1819 556 1886 έπδ
579 1813 641 1907 τήν
654 1811 782 1908 Ῥάμην
807 1817 991 1902 ἐλάσοντες.
1027 1826 1096 1896 δεί-
1166 1889 1172 1898 ,

125 1923 245 2000 σαντες
262 1907 327 1990 ούν
343 1922 378 1990 oc
397 1915 550 2008 Ῥωμαῖοι
573 1915 677 2008 άμῳεε
696 1917 774 2000 τούς
796 1917 944 2001 ὑπάτους
962 1919 1096 2011 Κορνή-

126 2029 203 2090 λιον
224 2023 383 2108 Κέθηγον
408 2022 464 2091 καλ
482 2018 674 2090 Μινούκιον
692 2014 836 2108 Ῥούφου
856 2024 913 2091 έπλ
936 2021 1013 2102 τούς
1030 2031 1095 2094 Γα-

124 2118 227 2202 λάτας
245 2127 413 2210 ἔπεμψαν·
440 2128 475 2192 οδ
492 2121 718 2212 διαιρεθέντες
742 2116 841 2202 άλλος
865 2118 972 2208 ἄλλην
996 2119 1095 2214 έπόρ-

83 2253 111 2294 ευ
122 2235 216 2294 θονν
233 2220 355 2312 χάραν.
389 2219 473 2309 πρός
489 2209 553 2292 ούν
565 2219 644 2302 τούς
657 2217 807 2302 ὑπάτους
827 2223 932 2291 καλοί
946 2221 1095 2310 πολέμιοι

125 2325 354 2416 διῃρέθησαν,
379 2325 438 2403 ααδ
453 2326 490 2393 ολ
503 2321 566 2410 μὲν
583 2327 630 2416 τῷ
647 2319 795 2416 Κεθήγῳ
812 2318 894 2412 μετά
911 2324 973 2392 τού
985 2319 1095 2412 Ἀμίλ-

122 2453 188 2498 ιιον
219 2421 447 2514 συμβαλόντες
479 2417 691 2513 ήττήθησαν,
722 2428 757 2496 οί
785 2425 894 2496 λοιποὶ
927 2423 965 2494 δὲ
994 2428 1094 2496 τοῦτο

121 2523 262 2615 γνόντες
287 2521 527 2596 ἀπεδειλίασαν
548 2527 605 2599 καὶ
636 2522 749 2596 ούιιέτι
773 2528 820 2619 τῷ
838 2523 968 2620 Ῥούφῳ
985 2529 1127 2601 mc

121 2635 242 2716 βολον,
253 2621 327 2696 ἄλλ’
343 2617 451 2707 άδεάς
465 2630 592 2709 ἐκεῖνος
604 2624 667 2715 τήν
680 2627 793 2717 χάραν
806 2629 988 2719 κατέτρεχε.
1015 2631 1196 2705 ααλμΙΙιοο

79 2757 109 2800 ει
123 2733 160 2800 ολ
183 2727 246 2816 μλν
271 2732 320 2822 ιμ’
340 2726 489 2823 Κεθήγῳ
514 2724 761 2818 πολεμήσαντες
786 2729 935 2812 σαονδδις
962 2727 1071 2819 έποιή-

123 2849 246 2917 σαντα,
264 2835 299 2900 ολ
316 2827 346 2899 δ’
367 2826 463 2901 ἄλλοι
481 2832 518 2899 έν
535 2845 604 2910 τοῖς
621 2824 736 2914 ὅπλοις
754 2836 802 2902 έτι
820 2830 1011 2920 ἐτύγχανον.

207 2927 344 3001 Τότεδδ
361 2933 417 3005 παλ
435 2929 454 3002 ὁ
473 2933 658 3020 Φλαμίνιος
681 2927 764 3021 μετά
781 2935 842 3002 τού
857 2927 1014 3002 Ἀττάλου
1031 2927 1094 3018 τήν

122 3037 291 3104 Βοιωτίαν
308 3027 446 3105 ἅπασαν
461 3027 661 3121 ὑπηγάγετο.
699 3035 759 3106 παλ
776 3029 794 3101 ὅ
811 3029 1038 3122 μδυἈττοιλος
1056 3033 1093 3100 έν

122 3135 173 3226 τῷ
196 3138 400 3223 δημηγορεῖν
424 3133 542 3218 ,αὐτοῖς
571 3128 638 3204 ύιτό
662 3131 771 3223 γήρως
795 3129 983 3220 ιἰπέμυξεν,
1011 3129 1031 3202 ό
1056 3135 1096 3203 δέ

82 3261 111 3302 εο
125 3260 165 3321 γε
185 3239 369 3327 Φλαμίνιος
386 3237 425 3316 ές
446 3235 509 3324 τήν
527 3241 718 3306 Θεσσαλίαν
735 3231 848 3306 έλθιδν
870 3237 916 3328 τῷ
937 3239 1093 3328 Φιλίππῳ

125 3337 315 3425 προσέμιξε.
356 3337 413 3406 ιιαλ
432 3340 638 3426 ἱππομαχίαν
656 3333 867 3425 ἐποιήσαντο·
895 3333 932 3406 τό
949 3332 1014 3424 γάρ
1031 3363 1093 3424 χοε·

125 3443 203 3527 ρίου
221 3433 285 3507 ούιι
309 3435 499 3526 ἐπιτήδειον
524 3435 607 3529 πρὸς
623 3444 722 3527 μείζω
744 3435 854 3528 μάχην
875 3427 934 3526 ήν·
963 3432 1015 3506 διδ
1038 3437 1093 3503 καὶ
