2580 3816
171 151 235 218 230
469 152 540 202 Lm.
560 150 637 204 x111.
656 149 734 200 οΑΡ,
753 149 827 202 m.

172 293 224 364 διδ
247 294 304 362 καὶ
327 291 347 380 ἡ
373 292 514 381 δευτέρα
531 291 605 360 τότε
622 286 868 380 συγκεκρότητο
892 289 1054 377 σύνοδος,
1078 289 1159 358 τοῦ-
1271 308 1275 319 ’

171 395 334 486 βασιλέως
349 393 608 483 προστάξαντος,
620 391 738 462 ἑκατόν
752 393 808 460 καὶ
816 391 1024 480 πεντήκοντα
1034 410 1145 460 συνα-

172 499 408 587 θροισθέντιον
423 495 605 585 θεοφόρων
622 493 778 584 πατέρων
798 496 836 562 έν
853 500 896 584 τῇ
914 491 1144 582 βασιλευούσῃ

171 605 242 668 τῶν
259 599 409 685 πόλεων,
435 589 484 666 τόν
502 599 710 686 προεξῆρχον
729 599 766 666 έν
786 611 858 676 τοῖς
876 590 1006 682 άγῶσιν
1025 591 1043 663 ὁ
1061 603 1148 663 θεο-

139 701 272 787 ολόγος
296 701 353 768 καὶ
377 697 395 769 ὁ
422 701 526 788 μέγας
544 698 731 788 Γρηγόριος
754 695 772 767 ὁ
797 697 938 785 Νόσσης
964 699 1175 776 έπίσκοποςι

172 803 230 871 καὶ
248 800 266 871 ὁ
286 800 375 892 ιἐρός
391 799 620 890 Ἀμφιλόχιος,
643 806 702 888 τῆς
717 798 882 870 Ἰκονιέων
899 796 1071 891 προεστώς
1089 799 1149 866 έκ-

172 910 323 993 ιιλησίας,
349 910 386 972 οἳ
405 899 442 974 τό
468 907 605 991 πνεῦμα
622 901 660 972 τό
679 901 776 989 ἅγιον
793 902 851 970 καὶ
867 899 953 971 θεόν
971 897 1149 989 ἐδογμάτι-

173 1027 237 1076 σαν
268 1006 326 1074 καὶ
355 1009 404 1097 τῷ
434 1005 536 1094 πατρὶ
560 1005 619 1072 καλ
650 1009 698 1097 τῷ
721 1007 788 1096 νίῷ
812 1000 995 1094 ὁμοοάσιόν
1025 1028 1061 1070 τε
1089 1001 1150 1070 καλ

172 1105 391 1196 ὁμοδόναμον
420 1107 477 1176 καὶ
499 1103 561 1176 τόν
588 1104 806 1176 Μακεδόυιυν
824 1105 888 1174 καὶ
910 1103 989 1185 τοὺς
1021 1100 1148 1192 ὁμοδο-

173 1211 315 1300 ξοόντας
339 1205 433 1301 αὐτῷ
461 1213 520 1296 τῆς
546 1213 729 1296 καθολικῆς
760 1209 937 1295 ἐκκλησίας
970 1206 1148 1293 ἐξέκοψαν,
1163 1229 1190 1271 10
1279 1191 1282 1204 Α

76 1341 184 1392 wn131
194 1311 251 1380 καὶ
266 1316 313 1391 είς
325 1309 363 1379 τό
378 1309 477 1396 άγιον
496 1309 667 1398 σόμβολον
680 1307 744 1396 τὴν
757 1309 835 1398 περὶ
847 1313 908 1378 τοῦ
920 1305 1022 1394 ἁγίου
1038 1306 1149 1376 πνεό-

173 1440 278 1503 ματος
302 1413 509 1502 προσέθεντο
533 1409 754 1499 συγγραφήν,
779 1405 845 1479 άπό
869 1415 932 1480 τοῦ
955 1409 1012 1478 καὶ
1037 1415 1085 1488 είς
1109 1407 1150 1476 τό

176 1520 312 1602 πνεῦμα
328 1512 365 1583 τό
392 1513 488 1600 άγιον
510 1514 607 1602 μέχρι
631 1513 761 1599 τέλους,
779 1512 837 1580 καὶ
856 1510 897 1580 τά
916 1513 953 1580 έν
971 1515 1013 1601 τῇ
1031 1507 1146 1600 πράτη

176 1613 313 1708 συνόδῳ
332 1616 600 1704 δογματισθέντα
619 1616 880 1701 έπεβεβαίωσαν.
914 1612 969 1682 ὅτε
986 1619 1047 1681 καί
1061 1635 1151 1691 τινες

175 1723 244 1787 τῶν
269 1715 461 1786 ἐπισκόπων
485 1714 715 1802 βασκήυαντες
736 1719 785 1808 τῷ
807 1713 960 1808 θεολόγῳ
978 1719 1040 1783 τοῦ
1057 1711 1148 1804 θρό-
1164 1739 1191 1779 15

141 1846 242 1896 Dvov
267 1817 364 1906 χάριν
387 1823 446 1904 τῆς
469 1813 863 1897 Κωνσταντινουπόλεοις
895 1813 937 1886 οό
962 1819 1150 1894 κανονικῶς

175 1917 272 1988 εἷπον
291 1915 409 2006 αὐτόν
442 1919 672 2008 ἐπιβεβηκέναι
697 1923 759 1988 τοῦ
788 1917 935 2008 θρόνου,
969 1914 1016 1998 ὡς.
1046 1917 1149 2009 ἑτέρῳ

175 2019 340 2112 πρότερον
368 2021 647 2111 ἐπικηρυχθέντα.
682 2018 733 2089 διδ
752 2020 809 2088 καὶ
826 2017 887 2090 τόν
906 2017 1150 2106 συντακτήριου

175 2121 193 2192 ὁ
212 2121 306 2210 δι’γιος
320 2121 603 2213 συγγραψάμενος
621 2122 678 2190 καὶ
692 2115 1060 2214 δημοσίμάνεγνοικάς
1073 2119 1152 2202 ’έξέ-

175 2237 237 2312 στη
259 2230 320 2294 τοῦ
343 2225 477 2315 θρόνου
502 2225 559 2293 καὶ
591 2229 638 2304 είς
668 2221 730 2311 τὴν
761 2228 892 2292 οἰκείαν
915 2213 1062 2310 πατρίδα
1085 2219 1148 2308 τὴν
1163 2245 1192 2287 ιο

176 2325 365 2410 Ναζιαυζδν
390 2329 571 2414 ἐπανῆλθε.
620 2323 868 2414 κεχειροτόνητο
893 2324 932 2393 δέ
955 2327 1016 2411 τῆς
1048 2331 1152 2394 Κων-

173 2427 490 2506 ’σταντινουπόλεως
506 2425 719 2516 Ιπατριάρχης
738 2425 941 2516 Νεκτάριος,
968 2433 1152 2512 συγκλητι-

102 2579 104 2583 ·
176 2527 237 2608 κός
261 2525 349 2616 άνηρ
373 2528 430 2596 καλ
455 2524 627 2607 πολιτικάς
650 2524 755 2617 άρχάς
782 2523 928 2615 ήνυκάς.
963 2525 1037 2596 τότε
1050 2522 1151 2619 ,καὶὸ

176 2625 304 2716 θρόνος
322 2633 380 2716 τῆς
399 2628 477 2708 νέας
497 2624 625 2717 Ῥώμης
644 2629 808 2720 δευτέραν
832 2628 924 2710 τάξιν
947 2633 1062 2716 ἔλαχε,
1088 2653 1152 2715 με·

175 2729 216 2800 τά
248 2727 312 2818 την
336 2730 568 2820 πρεσβυτέραν
589 2727 719 2818 Ῥιόμην
743 2737 899 2818 ταχθείς,
930 2735 1001 2798 τάν
1026 2729 1153 2818 ἑτέρων
1168 2757 1194 2797 ει

127 2841 128 2844 ’
178 2831 217 2902 δέ
244 2839 449 2923 προκριθείς.
486 2829 571 2901 άλλά
598 2833 656 2900 καλ
679 2829 697 2900 ό
721 2833 825 2920 μέγας
841 2826 1053 2920 Ἀμφιλόχους
1075 2827 1155 2898 τότε

179 2932 277 3022 ἠξίου
306 2933 373 3004 Ιτόν
407 2935 546 3020 βασιλέα
582 2935 782 3020 ἐξελαθῆναι
817 2939 875 3020 τῆς
911 2931 1040 3012 πόλεως
1071 2928 1156 3011 τούς

176 3032 389 3122 Ἀρειανοός,
413 3031 470 3105 οἷα
493 3034 555 3104 τδν
579 3033 658 3104 υίδν
675 3039 735 3103 τοῦ
753 3041 839 3104 θεοῦ
857 3037 1156 3122 βλασφημοῦντας,

177 3131 201 3220 ἢ
226 3138 308 3216 τέως
332 3136 376 3224 μὴ
402 3147 680 3226 παραχωρεϊσθαι
706 3135 861 3218 συυάξεις
886 3150 1004 3204 ποιεῖν.
1041 3132 1086 3214 ιδς
1113 3133 1157 3202 δέ

77 3253 172 3310 ΡΗυτ
181 3241 279 3322 νωθῆ
297 3236 381 3326 πρός
394 3242 493 3306 τοῦτο
509 3236 597 3326 ἑόρα
614 3236 674 3306 τόν
693 3237 888 3325 Θεοδόσιον,
907 3235 1060 3326 φυλάξας
1076 3261 1156 3303 και-
1172 3263 1198 3305 ιο

7 3347 8 3352 ’
143 3324 168 3373 A
183 3333 261 3418 ρόν,
287 3335 343 3405 ὅτε
360 3337 418 3404 καὶ
444 3335 649 3426 δἈρκάδιος
667 3338 893 3428 συνεδριάζωυ
909 3331 954 3426 ἦν
971 3343 1018 3431 τῷ
1037 3343 1155 3426 πατρί,

187 3435 324 3514 είσῆλθε
336 3437 394 3502 καὶ
407 3443 455 3526 τῷ
469 3437 533 3522 μέν
546 3437 752 3526 βασιλείτὴυ
765 3439 1004 3530 προσήκουσαν
1014 3436 1156 3508 άπένει-
