2562 3814
207 128 269 193 130
488 125 889 183 L1ss.V11.0A12.X1v.xv.
958 127 962 130 ·

207 272 441 356 δανείσοντας,
465 269 521 338 καὶ
539 265 743 338 ἀπολοῦνται
765 273 878 358 χρείας
901 265 1191 360 κατεπειγούσης,

207 374 367 442 ἐντεῦθεν
389 365 569 460 ήπιάτεροι
593 365 769 458 γενόμενοι
791 365 1063 458 κατηλλάγησαν,
1085 395 1172 440 κου·
1280 404 1281 415 2

206 469 332 562 (μισμόν
354 474 424 542 τάν
445 467 592 560 ἀφειλῶν
621 472 678 539 καὶ
700 473 769 540 τάν
790 469 1025 561 ὑπερημεριοὲν
1049 467 1172 559 ἀφεσιν

205 581 264 662 τῆς
282 577 407 662 βουλῆς
427 572 660 661 ψηφισαμένης
678 567 800 652 αὐτοῖς.

155 682 195 746 15
283 676 497 762 Φοβηθίντες
514 673 553 744 δὲ
570 671 615 764 μὴ
633 679 877 762 σκεδασθείσης
902 668 1017 754 αὐτοῖς
1033 676 1091 761 τής
1109 693 1198 743 (τυ-ε

205 774 351 857 στάσεως
378 772 400 864 ή
424 775 482 857 τάς
505 773 682 862 συνθήκας
711 769 774 844 οάκ
799 777 958 855 ἐπιτελεῖς
989 777 1122 857 ἕξουσιν
1151 769 1172 864 ή

205 883 386 948 κακωθάσι
407 879 630 957 ,διαλυθέντες
654 877 711 946 καὶ
735 875 834 956 ἀλλος
858 871 932 946 κατ’
959 871 1065 964 ἀλλην
1089 875 1172 966 πρό-

135 1027 137 1038 ,
205 1001 310 1068 φασιν
327 975 495 1064 κολάζοιτο
515 975 756 1067 συνεχόμενος,
781 979 966 1048 συνέθεντο
992 971 1171 1068 ἐπαρήγειν

205 1077 377 1169 ἀλλήλοις,
404 1077 448 1150 ἀν
464 1086 514 1160 τίς
531 1109 564 1150 τι
586 1077 751 1167 ἀδικοῖτο,
775 1080 830 1148 καὶ
846 1076 969 1168 ὅρκους
994 1081 1048 1148 ἐπὶ
1064 1077 1171 1172 τούτῳ

170 1199 195 1248 D
206 1179 365 1271 ὑπέσχον,
383 1183 439 1252 καὶ
457 1178 642 1272 προστάτας
660 1179 779 1250 αὐτίκα
798 1183 975 1264 ίξὲαυτεόν
993 1178 1056 1250 δάο
1073 1206 1170 1270 προε-
1184 1209 1212 1250 ιο

205 1289 412 1373 χειρίσαντο,
443 1281 513 1352 εἶτα
536 1285 593 1353 καὶ
611 1289 765 1368 πλείους,
790 1279 836 1352 ἵν’
865 1281 934 1352 εἶεν
952 1277 1065 1364 αάτοϊς
1087 1281 1172 1353 κατά

102 1393 406 1476 ΨΠλεσνμμορίαν
429 1391 555 1472 βοηθοί
574 1412 611 1454 τε
634 1387 690 1454 καὶ
718 1392 866 1475 τιμωροί.
907 1387 964 1453 καὶ
988 1387 1084 1454 τοῦτο
1108 1381 1171 1474 οὐχ
1279 1443 1280 1446 ,

204 1485 291 1570 άπαξ
316 1490 494 1574 ἐποίησαν,
526 1481 599 1554 ἀλλ’
627 1492 737 1554 ἔκτοτε
765 1483 803 1555 τὸ
826 1489 962 1577 πρᾶγμα
985 1483 1171 1577 ἀρξάμενον
1279 1485 1280 1488 '

204 1583 292 1658 οὕτω
316 1590 513 1675 προέβαινε,
544 1587 600 1655 καὶ
624 1583 677 1656 ἐπ’
705 1585 860 1657 ἐνιαυτόν
883 1584 961 1668 τοδς
985 1585 1170 1678 προστάτας
1277 1659 1279 1666 ,

205 1685 250 1769 ὡς
268 1685 375 1778 ἀρχήν
397 1715 472 1757 τινα
490 1685 757 1775 ἀπεδείκνυσαν,
783 1691 825 1778 νή
842 1689 904 1778 μὲν
927 1693 994 1759 τῶν
1011 1695 1169 1760 Λατίνων
1183 1715 1211 1757 ιε

201 1785 340 1878 γλάσση
358 1790 586 1877 καλουμένους
603 1787 819 1880 τριβούνους,
844 1786 932 1862 οὕτω
955 1788 1018 1880 γάρ
1038 1795 1073 1860 οί
1088 1795 1170 1880 χιλί-

204 1917 299 1981 αρχοι
322 1891 514 1980 κέκληνται,
545 1888 735 1981 δημάρχους
756 1891 795 1961 δδ
819 1894 1171 1982 προσαγορευομένους

202 1997 244 2081 τῇ
264 1990 430 2080 Ἑλληνίδι
447 1994 554 2082 φωνή.
591 1997 648 2062 ἵνα
667 1993 704 2062 δὲ
723 1995 952 2082 διαστέλληται
975 1987 1083 2082 ήτοδν
1099 2021 1171 2082 τρι-

203 2089 339 2181 βοόυων
362 2101 586 2184 προσηγορία,
615 2109 686 2176 τοῖς
709 2094 772 2183 μὲν
795 2093 832 2165 τὸ
855 2099 924 2165 τάν
946 2097 1169 2186 στρατιωτῶν,

202 2212 271 2276 τοῖς
290 2195 328 2265 δὲ
344 2193 381 2266 τό
399 2201 459 2266 τοῦ
477 2194 631 2284 πλήθους
643 2198 851 2286 προσέθεντο
864 2195 1049 2286 πρόσρημα.
1076 2186 1169 2266 οὗτοι
1182 2223 1212 2266 εο

205 2295 246 2386 δή
269 2299 329 2366 τοῦ
351 2296 503 2385 πλήθους
528 2301 563 2366 οί
583 2300 756 2386 τριβοάυοι
780 2291 801 2386 ή
827 2297 990 2389 δήμαρχοι
1014 2295 1170 2388 μεγάλων

203 2403 316 2466 κακῶν
339 2408 438 2468 αἴτιοι
461 2403 503 2487 τῇ
529 2393 636 2488 Ῥάμη
660 2396 827 2487 γεγόνασι.
870 2397 907 2470 τό
929 2400 992 2489 μὲν
1014 2401 1078 2491 γάρ
1101 2402 1170 2469 τῶν

202 2495 374 2586 ἀρχόντων
397 2495 502 2588 ὄνομα
531 2497 593 2570 οάκ
617 2506 715 2589 ἔσχον
745 2497 868 2589 εάθάς,
901 2497 999 2592 ίσχδν
1022 2497 1056 2571 δ’
1081 2498 1169 2592 ὑπὲρ

100 2597 329 2682 Ρ1341πάντας
347 2596 425 2684 τοδς
442 2598 564 2684 ἀλλους
589 2599 787 2692 ἐκτήσαντο,
812 2599 944 2692 ήμννόν
966 2632 1002 2673 τε
1022 2604 1170 2696 δεομένῳ

201 2709 320 2789 παντί,
351 2703 407 2772 καὶ
437 2701 546 2774 πάντα
575 2701 635 2774 τόν
661 2702 926 2794 έπιβοησάμενον
956 2711 1043 2794 σφᾶς
1075 2699 1167 2794 ἀφη-
1182 2731 1210 2773 εε

202 2805 324 2894 ροάντο
341 2801 404 2874 οὐκ
429 2807 465 2874 ἐκ
481 2803 595 2895 μόνων
613 2811 775 2894 ἰδιωτῶν,
800 2803 884 2875 ἀλλά
902 2807 958 2876 καὶ
975 2801 1033 2875 ἀπ’
1056 2802 1171 2876 αὐτοῖν

200 2909 269 2977 τῶν
285 2904 468 2998 ἀρχόντων,
487 2903 576 2995 πλήν
593 2911 662 2978 τῶν
680 2905 902 2998 δικτατόρων.
941 2913 972 2977 εί
989 2909 1028 2976 δέ
1043 2935 1093 2988 τις
1112 2908 1168 2976 καὶ

201 3003 349 3090 ἀπόντας
367 3006 489 3090 αὐτοὺς
508 3011 739 3096 ἐπεκαλέσατο,
758 3007 910 3090 κάκεῖνος
928 3004 1070 3080 ἀπὸτοῦ
1088 3029 1169 3080 συν-

203 3110 333 3197 έχοντος
351 3105 454 3182 αάτδν
470 3105 693 3198 ἀπηλλάττετο
716 3113 773 3181 καὶ
794 3105 817 3198 ή
836 3115 868 3191 ές
891 3109 928 3181 τὸ
952 3114 1082 3199 πλῆθος
1102 3105 1167 3180 ὑπ’

202 3205 315 3280 αὐτῶν
334 3208 483 3300 εἰσήγετο
500 3205 523 3300 ή
542 3214 597 3282 καὶ
615 3209 786 3283 ἀπελύετο.
822 3207 908 3282 ἀλλά
926 3215 983 3282 καὶ
1001 3222 1035 3282 εἴ
1048 3219 1083 3282 τί
1100 3239 1167 3284 που
1180 3239 1209 3280 εο

203 3443 235 3492 14
271 3375 340 3493 ξτες),
359 3379 400 3428 15.
429 3377 530 3429 Dionis
546 3378 688 3430 Historiae
701 3377 844 3429 Romanae
857 3377 921 3430 libri
933 3377 1048 3444 perditi:
1067 3377 1166 3444 fragm.
1184 3360 1186 3362 ’

237 3467 267 3477 ..
305 3481 311 3507 ¹
345 3482 351 3494 ⁰
1109 3475 1112 3480 .
