2566 3812
212 133 275 199 222
510 136 582 190 Lm.
596 137 672 187 vm.
692 135 769 188 οΑΡ.
788 136 875 190 xv11.

212 273 309 370 φόβῳ
326 273 386 346 τόν
402 275 464 366 μέν
477 270 749 368 ἀνεσταύρωσαν,
768 278 924 364 πρέσβεις
940 275 978 345 δὲ
990 274 1072 367 πρός
1088 273 1180 368 είρή-

213 406 277 467 νην
294 381 340 471 τῷ
358 374 723 471 Κατύλῳπεπόμφασι.
760 380 816 447 καὶ
833 381 879 472 τῷ
893 375 975 468 πρὸς
993 383 1118 466 βουλῆς
1136 367 1179 468 ήν

165 517 170 524 ·
211 478 271 549 τόν
284 476 430 568 πόλεμον
444 477 707 567 καταλύσασθαι,
721 475 772 549 ότι
786 473 841 550 ἐπ’
857 476 961 572 έξόδςο
970 475 1074 567 ούσης
1087 477 1181 574 αὐτῷ

211 583 271 669 τής
285 575 388 670 ἀρχῆς
401 579 479 652 ούτε
498 577 543 649 δι’
563 576 683 668 όλίγου
702 577 889 670 ἐξαιρήσειν
905 579 967 669 τήν
978 579 1181 671 Καρχηδόνα
1274 639 1275 642 ¹

213 678 347 770 ήλπιζευ
371 681 449 751 οὔτε
471 695 540 762 τοῖς
564 678 734 770 διαδόχοις
757 680 820 769 τήν
846 680 948 766 δόξαν
969 686 1039 752 τών
1057 681 1206 754 ἕαυτούε

213 779 329 854 πόνων
342 792 538 868 καταλιπεῖν
555 779 667 871 ήθελε.
702 779 754 853 διό
772 775 952 873 ἀνακωχήν
970 781 1181 874 ἐποιήσαντο,

216 886 272 956 καὶ
290 882 440 975 χρήματα
457 885 514 954 καὶ
532 901 626 954 σῖτον
643 886 699 954 καὶ
717 881 864 974 ὁμήρους
878 881 969 978 αὐτῷ
988 883 1114 974 δόντες,
1133 882 1180 956 ἵν’

112 958 255 1078 ψχῙὲχές
271 983 334 1075 τήν
353 983 482 1076 Ῥώμην
504 983 778 1076 πρεσβεύσωνται
802 987 856 1055 ἐπὶ
880 990 927 1078 τῷ
950 992 1007 1074 τῆς
1024 993 1181 1070 Σικελίας

114 1147 117 1154 .
216 1115 253 1157 τε
276 1083 400 1168 αύτούς
423 1082 531 1174 πόσης
556 1091 712 1175 ἐκστῆναι
732 1081 901 1176 Ῥωμαίοις
919 1089 976 1158 καὶ
998 1085 1107 1170 πόσας
1124 1085 1182 1171 τὰς

215 1191 310 1277 πέριξ
328 1185 452 1276 νήσους
471 1191 621 1259 ἐκλιπεῖν
638 1191 693 1258 καὶ
711 1185 793 1277 μήτε
815 1195 862 1282 τῷ
882 1185 1006 1280 Ἱέρωνι
1023 1182 1182 1280 πολεμεῖν
1194 1216 1221 1257 ιο

215 1292 272 1362 καλ
297 1287 449 1381 χρήματα
467 1289 506 1360 τά
524 1290 587 1379 μὲν
604 1287 674 1380 ἅμα
690 1293 738 1384 τῷ
762 1298 967 1361 σπείσασθαι
987 1295 1118 1379 δοῦναι,
1142 1290 1182 1360 τοὶ

216 1392 253 1462 δὲ
276 1393 332 1462 καὶ
355 1389 516 1482 ὕστερον,
545 1393 602 1462 καὶ
625 1387 704 1474 τούς
727 1391 789 1481 μέν
813 1395 952 1463 ἐκείνων
978 1391 1182 1483 αὐτομόλους

214 1495 270 1564 καί
294 1491 523 1582 αἰχμαλώτους
547 1509 670 1583 προῖκα
694 1494 876 1582 ἐκπέμψαι,
899 1492 977 1576 τούς
999 1491 1030 1563 δ’
1052 1497 1181 1565 ἑαυτών

213 1601 387 1685 πρίασθαι.

295 1693 438 1782 Τοιαύτη
455 1694 518 1784 μὲν
534 1684 635 1784 ούνή
655 1692 819 1784 σύμβασις
837 1693 1045 1785 ὡμολόγητο·
1071 1694 1179 1784 μόνην
1193 1721 1220 1762 15

213 1793 277 1886 γὰρ
294 1794 357 1885 τήν
378 1797 440 1865 τού
462 1801 563 1884 ζυγοῦ
586 1792 756 1886 ἀτιμίαυό
778 1791 932 1886 Ἀμίλκας
956 1795 1179 1889 παρῃτήσατο.

214 1898 271 1967 καὶ
287 1894 305 1968 ὁ
323 1896 386 1986 μέν
402 1899 508 1968 ταύτα
527 1901 737 1988 συνθέμενος
755 1899 811 1969 καὶ
829 1897 906 1982 τούς
924 1897 1126 1991 στρατιώτας
1145 1900 1181 1968 ἐκ
1276 1991 1277 1994 ¹

212 2005 281 2069 τών
306 2003 426 2089 τειχών
444 1997 615 2087 ἐξαγαγών
632 1997 844 2072 ἀπέπλευσεν
860 2006 976 2072 οίκαδε
1000 2003 1081 2093 πρὶν
1103 1999 1180 2082 τούς
1275 1997 1277 2024 ἦ

213 2096 334 2191 ὅρκους
353 2103 592 2190 ἐπενεχθήναι,
610 2108 646 2170 οἱ
663 2100 695 2171 δ’
718 2105 755 2173 έν
772 2107 813 2192 τή
825 2099 931 2195 Ῥώμη
949 2100 1011 2190 τήν
1028 2129 1064 2172 τε
1080 2109 1179 2191 νίκην

112 2201 273 2276 Ριεεεδιδι
302 2203 443 2294 βραχέος
467 2209 596 2293 ἐμαθου
619 2205 676 2274 καὶ
700 2199 898 2294 ἐπήρθησαν
922 2198 966 2286 ώς
990 2201 1221 2275 παντάπασιεο

214 2301 459 2394 κεκρατηκότες.
502 2307 649 2374 καὶτῶν
672 2306 847 2395 πρέσβεων
874 2302 1045 2376 ἐλθόντων
1069 2300 1180 2375 ούπέτι

214 2407 365 2494 κατέχειν
390 2402 529 2486 ἑαυτούς
552 2401 741 2495 ήδύναυτο,
771 2408 828 2475 καὶ
850 2403 912 2495 τήν
935 2407 1068 2496 Λιβύην
1093 2413 1180 2497 ἐχειν

213 2501 349 2576 ἅπασαν
372 2501 518 2594 ήλπιζου.
561 2505 615 2576 διὸ
638 2503 720 2578 οὐδὲ
736 2524 809 2588 ταῖς
827 2511 888 2579 τού
911 2505 1042 2579 ὑπάτου
1059 2505 1180 2598 ὁμολο-

213 2613 302 2694 γίαις
326 2609 518 2697 ἐνέμειναν,
548 2603 633 2677 ἀλλά
657 2610 714 2679 καὶ
739 2607 890 2700 χρήματα
920 2604 1042 2691 αύτούς
1067 2615 1180 2702 πολλῷ
1276 2621 1277 2628 ’

213 2714 318 2777 πλείω
328 2711 396 2778 τῶν
409 2707 652 2799 ὑπεσχημένων
660 2709 859 2801 ἐπράξαντο·
873 2712 931 2781 καὶ
944 2707 1181 2802 ἀπηγόρευσαν
1196 2739 1224 2780 τε

213 2817 310 2898 σφίσι
340 2807 423 2900 μήτε
446 2807 509 2898 τήν
534 2807 677 2882 Ἰταλίαν
699 2810 782 2902 μήτε
805 2809 867 2901 τήν
898 2815 960 2896 ἐξω
987 2816 1180 2902 συμμαχίδα

212 2915 309 3000 σφῶν
331 2926 474 3002 μακραῖς
490 2915 592 2984 ναυσὶ
610 2922 799 3004 παραπλεῖν
816 2908 838 3004 ή
854 2912 1074 3006 μισθοφόροις
1092 2914 1181 2983 τισὶν

193 3051 197 3060 ·
211 3010 270 3082 ἀπ’
293 3010 406 3083 αὐτῶν
423 3017 617 3104 κεχρῆσθαι.

284 3112 320 3184 ‘O
349 3115 412 3204 μὲν
435 3105 498 3185 οὖν
520 3119 650 3207 πρώτος
673 3133 741 3198 τοῖς
772 3121 1021 3207 Καρχηδονίοις·
1036 3113 1179 3205 πόλεμος

212 3229 281 3294 τοῖς
300 3212 470 3304 Ῥωμαίοις
489 3223 536 3298 είς
559 3221 656 3287 τούτο
679 3219 835 3308 κατέληξε
858 3215 1004 3312 τετάρτμ
1029 3225 1095 3290 ἐτει
1118 3218 1176 3287 καὶ
1190 3243 1219 3285 ω

214 3319 364 3409 είκοστῷ,
382 3319 438 3386 καί
453 3313 506 3387 ἐπ’
522 3315 614 3412 αύτῷ
626 3315 752 3408 ήγαγεν
765 3317 783 3390 ὁ
797 3317 950 3400 Κατύλος
963 3318 1004 3389 τδι
1019 3322 1177 3407 ἐπινίκια,

213 3413 357 3496 Κόιντος
382 3417 419 3487 δέ
436 3417 619 3502 Λουτάτιος
635 3419 829 3504 ὑπατεύσας
846 3418 1002 3510 ἀπῆλθεν
1021 3424 1053 3503 ἐς
1072 3431 1176 3492 Σικε-
