2562 3814
203 155 264 222 112
537 159 608 208 Lm.
621 157 685 210 vn.
703 157 781 212 σοι).
795 159 829 208 x.

281 295 379 368 Οὕτω
397 298 459 387 μὲν
477 287 539 367 οὖν
561 294 578 366 ό
602 293 760 378 Τούλλιος
784 285 863 387 ἦρξε
879 299 937 366 καλ
960 292 1065 378 οὕτως
1083 292 1169 367 άπέ··
1225 278 1229 284 ¹

168 413 289 479 οδανε
312 395 513 488 βασιλεύσας
540 399 702 486 τέσσαρας
728 396 900 480 ἐνιαυτούς
928 399 981 468 έπὶ
1005 395 1170 488 τεσσαρά-

154 511 194 574 10
205 530 323 590 κοντα,
353 498 372 570 ό
402 497 584 588 Ταρκύνιος
609 500 647 569 δὲ
669 495 731 587 τὴν
754 506 930 587 βασιλείαν
955 499 1169 591 παρειληφὼς

203 600 414 692 δορυφόρους
437 600 520 673 κατά
539 599 707 690 Ῥωμύλον
731 603 839 694 ἑαυτῷ
857 603 1085 692 περιέστησεν,
1111 603 1168 676 καὶ

201 704 334 796 νύκτωρ
359 706 415 774 καὶ
439 698 519 793 μεθ’
546 697 675 792 ἡμέραν
698 699 812 784 αύτοῖς
844 705 901 772 καὶ
923 705 1089 791 οίκουροῖυ
1111 705 1194 776 καλε

201 804 374 895 ἀγοράζων
399 806 562 895 ἐκέχρητο.
601 807 633 887 ἐξ
658 794 706 874 ὧν
723 800 787 893 γάρ
806 799 905 886 αὐτὸς
930 809 977 884 είς
995 802 1053 874 τὸν
1071 811 1168 893 κηδε-

202 905 285 996 στὴν
303 909 358 977 καλ
376 904 397 994 ἡ
415 905 503 995 γυνὴ
521 903 604 994 πρός
621 902 680 975 τόν
693 907 820 994 πατέρα
834 908 1004 994 ἐποίησαν,
1022 907 1080 976 καὶ
1091 903 1169 987 τούς

201 1005 338 1090 λοιπούς
363 1011 547 1079 ἐδεδίεσαν.
591 1009 664 1077 ἐπεὶ
691 1007 728 1076 δὲ
751 1004 795 1088 τός
818 1004 1041 1097 τυραννήσων
1065 1033 1167 1097 παρε-

201 1108 398 1197 σκευάσατο,
425 1107 502 1190 τούς
525 1106 778 1190 δυνατωτάτους
801 1112 869 1178 τῶν
892 1111 1086 1196 βουλευτῶν
1111 1112 1168 1178 καὶ

201 1215 270 1282 τεόν
287 1211 401 1281 άλλωυ
419 1207 666 1301 συλλαμβάνων
689 1213 874 1298 ίκτίνυυεν,
899 1205 949 1291 οἷς
973 1210 1034 1299 μέν
1057 1217 1168 1282 αἰτίαν
1182 1244 1206 1284 ιο

204 1312 293 1402 εἶχεν
318 1315 512 1400 ἐπενεγκεῖν
535 1317 689 1400 φανεράς
713 1309 879 1400 ἀναιρῶν,
900 1305 959 1392 οὓς
985 1312 1022 1381 δέ
1039 1309 1167 1404 λάθρᾳ·

203 1417 313 1495 ένίους
332 1417 371 1484 δέ
386 1441 425 1502 γε
444 1416 500 1484 καὶ
517 1411 729 1503 ύπερεόριζεν.
761 1411 801 1483 ού
819 1409 883 1502 γάρ
900 1410 978 1493 τούς
995 1420 1043 1506 τῷ
1061 1423 1171 1486 Ταυλ-

167 1538 192 1587 D
204 1521 264 1610 λίςο
282 1517 542 1608 προσκειμένους
567 1513 710 1603 μόνους,
736 1511 820 1584 άλλά
838 1517 895 1584 καὶ
912 1510 989 1594 τούς
1007 1511 1089 1604 πρός
1106 1515 1168 1604 τὴν

201 1624 388 1706 μοναρχίαν
415 1618 669 1706 συναραμένους
701 1612 792 1708 αύτῷ
819 1613 1079 1708 προσαπόλλυε,
1111 1619 1167 1686 καὶ

200 1715 288 1789 οὕτω
306 1717 343 1788 τὸ
361 1715 538 1807 κράτιστον
555 1723 613 1805 τῆς
631 1721 754 1806 βουλῆς
773 1719 828 1788 καλ
846 1723 903 1806 τῆς
923 1715 1065 1799 ίππάδος
1083 1715 1168 1788 άνά-
1182 1749 1205 1789 ιε

202 1829 298 1889 λωσε.
333 1825 511 1907 μισεῖσδαί
525 1845 561 1888 τε
577 1816 644 1888 ὑπὸ
663 1816 787 1900 παντός
801 1823 860 1889 τοῦ
874 1815 983 1908 δήμου
998 1821 1167 1890 ἐπίστευε·

204 1920 255 1990 διὸ
274 1917 359 1992 οὐδέ
376 1916 597 2009 άυτικαθίστη
614 1919 651 1989 τό
669 1917 828 2009 παράπαν
845 1915 922 1990 άυτὶ
939 1923 1007 1992 τοῖν
1024 1916 1168 1991 άπολλυ·

201 2022 313 2110 μένων
342 2020 453 2111 τινάς,
484 2019 567 2092 άλλά
597 2024 654 2091 καὶ
683 2019 745 2110 τὴν
775 2027 955 2111 γερουσίαν
985 2029 1168 2092 καταλῦσαι

201 2127 371 2205 παντελεῖς
389 2121 599 2214 ἐπιχειρήσας
622 2123 700 2194 οὔτε
717 2122 912 2213 άντεισῆγεν
937 2127 970 2204 ές
988 2121 1094 2213 αὐτὴν
1111 2122 1166 2196 οὐ·

201 2227 283 2294 δέυα
300 2223 379 2296 οὔτε
395 2240 464 2306 τοῖς
482 2216 579 2296 οὖσιν
592 2229 766 2296 έπεκοίνον
778 2253 810 2295 τι
822 2223 923 2312 λόγου
934 2221 1035 2308 άξιον.
1069 2247 1167 2296 συυε-
1181 2254 1207 2296 εο

200 2323 294 2395 κάλει
311 2328 373 2414 μέν
384 2327 449 2418 γάρ
463 2323 596 2414 αύτούς,
614 2324 655 2396 ού
668 2324 735 2416 μὴν
749 2323 835 2398 ὥστε
846 2355 878 2396 τι
895 2331 963 2398 τῶν
975 2322 1168 2415 άναγκαίωυ

201 2433 427 2516 συνδιοικεῖν,
451 2423 526 2497 ἄλλ’
553 2433 610 2498 ἴνα
634 2427 719 2517 δήλη
744 2423 856 2498 αύτιόυ
879 2423 900 2516 ἡ
924 2427 1093 2520 βραχύτης
1113 2437 1166 2518 ,γί-

200 2555 291 2597 νοιτο
309 2525 430 2616 ἅπασι,
448 2525 636 2600 κάυτεύθεν
653 2546 932 2621 καταφρονολντο·
959 2528 999 2599 τά
1018 2531 1055 2600 δέ
1072 2539 1168 2602 πλεῖ-

200 2650 262 2699 στα
293 2627 373 2699 καθ’
404 2628 525 2702 ἑαυτόν
554 2625 575 2720 ἢ
602 2634 658 2700 καὶ
682 2629 763 2720 μετά
792 2636 861 2702 τάν
886 2634 989 2702 υίέωυ
1017 2640 1166 2720 ἔπραττε.

202 2727 424 2822 δυσπρόσιτός
442 2759 477 2803 τε
495 2734 551 2802 καὶ
571 2732 842 2824 δυσπροσήγορος
859 2723 914 2822 ἦν,
933 2735 989 2803 καλ
1006 2736 1048 2823 πῄ
1063 2728 1167 2824 άπερ·
1181 2763 1208 2804 ει

201 2839 282 2927 οψίμ
305 2835 361 2903 καὶ
385 2839 426 2923 τῇ
450 2833 592 2924 ὠμότητι
616 2833 736 2924 ὁμοίως
760 2838 875 2924 ἐχρῆτο
898 2835 981 2926 πρός
1005 2830 1169 2924 ἅπαντας,

99 2936 257 3006 ΡΙσυοκαὶ
281 2933 568 3026 τυραννικώτερον
592 2934 692 3018 αὐτός
716 2937 831 3006 τεκαὶ
859 2942 895 3006 oc
915 2942 1033 3019 παῖδες
1059 2932 1167 3008 αύτού

199 3039 448 3128 προσεφέροντο
471 3035 585 3107 άκασι.
622 3035 678 3108 διά
700 3041 804 3108 ταῦτα
827 3038 864 3108 δέ
881 3039 937 3109 καὶ
961 3033 1039 3120 τούς
1064 3043 1168 3130 δορυ-

200 3134 326 3226 φόρους
344 3133 514 3221 ὑπόπτους
530 3147 635 3229 ἔχων,
663 3142 699 3209 έν
721 3143 790 3209 τόν
807 3147 964 3212 Λατίνων
988 3162 1166 3230 προσηται-

201 3246 317 3325 ρίσατο
336 3238 571 3332 δορυφορικόν,
588 3243 645 3310 καὶ
664 3243 697 3324 ές
714 3239 773 3323 τὰς
789 3244 858 3312 ταῖν
871 3240 1041 3332 Ῥωμαίων
1058 3241 1168 3327 τάξεις
1181 3271 1207 3313 το

269 3403 335 3470 Cap.
354 3407 395 3456 10.
427 3406 525 3457 Dionis
541 3407 685 3458 Histon'ao
701 3409 842 3459 Romanae
864 3407 929 3460 libri
950 3408 1068 3475 perditi:
1089 3409 1165 3476 frag·

200 3474 320 3522 mentum
334 3473 378 3536 11,
392 3475 458 3523 2-6
472 3478 538 3539 etp.
554 3476 610 3536 113,
623 3477 647 3538 9,
661 3475 758 3542 fragm.
773 3479 798 3528 7.
