2580 3816
228 147 293 210 240
464 147 536 200 Lm.
555 146 632 197 xm
652 144 959 198 cAP.m1.xx111.

226 309 371 375 σατο,α
351 286 454 369 άξιῶυ
476 265 718 406 μετενεχθῆναι
735 281 842 354 αύτόν
860 279 1020 410 άλλαχου
1055 285 1113 352 καὶ
1129 283 1200 356 άπ-

227 386 392 524 ηνέχθη“
375 416 393 457 ο
413 393 557 511 δείλαιος
572 385 637 467 εἰς’
636 385 745 456 Ὀασιν
747 413 887 476 χαράν
897 379 1009 456 ουσαν
1025 391 1084 474 τῆς
1099 383 1202 477 Ἀρα-
1263 403 1274 490 χ

228 595 344 662 ποιεῖν.
378 587 681 678 άντεισήχθηδδε
665 587 793 678 είςτὴν
809 593 870 677 τῆς
887 589 966 684 νίας
980 584 1105 676 Ῥύμης
1122 615 1200 658 ποι-
1272 599 1274 646 5

228 719 391 817 μαντικην
416 688 626 779 Μαξιμιανδς
658 715 716 778 της
751 679 927 778 ἐκκλησίας
961 689 1225 780 πρεσβύτεροςτ

227 795 284 864 καλ
301 793 382 882 μετά
400 797 522 862 τούτου
541 791 596 862 ἐπί
621 796 748 862 διετίαν
772 787 1079 882 ἀρχιερατεύσαντα
1103 791 1201 882 Πρά-
1272 803 1274 810 ⁴

227 905 305 976 κλος
323 893 341 963 ὁ
359 899 419 964 τοῦ
440 891 683 1019 Χρρσοστόμου
702 891 855 982 μαθητὴς
873 892 1077 983 πατριάρχης
1096 917 1201 1018 πρρε-

225 1004 398 1088 χειρίσθη,
436 991 505 1067 ύπδ
538 1000 719 1066 Σισιννίου
749 1000 811 1064 τού
843 993 1050 1085 πατριάρχου
1081 996 1202 1090 κρχάην

229 1101 410 1180 ἐπίσκοπος
440 1097 686 1186 χειροτονηθεὶς
717 1103 884 1184 Κυζίκου,
921 1125 967 1185 μη
999 1097 1133 1184 δεχθεὶς
1163 1098 1203 1167 δε
1269 1119 1274 1234 ρ

228 1197 318 1289 παρά
339 1203 412 1268 τοῖν
438 1201 569 1286 ἐκεῑ,“
549 1224 665 1286 ετερον
684 1199 852 1286 ἑλομένων
869 1195 1042 1288 ἀρχιερέα,
1066 1199 1126 1277 καὶ
1142 1199 1274 1270 τὸνιι

193 1313 219 1364 D
230 1298 354 1389 μεταξύ
379 1298 502 1390 χρόνον
528 1297 705 1388 σχολάζων.
749 1291 848 1380 οὗτος
871 1305 990 1370 τοίνυν
1012 1304 1059 1390 τῷ
1083 1299 1202 1394 θρόνῳ

227 1431 287 1490 της
312 1407 575 1472 Κωνσταντίνου
609 1401 843 1490 ίυθρονισθεὶς
868 1397 957 1482 άξιοί
980 1399 1041 1469 τὸν
1062 1405 1204 1487 βασιλέα
1273 1455 1274 1472 2

204 1505 205 1508 '
227 1503 265 1574 τδ
286 1509 382 1592 σῶμα
405 1506 467 1572 τού
486 1500 729 1591 Χρυσοστόμου
755 1505 792 1574 ἐκ
810 1507 1020 1582 Πιτυοῦντος
1038 1498 1203 1592 ἀνακομι-

229 1609 364 1692 σθῆναι,
382 1604 440 1672 καὶ
456 1601 502 1690 μὴ
519 1605 634 1690 μένειν
646 1603 704 1672 καλ
716 1602 869 1672 θανόντα
881 1601 943 1674 τὸν
957 1601 1053 1690 άγιον
1070 1599 1202 1695 ύπερό-
1255 1619 1259 1624 “

111 1793 113 1797 .
229 1731 312 1793 ριον.
347 1711 501 1776 πείθεται
522 1702 630 1784 τούτῳ
654 1702 673 1774 ὁ
693 1704 861 1792 βασιλεύς,
886 1705 944 1774 καὶ
969 1700 1238 1794 ἀνακομίζεται

228 1804 246 1874 ὁ
272 1811 334 1874 τού
359 1803 458 1891 ἁγίου
476 1801 612 1894 νεκρός,
636 1806 695 1874 καλ
710 1805 912 1894 ὑποδέχεται
928 1805 1008 1896 μεθ’
1027 1803 1203 1898 ὑπερβαλ-

102 1955 104 1960 -
227 1905 353 1994 λούσης
377 1911 485 1994 τιμῆς,
512 1906 570 1974 καὶ
587 1915 802 1981 κατατίθεται
820 1905 915 1988 ἑντδς
932 1912 995 1976 τού
1011 1918 1203 1997 θυσιαστη-

229 2013 307 2098 ρίου
333 2012 396 2078 τού
419 2013 488 2078 τῶν
514 2005 622 2094 ἁγίων
636 2005 849 2080 Ἀποστόλων
866 2009 1085 2098 περιωνύμου
1103 2015 1202 2080 υαού.

226 2105 411 2198 ,βουληθεὶς
434 2109 474 2180 δὲ
497 2107 515 2178 ὁ
540 2108 698 2196 βασιλεύς
723 2111 902 2190 Θεοδόσιος
923 2109 965 2193 τά
989 2117 1081 2200 τείχη
1099 2139 1202 2200 μετα-

226 2221 343 2290 θεῖναι
359 2216 418 2301 τῆς
437 2209 566 2290 πόλεως
589 2212 647 2280 καλ
668 2217 803 2300 μείζονα
826 2209 890 2300 τὴν
920 2211 1043 2300 ταύτης
1075 2214 1237 2284 θέσθαικ

228 2312 403 2401 περιοχήν,
428 2311 535 2405 Κύρῳ
560 2318 608 2404 τῷ
632 2311 764 2405 ἐπάρχῳ
782 2311 819 2382 τδ
839 2317 940 2404 ἔργον
957 2311 1118 2384 άυέθετο·
1145 2317 1205 2386 καὶ
1273 2329 1274 2332 ’

228 2411 266 2493 ὃς
281 2417 416 2502 σπονδῇ
431 2417 539 2501 πολλῇ
552 2413 609 2480 καλ
623 2421 799 2505 προθυμίᾳ
818 2413 1027 2505 χρησάμενος
1047 2411 1206 2507 ἀνήγειρε

228 2511 266 2593 τδ
285 2527 444 2602 χερσαίου
461 2527 569 2600 τεῖχος
588 2511 655 2584 άπδ
673 2513 849 2612 θαλάσσης
874 2519 936 2596 ἕως
959 2516 1138 2606 θαλάσσης
1156 2517 1207 2590 δι’
1269 2509 1274 2558 *¹

228 2721 276 2807 τῷ
299 2721 389 2808 ἔργα
416 2711 534 2802 ἡσθεὶς
560 2716 618 2786 καὶ
640 2723 903 2808 τῆςταχυτῆτος
928 2717 1207 2810 ὑπερθαυμάσας
1220 2747 1241 2790 ν

227 2815 287 2887 τὸν
322 2823 489 2908 ἔπαρχον,
525 2818 680 2907 ἐξεβόησε
715 2824 878 2912 δημοσία,
915 2818 1207 2906 “Κανσταντσνος

127 2932 239 3006 W11136
247 2924 365 3006 ἔκτισε,
383 2924 499 3008 Κύρος
516 2917 710 2992 άνενέασε.”
755 2921 806 2992 διδ
823 2924 1012 3011 φθονηθεὶς
1030 2925 1125 3014 παρά
1142 2933 1213 2996 τού

227 3021 390 3108 βασιλέως
408 3020 465 3089 καὶ
482 3017 729 3110 ύποπτευθείς,
760 3024 817 3092 καλ
835 3023 929 3108 άκτρν
948 3031 1096 3114 κείρεται
1119 3037 1212 3118 κλη-

229 3121 334 3210 ρικός,
360 3119 433 3190 είτα
449 3122 507 3190 καλ
525 3123 688 3214 Σμύρνης
708 3127 889 3208 ἐπίσκοπος
907 3133 1046 3217 γίνεται.

174 3229 216 3294 23
313 3227 382 3292 Τού
412 3222 617 3314 πατριάρχου
650 3225 689 3295 δὲ
719 3227 880 3318 Πρόκλου
914 3226 1103 3310 θανόντος
1119 3231 1245 3319 μετὰα

229 3324 420 3392 δωδέκατον
445 3329 517 3405 ἔτος
543 3327 576 3408 ἐξ
602 3323 682 3397 ὅτου
707 3331 854 3419 προέστη
876 3336 938 3400 τοῦ
956 3333 993 3400 ἐν
1010 3339 1209 3404 Κωνσταν-

229 3420 419 3492 τιυουπόλει
442 3423 631 3514 ὀρθοδόξου
650 3436 749 3518 λαοῦ,
774 3429 792 3500 ὁ
818 3442 914 3514 θεῖος
940 3431 1136 3521 Φλαβιανδς
1159 3443 1214 3518 είς
