<?xml version="1.0" encoding="UTF-8"?>
<!DOCTYPE html PUBLIC "-//W3C//DTD XHTML 1.0 Transitional//EN"
    "http://www.w3.org/TR/xhtml1/DTD/xhtml1-transitional.dtd">
<html xmlns="http://www.w3.org/1999/xhtml" xml:lang="en" lang="en">
 <head>
  <title>
</title>
<meta http-equiv="Content-Type" content="text/html;charset=utf-8" />
  <meta name='ocr-system' content='tesseract 3.04.00' />
  <meta name='ocr-capabilities' content='ocr_page ocr_carea ocr_par ocr_line ocrx_word'/>
</head>
<body>
  <div class='ocr_page' id='page_1' title='image "./iannoutouznapae01canggoog_0226.png"; bbox 0 0 2566 3812; ppageno 0'>
   <div class='ocr_carea' id='block_1_1' title="bbox 414 211 1067 309">
    <p class='ocr_par' dir='ltr' id='par_1_1' title="bbox 414 211 1067 309">
     <span class='ocr_line' id='line_1_1' title="bbox 414 211 1067 309; baseline -0.003 -43"><span class='ocrx_word' id='word_1_1' title='bbox 414 215 487 266; x_wconf 88' lang='lat' dir='ltr'><strong>LIB.</strong></span> <span class='ocrx_word' id='word_1_2' title='bbox 499 214 577 309; x_wconf 87' lang='lat' dir='ltr'><strong>VIII.</strong></span> <span class='ocrx_word' id='word_1_3' title='bbox 596 215 674 268; x_wconf 76' lang='lat' dir='ltr'><strong>GAP.</strong></span> <span class='ocrx_word' id='word_1_4' title='bbox 686 216 760 268; x_wconf 87' lang='lat' dir='ltr'><strong>XVI.</strong></span> <span class='ocrx_word' id='word_1_5' title='bbox 956 229 959 244; x_wconf 62' lang='lat'>⁸</span> <span class='ocrx_word' id='word_1_6' title='bbox 1004 211 1067 276; x_wconf 82' lang='lat'><strong><em>219</em></strong></span> 
     </span>
    </p>
   </div>
   <div class='ocr_carea' id='block_1_2' title="bbox 59 351 1171 3388">
    <p class='ocr_par' dir='ltr' id='par_1_2' title="bbox 73 351 1117 1259">
     <span class='ocr_line' id='line_1_2' title="bbox 181 351 1117 450; baseline 0.005 -26"><span class='ocrx_word' id='word_1_7' title='bbox 181 357 238 450; x_wconf 77' lang='grc' dir='ltr'><strong><em>Τῷ</em></strong></span> <span class='ocrx_word' id='word_1_8' title='bbox 256 351 287 424; x_wconf 89' lang='grc' dir='ltr'><strong><em>δ’</em></strong></span> <span class='ocrx_word' id='word_1_9' title='bbox 310 354 385 442; x_wconf 80' lang='grc' dir='ltr'><strong><em>ἕξής</em></strong></span> <span class='ocrx_word' id='word_1_10' title='bbox 405 355 482 424; x_wconf 78' lang='grc' dir='ltr'><strong><em>ἔτει</em></strong></span> <span class='ocrx_word' id='word_1_11' title='bbox 488 351 656 446; x_wconf 80' lang='grc' dir='ltr'><strong><em>Αὐρήλιος</em></strong></span> <span class='ocrx_word' id='word_1_12' title='bbox 674 353 773 436; x_wconf 90' lang='grc' dir='ltr'><strong><em>Γάιος</em></strong></span> <span class='ocrx_word' id='word_1_13' title='bbox 796 356 851 424; x_wconf 83' lang='grc' dir='ltr'><strong><em>καὶ</em></strong></span> <span class='ocrx_word' id='word_1_14' title='bbox 869 359 1064 447; x_wconf 86' lang='grc' dir='ltr'><strong><em>Σερουίλιος</em></strong></span> <span class='ocrx_word' id='word_1_15' title='bbox 1078 363 1117 428; x_wconf 86' lang='grc'><strong><em>16</em></strong></span> 
     </span>
     <span class='ocr_line' id='line_1_3' title="bbox 99 425 1067 578; baseline -0.006 -48"><span class='ocrx_word' id='word_1_16' title='bbox 99 425 273 537; x_wconf 75' lang='grc' dir='ltr'><strong><em>Πούπλιος</em></strong></span> <span class='ocrx_word' id='word_1_17' title='bbox 296 454 359 544; x_wconf 85' lang='grc' dir='ltr'><strong><em>τήν</em></strong></span> <span class='ocrx_word' id='word_1_18' title='bbox 377 451 484 578; x_wconf 84' lang='grc' dir='ltr'><strong><em>ἀρχήν</em></strong></span> <span class='ocrx_word' id='word_1_19' title='bbox 507 455 665 545; x_wconf 78' lang='grc' dir='ltr'><strong><em>λαβόντες</em></strong></span> <span class='ocrx_word' id='word_1_20' title='bbox 688 455 726 527; x_wconf 92' lang='grc' dir='ltr'><strong><em>τό</em></strong></span> <span class='ocrx_word' id='word_1_21' title='bbox 748 484 785 528; x_wconf 88' lang='grc' dir='ltr'><strong><em>τε</em></strong></span> <span class='ocrx_word' id='word_1_22' title='bbox 802 454 988 546; x_wconf 76' lang='grc' dir='ltr'><strong><em>Λιλύβαιον</em></strong></span> <span class='ocrx_word' id='word_1_23' title='bbox 1012 458 1067 526; x_wconf 88' lang='grc' dir='ltr'><strong><em>καὶ</em></strong></span> 
     </span>
     <span class='ocr_line' id='line_1_4' title="bbox 99 553 1100 652; baseline 0 -22"><span class='ocrx_word' id='word_1_24' title='bbox 99 589 137 630; x_wconf 92' lang='grc' dir='ltr'><strong><em>το</em></strong></span> <span class='ocrx_word' id='word_1_25' title='bbox 126 557 333 652; x_wconf 73' lang='grc' dir='ltr'><strong><em>Δρέπανον</em></strong></span> <span class='ocrx_word' id='word_1_26' title='bbox 349 553 495 634; x_wconf 83' lang='grc' dir='ltr'><strong><em>ἐλύπουν</em></strong></span> <span class='ocrx_word' id='word_1_27' title='bbox 509 560 565 628; x_wconf 77' lang='grc' dir='ltr'><strong><em>καὶ</em></strong></span> <span class='ocrx_word' id='word_1_28' title='bbox 578 586 656 640; x_wconf 88' lang='grc' dir='ltr'><strong><em>τους</em></strong></span> <span class='ocrx_word' id='word_1_29' title='bbox 662 564 969 649; x_wconf 78' lang='grc' dir='ltr'><strong><em>Καρχηδονίους</em></strong></span> <span class='ocrx_word' id='word_1_30' title='bbox 930 585 989 648; x_wconf 85' lang='grc' dir='ltr'><strong><em>της</em></strong></span> <span class='ocrx_word' id='word_1_31' title='bbox 1003 564 1063 648; x_wconf 76' lang='grc' dir='ltr'><strong><em>γῆς</em></strong></span> <span class='ocrx_word' id='word_1_32' title='bbox 1075 579 1100 630; x_wconf 90' lang='lat' dir='ltr'>D</span> 
     </span>
     <span class='ocr_line' id='line_1_5' title="bbox 99 654 1065 752; baseline -0.002 -22"><span class='ocrx_word' id='word_1_33' title='bbox 99 659 263 750; x_wconf 76' lang='grc' dir='ltr'><strong><em>ἀπεῖργον</em></strong></span> <span class='ocrx_word' id='word_1_34' title='bbox 285 660 343 729; x_wconf 83' lang='grc' dir='ltr'><strong><em>καὶ</em></strong></span> <span class='ocrx_word' id='word_1_35' title='bbox 368 655 430 747; x_wconf 84' lang='grc' dir='ltr'><strong><em>τήν</em></strong></span> <span class='ocrx_word' id='word_1_36' title='bbox 452 654 565 730; x_wconf 90' lang='grc' dir='ltr'><strong><em>αύτων</em></strong></span> <span class='ocrx_word' id='word_1_37' title='bbox 594 666 787 750; x_wconf 77' lang='grc' dir='ltr'><strong><em>συμμαχίδα</em></strong></span> <span class='ocrx_word' id='word_1_38' title='bbox 810 663 1010 752; x_wconf 81' lang='grc' dir='ltr'><strong><em>κατέκειρον.</em></strong></span> <span class='ocrx_word' id='word_1_39' title='bbox 1047 657 1065 728; x_wconf 86' lang='grc' dir='ltr'>ὁ</span> 
     </span>
     <span class='ocr_line' id='line_1_6' title="bbox 73 757 1068 852; baseline 0.001 -21"><span class='ocrx_word' id='word_1_40' title='bbox 73 751 168 833; x_wconf 79' lang='grc' dir='ltr'><strong><em>οούν</em></strong></span> <span class='ocrx_word' id='word_1_41' title='bbox 183 757 372 850; x_wconf 81' lang='grc' dir='ltr'><strong><em>Καρθάλων</em></strong></span> <span class='ocrx_word' id='word_1_42' title='bbox 386 759 603 851; x_wconf 83' lang='grc' dir='ltr'><strong><em>πολυτρόπως</em></strong></span> <span class='ocrx_word' id='word_1_43' title='bbox 621 759 831 852; x_wconf 80' lang='grc' dir='ltr'><strong><em>ἐπιχειρήσας</em></strong></span> <span class='ocrx_word' id='word_1_44' title='bbox 848 758 923 832; x_wconf 88' lang='grc' dir='ltr'><strong><em>κατ’</em></strong></span> <span class='ocrx_word' id='word_1_45' title='bbox 943 757 1068 850; x_wconf 77' lang='grc' dir='ltr'><strong><em>αύτοῐν,</em></strong></span> 
     </span>
     <span class='ocr_line' id='line_1_7' title="bbox 102 858 1069 953; baseline 0 -20"><span class='ocrx_word' id='word_1_46' title='bbox 102 861 152 945; x_wconf 79' lang='grc' dir='ltr'><strong><em>ὦς</em></strong></span> <span class='ocrx_word' id='word_1_47' title='bbox 165 858 297 933; x_wconf 75' lang='grc' dir='ltr'><strong><em>ούδδν”</em></strong></span> <span class='ocrx_word' id='word_1_48' title='bbox 276 883 416 951; x_wconf 81' lang='grc' dir='ltr'><strong><em>ήνυσεν,</em></strong></span> <span class='ocrx_word' id='word_1_49' title='bbox 431 869 478 944; x_wconf 86' lang='grc' dir='ltr'><strong><em>είς</em></strong></span> <span class='ocrx_word' id='word_1_50' title='bbox 488 859 672 934; x_wconf 76' lang='grc' dir='ltr'><strong><em>Ἰταλίαν“</em></strong></span> <span class='ocrx_word' id='word_1_51' title='bbox 646 887 813 953; x_wconf 83' lang='grc' dir='ltr'><strong><em>ωρμησεν,</em></strong></span> <span class='ocrx_word' id='word_1_52' title='bbox 827 862 874 934; x_wconf 76' lang='grc' dir='ltr'><strong><em>ἵν’</em></strong></span> <span class='ocrx_word' id='word_1_53' title='bbox 891 861 978 944; x_wconf 72' lang='grc' dir='ltr'><strong><em>οὕτω</em></strong></span> <span class='ocrx_word' id='word_1_54' title='bbox 992 861 1069 944; x_wconf 84' lang='grc' dir='ltr'><strong><em>τούς</em></strong></span> 
     </span>
     <span class='ocr_line' id='line_1_8' title="bbox 94 959 1069 1056; baseline -0.002 -21"><span class='ocrx_word' id='word_1_55' title='bbox 94 961 248 1046; x_wconf 77' lang='grc' dir='ltr'><strong><em>ὑπάτους</em></strong></span> <span class='ocrx_word' id='word_1_56' title='bbox 272 961 442 1054; x_wconf 80' lang='grc' dir='ltr'><strong><em>μεταγάμή</em></strong></span> <span class='ocrx_word' id='word_1_57' title='bbox 468 959 582 1052; x_wconf 80' lang='grc' dir='ltr'><strong><em>ἐκεϊή</em></strong></span> <span class='ocrx_word' id='word_1_58' title='bbox 607 965 745 1046; x_wconf 77' lang='grc' dir='ltr'><strong><em>τέως</em></strong></span> <span class='ocrx_word' id='word_1_59' title='bbox 711 993 781 1054; x_wconf 60' lang='grc' dir='ltr'><strong><em>τήνΥ</em></strong></span> <span class='ocrx_word' id='word_1_60' title='bbox 797 963 910 1056; x_wconf 84' lang='grc' dir='ltr'><strong><em>χάραν</em></strong></span> <span class='ocrx_word' id='word_1_61' title='bbox 933 962 1069 1055; x_wconf 83' lang='grc' dir='ltr'><strong><em>κακάσχ</em></strong></span> 
     </span>
     <span class='ocr_line' id='line_1_9' title="bbox 97 1061 1070 1160; baseline -0.001 -22"><span class='ocrx_word' id='word_1_62' title='bbox 97 1069 156 1138; x_wconf 81' lang='grc' dir='ltr'><strong><em>καὶ</em></strong></span> <span class='ocrx_word' id='word_1_63' title='bbox 176 1063 292 1148; x_wconf 83' lang='grc' dir='ltr'><strong><em>πόλεις</em></strong></span> <span class='ocrx_word' id='word_1_64' title='bbox 310 1062 443 1157; x_wconf 81' lang='grc' dir='ltr'><strong><em>αίρήσή.</em></strong></span> <span class='ocrx_word' id='word_1_65' title='bbox 468 1061 544 1136; x_wconf 81' lang='grc' dir='ltr'><strong><em>ἀλλ’</em></strong></span> <span class='ocrx_word' id='word_1_66' title='bbox 563 1061 640 1136; x_wconf 88' lang='grc' dir='ltr'><strong><em>ούδ’</em></strong></span> <span class='ocrx_word' id='word_1_67' title='bbox 663 1065 812 1137; x_wconf 76' lang='grc' dir='ltr'><strong><em>ἐνταῦθά</em></strong></span> <span class='ocrx_word' id='word_1_68' title='bbox 827 1095 858 1136; x_wconf 93' lang='grc' dir='ltr'><strong><em>τι</em></strong></span> <span class='ocrx_word' id='word_1_69' title='bbox 878 1061 1070 1160; x_wconf 81' lang='grc' dir='ltr'><strong><em>αύτῷπρο-</em></strong></span> 
     </span>
     <span class='ocr_line' id='line_1_10' title="bbox 99 1163 1071 1259; baseline 0 -21"><span class='ocrx_word' id='word_1_70' title='bbox 99 1165 263 1259; x_wconf 84' lang='grc' dir='ltr'><strong><em>εχοόρήσε·</em></strong></span> <span class='ocrx_word' id='word_1_71' title='bbox 290 1167 350 1236; x_wconf 84' lang='grc' dir='ltr'><strong><em>τὸν</em></strong></span> <span class='ocrx_word' id='word_1_72' title='bbox 368 1167 437 1258; x_wconf 79' lang='grc' dir='ltr'><strong><em>-γάρ</em></strong></span> <span class='ocrx_word' id='word_1_73' title='bbox 463 1165 649 1258; x_wconf 82' lang='grc' dir='ltr'><strong><em>στρατηγόν</em></strong></span> <span class='ocrx_word' id='word_1_74' title='bbox 666 1163 725 1238; x_wconf 84' lang='grc' dir='ltr'><strong><em>τόν</em></strong></span> <span class='ocrx_word' id='word_1_75' title='bbox 742 1163 932 1258; x_wconf 76' lang='grc' dir='ltr'><strong><em>ἀστυνόμον</em></strong></span> <span class='ocrx_word' id='word_1_76' title='bbox 949 1166 1071 1258; x_wconf 78' lang='grc' dir='ltr'><strong><em>μαδιδν</em></strong></span> 
     </span>
    </p>

    <p class='ocr_par' dir='ltr' id='par_1_3' title="bbox 61 1266 1074 1770">
     <span class='ocr_line' id='line_1_11' title="bbox 61 1266 1072 1358; baseline 0.001 -21"><span class='ocrx_word' id='word_1_77' title='bbox 61 1299 86 1339; x_wconf 86' lang='lat'><strong><em>10</em></strong></span> <span class='ocrx_word' id='word_1_78' title='bbox 98 1266 341 1358; x_wconf 78' lang='grc' dir='ltr'><strong><em>πλησιάζοντα,</em></strong></span> <span class='ocrx_word' id='word_1_79' title='bbox 372 1275 419 1350; x_wconf 85' lang='grc' dir='ltr'><strong><em>είς</em></strong></span> <span class='ocrx_word' id='word_1_80' title='bbox 443 1275 605 1340; x_wconf 80' lang='grc' dir='ltr'><strong><em>Σικελίαν</em></strong></span> <span class='ocrx_word' id='word_1_81' title='bbox 635 1267 852 1340; x_wconf 78' lang='grc' dir='ltr'><strong><em>ἀνέπλευσεν.</em></strong></span> <span class='ocrx_word' id='word_1_82' title='bbox 895 1277 982 1340; x_wconf 76' lang='grc' dir='ltr'><strong><em>ἔνθα</em></strong></span> <span class='ocrx_word' id='word_1_83' title='bbox 1004 1272 1072 1339; x_wconf 77' lang='grc' dir='ltr'><strong><em>των</em></strong></span> 
     </span>
     <span class='ocr_line' id='line_1_12' title="bbox 97 1367 1073 1462; baseline -0.003 -20"><span class='ocrx_word' id='word_1_84' title='bbox 97 1367 326 1462; x_wconf 77' lang='grc' dir='ltr'><strong><em>μισθοφόρων</em></strong></span> <span class='ocrx_word' id='word_1_85' title='bbox 344 1369 597 1442; x_wconf 76' lang='grc' dir='ltr'><strong><em>στασιασάντων</em></strong></span> <span class='ocrx_word' id='word_1_86' title='bbox 617 1369 673 1462; x_wconf 77' lang='grc' dir='ltr'><strong><em>διά</em></strong></span> <span class='ocrx_word' id='word_1_87' title='bbox 689 1367 748 1440; x_wconf 91' lang='grc' dir='ltr'><strong><em>τόν</em></strong></span> <span class='ocrx_word' id='word_1_88' title='bbox 765 1369 908 1460; x_wconf 75' lang='grc' dir='ltr'><strong><em>μισθόν,</em></strong></span> <span class='ocrx_word' id='word_1_89' title='bbox 926 1369 1073 1460; x_wconf 85' lang='grc' dir='ltr'><strong><em>συχνούς</em></strong></span> 
     </span>
     <span class='ocr_line' id='line_1_13' title="bbox 96 1469 1072 1564; baseline -0.003 -21"><span class='ocrx_word' id='word_1_90' title='bbox 96 1474 162 1564; x_wconf 70' lang='grc' dir='ltr'><strong><em>μὲν</em></strong></span> <span class='ocrx_word' id='word_1_91' title='bbox 182 1476 215 1554; x_wconf 78' lang='grc' dir='ltr'><strong><em>ἐς</em></strong></span> <span class='ocrx_word' id='word_1_92' title='bbox 233 1469 357 1562; x_wconf 89' lang='grc' dir='ltr'><strong><em>νήσους</em></strong></span> <span class='ocrx_word' id='word_1_93' title='bbox 377 1470 519 1562; x_wconf 77' lang='grc' dir='ltr'><strong><em>ἐρήμους</em></strong></span> <span class='ocrx_word' id='word_1_94' title='bbox 538 1471 717 1560; x_wconf 77' lang='grc' dir='ltr'><strong><em>ἐκβιβάσας</em></strong></span> <span class='ocrx_word' id='word_1_95' title='bbox 735 1473 908 1561; x_wconf 77' lang='grc' dir='ltr'><strong><em>κατέλιπε,</em></strong></span> <span class='ocrx_word' id='word_1_96' title='bbox 927 1470 1072 1552; x_wconf 84' lang='grc' dir='ltr'><strong><em>πολλούς</em></strong></span> 
     </span>
     <span class='ocr_line' id='line_1_14' title="bbox 98 1568 1074 1664; baseline -0.004 -19"><span class='ocrx_word' id='word_1_97' title='bbox 98 1575 142 1645; x_wconf 71' lang='grc' dir='ltr'><strong><em>δὲ</em></strong></span> <span class='ocrx_word' id='word_1_98' title='bbox 159 1576 218 1644; x_wconf 82' lang='grc' dir='ltr'><strong><em>καὶ</em></strong></span> <span class='ocrx_word' id='word_1_99' title='bbox 243 1575 275 1654; x_wconf 82' lang='grc' dir='ltr'><strong><em>ἐς</em></strong></span> <span class='ocrx_word' id='word_1_100' title='bbox 293 1570 355 1662; x_wconf 86' lang='grc' dir='ltr'><strong><em>τήν</em></strong></span> <span class='ocrx_word' id='word_1_101' title='bbox 374 1571 575 1664; x_wconf 80' lang='grc' dir='ltr'><strong><em>Καρχηδόνα</em></strong></span> <span class='ocrx_word' id='word_1_102' title='bbox 600 1571 805 1644; x_wconf 76' lang='grc' dir='ltr'><strong><em>ἀπέστειλεν.</em></strong></span> <span class='ocrx_word' id='word_1_103' title='bbox 840 1568 1013 1664; x_wconf 81' lang='grc' dir='ltr'><strong><em>δχνόντες</em></strong></span> <span class='ocrx_word' id='word_1_104' title='bbox 1040 1576 1074 1644; x_wconf 86' lang='grc' dir='ltr'><strong><em>οί</em></strong></span> 
     </span>
     <span class='ocr_line' id='line_1_15' title="bbox 96 1664 1072 1770; baseline -0.001 -23"><span class='ocrx_word' id='word_1_105' title='bbox 96 1679 211 1747; x_wconf 85' lang='grc' dir='ltr'><strong><em>λοιποὶ</em></strong></span> <span class='ocrx_word' id='word_1_106' title='bbox 241 1671 478 1764; x_wconf 85' lang='grc' dir='ltr'><strong><em>ήχανάκτήσαν</em></strong></span> <span class='ocrx_word' id='word_1_107' title='bbox 509 1677 567 1744; x_wconf 79' lang='grc' dir='ltr'><strong><em>καὶ</em></strong></span> <span class='ocrx_word' id='word_1_108' title='bbox 597 1682 808 1766; x_wconf 77' lang='grc' dir='ltr'><strong><em>νεωτερίσειν</em></strong></span> <span class='ocrx_word' id='word_1_109' title='bbox 832 1680 980 1770; x_wconf 70' lang='grc' dir='ltr'><strong><em>ἔμελλον.</em></strong></span> <span class='ocrx_word' id='word_1_110' title='bbox 1024 1664 1072 1746; x_wconf 76' lang='grc' dir='ltr'><strong><em>ὦν</em></strong></span> 
     </span>
    </p>

    <p class='ocr_par' dir='ltr' id='par_1_4' title="bbox 59 1773 1171 2270">
     <span class='ocr_line' id='line_1_16' title="bbox 59 1773 1171 1868; baseline 0 -24"><span class='ocrx_word' id='word_1_111' title='bbox 59 1805 84 1845; x_wconf 78' lang='grc' dir='ltr'><strong><em>τι</em></strong></span> <span class='ocrx_word' id='word_1_112' title='bbox 92 1777 267 1866; x_wconf 75' lang='grc' dir='ltr'><strong><em>Ἀμίλκας,</em></strong></span> <span class='ocrx_word' id='word_1_113' title='bbox 286 1775 521 1866; x_wconf 80' lang='grc' dir='ltr'><strong><em>διαδεξάμενος</em></strong></span> <span class='ocrx_word' id='word_1_114' title='bbox 534 1775 593 1846; x_wconf 86' lang='grc' dir='ltr'><strong><em>τὸν</em></strong></span> <span class='ocrx_word' id='word_1_115' title='bbox 610 1773 833 1868; x_wconf 81' lang='grc' dir='ltr'><strong><em>Καρθάλωνα,</em></strong></span> <span class='ocrx_word' id='word_1_116' title='bbox 851 1775 995 1859; x_wconf 77' lang='grc' dir='ltr'><strong><em>πολλοὺς</em></strong></span> <span class='ocrx_word' id='word_1_117' title='bbox 1008 1777 1171 1866; x_wconf 72' lang='grc' dir='ltr'><strong><em>μδνΡΙσθλ</em></strong></span> 
     </span>
     <span class='ocr_line' id='line_1_17' title="bbox 96 1877 1070 1966; baseline -0.003 -16"><span class='ocrx_word' id='word_1_118' title='bbox 96 1877 223 1959; x_wconf 86' lang='grc' dir='ltr'><strong><em>νυκτὸς</em></strong></span> <span class='ocrx_word' id='word_1_119' title='bbox 240 1879 420 1966; x_wconf 72' lang='grc' dir='ltr'><strong><em>κατέκυψε,</em></strong></span> <span class='ocrx_word' id='word_1_120' title='bbox 443 1877 587 1960; x_wconf 77' lang='grc' dir='ltr'><strong><em>πολλοὺς</em></strong></span> <span class='ocrx_word' id='word_1_121' title='bbox 605 1878 644 1948; x_wconf 74' lang='grc' dir='ltr'><strong><em>δὲ</em></strong></span> <span class='ocrx_word' id='word_1_122' title='bbox 660 1880 716 1948; x_wconf 80' lang='grc' dir='ltr'><strong><em>καὶ</em></strong></span> <span class='ocrx_word' id='word_1_123' title='bbox 734 1877 994 1950; x_wconf 86' lang='grc' dir='ltr'><strong><em>κατεπόντωσεν.</em></strong></span> <span class='ocrx_word' id='word_1_124' title='bbox 1033 1881 1070 1947; x_wconf 83' lang='grc' dir='ltr'><strong><em>ἐν</em></strong></span> 
     </span>
     <span class='ocr_line' id='line_1_18' title="bbox 97 1973 1071 2072; baseline 0 -24"><span class='ocrx_word' id='word_1_125' title='bbox 97 1977 250 2072; x_wconf 88' lang='grc' dir='ltr'><strong><em>τοσούτω</em></strong></span> <span class='ocrx_word' id='word_1_126' title='bbox 275 1973 308 2048; x_wconf 86' lang='grc' dir='ltr'><strong><em>δ’</em></strong></span> <span class='ocrx_word' id='word_1_127' title='bbox 328 1982 363 2048; x_wconf 92' lang='grc' dir='ltr'><strong><em>οί</em></strong></span> <span class='ocrx_word' id='word_1_128' title='bbox 378 1977 530 2069; x_wconf 75' lang='grc' dir='ltr'><strong><em>Ῥωμαῖοι</em></strong></span> <span class='ocrx_word' id='word_1_129' title='bbox 554 1985 672 2068; x_wconf 84' lang='grc' dir='ltr'><strong><em>φιλίαν</em></strong></span> <span class='ocrx_word' id='word_1_130' title='bbox 697 1975 809 2050; x_wconf 90' lang='grc' dir='ltr'><strong><em>ἀίδιον</em></strong></span> <span class='ocrx_word' id='word_1_131' title='bbox 832 1978 915 2070; x_wconf 83' lang='grc' dir='ltr'><strong><em>πρὸς</em></strong></span> <span class='ocrx_word' id='word_1_132' title='bbox 935 1973 1071 2070; x_wconf 72' lang='grc' dir='ltr'><strong><em>Ἱέρωνα</em></strong></span> 
     </span>
     <span class='ocr_line' id='line_1_19' title="bbox 100 2075 1071 2172; baseline -0.005 -20"><span class='ocrx_word' id='word_1_133' title='bbox 100 2077 343 2170; x_wconf 84' lang='grc' dir='ltr'><strong><em>διεπράξαντο,</em></strong></span> <span class='ocrx_word' id='word_1_134' title='bbox 368 2082 424 2150; x_wconf 81' lang='grc' dir='ltr'><strong><em>καὶ</em></strong></span> <span class='ocrx_word' id='word_1_135' title='bbox 441 2085 664 2172; x_wconf 84' lang='grc' dir='ltr'><strong><em>προσαφήκαν</em></strong></span> <span class='ocrx_word' id='word_1_136' title='bbox 681 2075 744 2150; x_wconf 83' lang='grc' dir='ltr'><strong><em>ὅσα</em></strong></span> <span class='ocrx_word' id='word_1_137' title='bbox 769 2077 850 2170; x_wconf 91' lang='grc' dir='ltr'><strong><em>παρ’</em></strong></span> <span class='ocrx_word' id='word_1_138' title='bbox 870 2077 975 2150; x_wconf 80' lang='grc' dir='ltr'><strong><em>αὐτοῦ</em></strong></span> <span class='ocrx_word' id='word_1_139' title='bbox 994 2083 1071 2149; x_wconf 78' lang='grc' dir='ltr'><strong><em>ἐπε-</em></strong></span> 
     </span>
     <span class='ocr_line' id='line_1_20' title="bbox 97 2179 416 2270; baseline 0.003 -17"><span class='ocrx_word' id='word_1_140' title='bbox 97 2189 199 2263; x_wconf 84' lang='grc' dir='ltr'><strong><em>τείως</em></strong></span> <span class='ocrx_word' id='word_1_141' title='bbox 218 2179 416 2270; x_wconf 83' lang='grc' dir='ltr'><strong><em>ἐλάμβανον.</em></strong></span> 
     </span>
    </p>

    <p class='ocr_par' dir='ltr' id='par_1_5' title="bbox 62 2278 1073 2779">
     <span class='ocr_line' id='line_1_21' title="bbox 62 2278 1072 2376; baseline -0.001 -25"><span class='ocrx_word' id='word_1_142' title='bbox 62 2309 87 2351; x_wconf 78' lang='grc' dir='ltr'><strong><em>ιο</em></strong></span> <span class='ocrx_word' id='word_1_143' title='bbox 188 2278 296 2376; x_wconf 79' lang='grc' dir='ltr'><strong><em>Τῷδ’</em></strong></span> <span class='ocrx_word' id='word_1_144' title='bbox 316 2285 390 2372; x_wconf 77' lang='grc' dir='ltr'><strong><em>ἑξῆς</em></strong></span> <span class='ocrx_word' id='word_1_145' title='bbox 408 2289 474 2354; x_wconf 73' lang='grc' dir='ltr'><strong><em>ἔτει</em></strong></span> <span class='ocrx_word' id='word_1_146' title='bbox 491 2311 550 2354; x_wconf 89' lang='grc' dir='ltr'><strong><em>του</em></strong></span> <span class='ocrx_word' id='word_1_147' title='bbox 535 2287 753 2354; x_wconf 76' lang='grc' dir='ltr'><strong><em>θαλαττίου</em></strong></span> <span class='ocrx_word' id='word_1_148' title='bbox 767 2281 914 2370; x_wconf 79' lang='grc' dir='ltr'><strong><em>πολέμου</em></strong></span> <span class='ocrx_word' id='word_1_149' title='bbox 928 2285 1072 2372; x_wconf 78' lang='grc' dir='ltr'><strong><em>δημοσία</em></strong></span> 
     </span>
     <span class='ocr_line' id='line_1_22' title="bbox 97 2379 1073 2476; baseline -0.006 -20"><span class='ocrx_word' id='word_1_150' title='bbox 97 2385 218 2476; x_wconf 75' lang='grc' dir='ltr'><strong><em>μδνοί</em></strong></span> <span class='ocrx_word' id='word_1_151' title='bbox 234 2383 389 2474; x_wconf 74' lang='grc' dir='ltr'><strong><em>Ρωμαῖοι</em></strong></span> <span class='ocrx_word' id='word_1_152' title='bbox 412 2380 597 2474; x_wconf 71' lang='grc' dir='ltr'><strong><em>ἀπέσχοντο</em></strong></span> <span class='ocrx_word' id='word_1_153' title='bbox 623 2381 679 2454; x_wconf 88' lang='grc' dir='ltr'><strong><em>διά</em></strong></span> <span class='ocrx_word' id='word_1_154' title='bbox 703 2381 762 2466; x_wconf 87' lang='grc' dir='ltr'><strong><em>τάς</em></strong></span> <span class='ocrx_word' id='word_1_155' title='bbox 785 2380 924 2472; x_wconf 78' lang='grc' dir='ltr'><strong><em>ἀτυχίας</em></strong></span> <span class='ocrx_word' id='word_1_156' title='bbox 942 2383 998 2452; x_wconf 80' lang='grc' dir='ltr'><strong><em>καὶ</em></strong></span> <span class='ocrx_word' id='word_1_157' title='bbox 1018 2379 1073 2450; x_wconf 88' lang='grc' dir='ltr'><strong><em>διά</em></strong></span> 
     </span>
     <span class='ocr_line' id='line_1_23' title="bbox 96 2480 1069 2580; baseline -0.004 -23"><span class='ocrx_word' id='word_1_158' title='bbox 96 2515 141 2558; x_wconf 91' lang='grc' dir='ltr'><strong><em>τα</em></strong></span> <span class='ocrx_word' id='word_1_159' title='bbox 130 2483 382 2576; x_wconf 74' lang='grc' dir='ltr'><strong><em>ἀναλώματα,</em></strong></span> <span class='ocrx_word' id='word_1_160' title='bbox 408 2491 479 2580; x_wconf 77' lang='grc' dir='ltr'><strong><em>ίδίρ</em></strong></span> <span class='ocrx_word' id='word_1_161' title='bbox 498 2489 538 2557; x_wconf 82' lang='grc' dir='ltr'><strong><em>δέ</em></strong></span> <span class='ocrx_word' id='word_1_162' title='bbox 552 2513 639 2568; x_wconf 84' lang='grc' dir='ltr'><strong><em>τινες</em></strong></span> <span class='ocrx_word' id='word_1_163' title='bbox 657 2489 739 2576; x_wconf 85' lang='grc' dir='ltr'><strong><em>νήας</em></strong></span> <span class='ocrx_word' id='word_1_164' title='bbox 757 2482 969 2574; x_wconf 80' lang='grc' dir='ltr'><strong><em>αἰτήσαντες,</em></strong></span> <span class='ocrx_word' id='word_1_165' title='bbox 989 2480 1069 2554; x_wconf 89' lang='grc' dir='ltr'><strong><em>ωστ’</em></strong></span> 
     </span>
     <span class='ocr_line' id='line_1_24' title="bbox 99 2583 1071 2678; baseline -0.004 -18"><span class='ocrx_word' id='word_1_166' title='bbox 99 2591 235 2668; x_wconf 69' lang='grc' dir='ltr'><strong><em>ἐκείνας</em></strong></span> <span class='ocrx_word' id='word_1_167' title='bbox 265 2587 329 2676; x_wconf 72' lang='grc' dir='ltr'><strong><em>μὲν</em></strong></span> <span class='ocrx_word' id='word_1_168' title='bbox 352 2585 639 2676; x_wconf 75' lang='grc' dir='ltr'><strong><em>ἀποκαταστῆσαι,</em></strong></span> <span class='ocrx_word' id='word_1_169' title='bbox 668 2585 731 2678; x_wconf 87' lang='grc' dir='ltr'><strong><em>τήν</em></strong></span> <span class='ocrx_word' id='word_1_170' title='bbox 760 2594 855 2657; x_wconf 87' lang='grc' dir='ltr'><strong><em>λείαν</em></strong></span> <span class='ocrx_word' id='word_1_171' title='bbox 881 2586 918 2656; x_wconf 72' lang='grc' dir='ltr'><strong><em>δὲ</em></strong></span> <span class='ocrx_word' id='word_1_172' title='bbox 942 2583 1071 2658; x_wconf 84' lang='grc' dir='ltr'><strong><em>οίκειιό-</em></strong></span> 
     </span>
     <span class='ocr_line' id='line_1_25' title="bbox 100 2686 1073 2779; baseline -0.002 -20"><span class='ocrx_word' id='word_1_173' title='bbox 100 2701 253 2777; x_wconf 77' lang='grc' dir='ltr'><strong><em>σασδαι,</em></strong></span> <span class='ocrx_word' id='word_1_174' title='bbox 277 2688 362 2759; x_wconf 87' lang='grc' dir='ltr'><strong><em>ἀλλα</em></strong></span> <span class='ocrx_word' id='word_1_175' title='bbox 379 2717 415 2759; x_wconf 90' lang='grc' dir='ltr'><strong><em>τε</em></strong></span> <span class='ocrx_word' id='word_1_176' title='bbox 432 2686 510 2770; x_wconf 87' lang='grc' dir='ltr'><strong><em>τούς</em></strong></span> <span class='ocrx_word' id='word_1_177' title='bbox 535 2695 716 2779; x_wconf 86' lang='grc' dir='ltr'><strong><em>πολεμίους</em></strong></span> <span class='ocrx_word' id='word_1_178' title='bbox 741 2687 931 2776; x_wconf 85' lang='grc' dir='ltr'><strong><em>ἐκάκωσαν,</em></strong></span> <span class='ocrx_word' id='word_1_179' title='bbox 956 2689 1012 2758; x_wconf 84' lang='grc' dir='ltr'><strong><em>καὶ</em></strong></span> <span class='ocrx_word' id='word_1_180' title='bbox 1040 2690 1073 2768; x_wconf 81' lang='grc' dir='ltr'><strong><em>ἐς</em></strong></span> 
     </span>
    </p>

    <p class='ocr_par' dir='ltr' id='par_1_6' title="bbox 61 2787 1106 3287">
     <span class='ocr_line' id='line_1_26' title="bbox 61 2787 1073 2879; baseline -0.001 -21"><span class='ocrx_word' id='word_1_181' title='bbox 61 2789 248 2864; x_wconf 69' lang='grc' dir='ltr'><strong><em>εοἹπποόνα</em></strong></span> <span class='ocrx_word' id='word_1_182' title='bbox 265 2787 421 2879; x_wconf 88' lang='grc' dir='ltr'><strong><em>Λιβυκήν</em></strong></span> <span class='ocrx_word' id='word_1_183' title='bbox 446 2789 545 2861; x_wconf 87' lang='grc' dir='ltr'><strong><em>πόλιν</em></strong></span> <span class='ocrx_word' id='word_1_184' title='bbox 570 2788 827 2872; x_wconf 82' lang='grc' dir='ltr'><strong><em>εἰσπλεύσαντες</em></strong></span> <span class='ocrx_word' id='word_1_185' title='bbox 851 2787 891 2859; x_wconf 85' lang='grc' dir='ltr'><strong><em>τά</em></strong></span> <span class='ocrx_word' id='word_1_186' title='bbox 914 2817 950 2858; x_wconf 86' lang='grc' dir='ltr'><strong><em>τε</em></strong></span> <span class='ocrx_word' id='word_1_187' title='bbox 973 2797 1073 2868; x_wconf 77' lang='grc' dir='ltr'><strong><em>πλοῖα</em></strong></span> 
     </span>
     <span class='ocr_line' id='line_1_27' title="bbox 99 2889 1072 2984; baseline -0.006 -21"><span class='ocrx_word' id='word_1_188' title='bbox 99 2890 214 2963; x_wconf 89' lang='grc' dir='ltr'><strong><em>πάντα</em></strong></span> <span class='ocrx_word' id='word_1_189' title='bbox 243 2893 300 2962; x_wconf 84' lang='grc' dir='ltr'><strong><em>καὶ</em></strong></span> <span class='ocrx_word' id='word_1_190' title='bbox 322 2891 429 2962; x_wconf 73' lang='grc' dir='ltr'><strong><em>πολλοὶ</em></strong></span> <span class='ocrx_word' id='word_1_191' title='bbox 453 2895 523 2964; x_wconf 74' lang='grc' dir='ltr'><strong><em>τοῖν</em></strong></span> <span class='ocrx_word' id='word_1_192' title='bbox 552 2889 827 2982; x_wconf 78' lang='grc' dir='ltr'><strong><em>οἰκοδομημάτων</em></strong></span> <span class='ocrx_word' id='word_1_193' title='bbox 851 2893 1072 2984; x_wconf 78' lang='grc' dir='ltr'><strong><em>κατέπρησαν.</em></strong></span> 
     </span>
     <span class='ocr_line' id='line_1_28' title="bbox 99 2986 1075 3084; baseline -0.006 -21"><span class='ocrx_word' id='word_1_194' title='bbox 99 2997 172 3064; x_wconf 72' lang='grc' dir='ltr'><strong><em>τοῖν</em></strong></span> <span class='ocrx_word' id='word_1_195' title='bbox 186 2993 217 3062; x_wconf 91' lang='grc' dir='ltr'><strong><em>δ’</em></strong></span> <span class='ocrx_word' id='word_1_196' title='bbox 240 2996 428 3084; x_wconf 80' lang='grc' dir='ltr'><strong><em>ἐπιχωρίων</em></strong></span> <span class='ocrx_word' id='word_1_197' title='bbox 446 2990 482 3064; x_wconf 89' lang='grc' dir='ltr'><strong><em>τό</em></strong></span> <span class='ocrx_word' id='word_1_198' title='bbox 500 2990 605 3083; x_wconf 89' lang='grc' dir='ltr'><strong><em>στόμα</em></strong></span> <span class='ocrx_word' id='word_1_199' title='bbox 618 2997 678 3064; x_wconf 82' lang='grc' dir='ltr'><strong><em>τοῦ</em></strong></span> <span class='ocrx_word' id='word_1_200' title='bbox 697 2994 829 3082; x_wconf 77' lang='grc' dir='ltr'><strong><em>λιμένος</em></strong></span> <span class='ocrx_word' id='word_1_201' title='bbox 844 2986 1075 3080; x_wconf 88' lang='grc' dir='ltr'><strong><em>διαλαβόντων</em></strong></span> 
     </span>
     <span class='ocr_line' id='line_1_29' title="bbox 99 3087 1106 3185; baseline -0.005 -21"><span class='ocrx_word' id='word_1_202' title='bbox 99 3092 277 3183; x_wconf 85' lang='grc' dir='ltr'><strong><em>ἀλύσεσιν,</em></strong></span> <span class='ocrx_word' id='word_1_203' title='bbox 296 3097 334 3164; x_wconf 78' lang='grc' dir='ltr'><strong><em>ἐν</em></strong></span> <span class='ocrx_word' id='word_1_204' title='bbox 351 3092 542 3185; x_wconf 81' lang='grc' dir='ltr'><strong><em>περιστάσει</em></strong></span> <span class='ocrx_word' id='word_1_205' title='bbox 560 3095 725 3184; x_wconf 78' lang='grc' dir='ltr'><strong><em>ἐγίνοντο,</em></strong></span> <span class='ocrx_word' id='word_1_206' title='bbox 744 3098 847 3185; x_wconf 77' lang='grc' dir='ltr'><strong><em>σοφίᾳ</em></strong></span> <span class='ocrx_word' id='word_1_207' title='bbox 867 3091 905 3161; x_wconf 68' lang='grc' dir='ltr'><strong><em>δὲ</em></strong></span> <span class='ocrx_word' id='word_1_208' title='bbox 917 3092 974 3160; x_wconf 82' lang='grc' dir='ltr'><strong><em>καὶ</em></strong></span> <span class='ocrx_word' id='word_1_209' title='bbox 990 3087 1106 3182; x_wconf 75' lang='grc' dir='ltr'><strong><em>τύχχχΒ</em></strong></span> 
     </span>
     <span class='ocr_line' id='line_1_30' title="bbox 102 3189 1075 3287; baseline 0 -22"><span class='ocrx_word' id='word_1_210' title='bbox 102 3199 354 3286; x_wconf 73' lang='grc' dir='ltr'><strong><em>περιεγένοντο,</em></strong></span> <span class='ocrx_word' id='word_1_211' title='bbox 386 3201 518 3286; x_wconf 83' lang='grc' dir='ltr'><strong><em>σπουδή</em></strong></span> <span class='ocrx_word' id='word_1_212' title='bbox 536 3195 599 3287; x_wconf 83' lang='grc' dir='ltr'><strong><em>χάρ</em></strong></span> <span class='ocrx_word' id='word_1_213' title='bbox 617 3211 690 3277; x_wconf 80' lang='grc' dir='ltr'><strong><em>ταῖς</em></strong></span> <span class='ocrx_word' id='word_1_214' title='bbox 709 3193 848 3266; x_wconf 81' lang='grc' dir='ltr'><strong><em>ἁλύσεσι</em></strong></span> <span class='ocrx_word' id='word_1_215' title='bbox 866 3189 1075 3282; x_wconf 83' lang='grc' dir='ltr'><strong><em>προσπεσόν-</em></strong></span> 
     </span>
    </p>

    <p class='ocr_par' dir='ltr' id='par_1_7' title="bbox 63 3293 1075 3388">
     <span class='ocr_line' id='line_1_31' title="bbox 63 3293 1075 3388; baseline -0.002 -21"><span class='ocrx_word' id='word_1_216' title='bbox 63 3319 90 3360; x_wconf 75' lang='lat'><strong><em>³⁰</em></strong></span> <span class='ocrx_word' id='word_1_217' title='bbox 104 3325 170 3386; x_wconf 87' lang='grc' dir='ltr'><strong><em>τες,</em></strong></span> <span class='ocrx_word' id='word_1_218' title='bbox 190 3300 263 3367; x_wconf 78' lang='grc' dir='ltr'><strong><em>ἐπεὶ</em></strong></span> <span class='ocrx_word' id='word_1_219' title='bbox 280 3295 522 3388; x_wconf 76' lang='grc' dir='ltr'><strong><em>προσάψασθαι</em></strong></span> <span class='ocrx_word' id='word_1_220' title='bbox 536 3293 648 3368; x_wconf 70' lang='grc' dir='ltr'><strong><em>αύτοὸν</em></strong></span> <span class='ocrx_word' id='word_1_221' title='bbox 662 3302 801 3387; x_wconf 77' lang='grc' dir='ltr'><strong><em>ἔμελλον</em></strong></span> <span class='ocrx_word' id='word_1_222' title='bbox 814 3299 849 3367; x_wconf 86' lang='grc' dir='ltr'><strong><em>οί</em></strong></span> <span class='ocrx_word' id='word_1_223' title='bbox 860 3301 994 3386; x_wconf 75' lang='grc' dir='ltr'><strong><em>ἔμβολοι</em></strong></span> <span class='ocrx_word' id='word_1_224' title='bbox 1006 3297 1075 3365; x_wconf 70' lang='grc' dir='ltr'><strong><em>τοῖν</em></strong></span> 
     </span>
    </p>
   </div>
   <div class='ocr_carea' id='block_1_3' title="bbox 174 3527 978 3595">
    <p class='ocr_par' dir='ltr' id='par_1_8' title="bbox 174 3527 978 3595">
     <span class='ocr_line' id='line_1_32' title="bbox 174 3527 978 3595; baseline -0.005 -15"><span class='ocrx_word' id='word_1_225' title='bbox 174 3529 244 3595; x_wconf 78' lang='lat' dir='ltr'>Gap.</span> <span class='ocrx_word' id='word_1_226' title='bbox 266 3531 306 3580; x_wconf 87' lang='grc'><strong><em>16.</em></strong></span> <span class='ocrx_word' id='word_1_227' title='bbox 341 3529 441 3581; x_wconf 82' lang='lat' dir='ltr'><strong>Dionis</strong></span> <span class='ocrx_word' id='word_1_228' title='bbox 459 3531 602 3582; x_wconf 79' lang='lat' dir='ltr'><strong>Historiae</strong></span> <span class='ocrx_word' id='word_1_229' title='bbox 620 3529 762 3581; x_wconf 80' lang='lat' dir='ltr'>Romanae</span> <span class='ocrx_word' id='word_1_230' title='bbox 780 3527 845 3578; x_wconf 86' lang='lat' dir='ltr'><strong>libri</strong></span> <span class='ocrx_word' id='word_1_231' title='bbox 863 3527 978 3593; x_wconf 82' lang='lat' dir='ltr'><strong>perditi.</strong></span> 
     </span>
    </p>
   </div>
   <div class='ocr_carea' id='block_1_4' title="bbox 0 0 1311 3812">
    <p class='ocr_par' dir='ltr' id='par_1_9' title="bbox 0 0 1311 3812">
     <span class='ocr_line' id='line_1_33' title="bbox 0 0 1311 3812; baseline 0 0"><span class='ocrx_word' id='word_1_232' title='bbox 0 0 1311 3812; x_wconf 95' lang='lat' dir='ltr'><strong><em> </em></strong></span> 
     </span>
    </p>
   </div>
  </div>
 </body>
</html>
