2546 3822
212 164 276 229 376
515 165 585 215 121ss.
599 165 657 216 xv.
679 162 756 216 cAP.
769 163 858 214 xv11.

213 304 402 392 κατηύνασε
420 304 476 374 καί
494 310 541 384 εἰς
559 302 600 372 τδ
617 310 771 392 βασίλεια
789 303 1015 386 ἐπανέζενξεν.
1047 299 1192 372 ἄνακαι-
1243 383 1247 391 ,

213 413 306 475 νίσαι
330 405 368 474 δὲ
393 404 583 493 ζητούντων
608 410 745 474 πολλῶν
769 403 831 492 τήν
854 402 937 473 κατὰ
961 409 1029 472 τῶν
1055 411 1196 474 σεπτῶν

215 506 359 578 εἰκόνων
382 514 524 594 μανίαν,
549 505 643 586 τινός
669 503 851 592 σνλλαβων
875 506 933 574 καί
955 510 1099 593 μετρίως
1118 531 1193 587 πως
1256 563 1258 604 ,

214 607 440 698 αἰκισάμενος,
459 605 507 676 δι’
527 603 643 676 αύτων
660 607 717 675 καί
734 605 811 687 τούς
829 604 965 686 λοιπούς
982 606 1196 695 κατεπτόησε
1253 601 1259 700 ⁴3

213 711 271 778 καί
288 708 485 778 παύσασθαι
503 707 743 797 παρεσκεύασε.
770 706 921 797 μοναχὸν
939 708 980 775 δέ
993 733 1067 776 τινα
1087 704 1195 778 εύλα-
1205 717 1259 771 ελ

213 809 357 899 βείας’
317 838 399 900 ταχα
410 808 537 897 σκηνήν
552 807 864 897 ἐνδεικνύμενον
826 805 990 898 ενρηκύς,
1000 808 1177 878 εἰκόνα
1131 838 1195 898 της
1258 829 1259 832 ’

213 911 419 1000 θεομήτορος
437 909 646 993 ἀποξέσαντα
663 915 720 997 τῆς
744 909 899 998 χλύσσης
916 905 1082 998 ἀφείλετο.
1120 917 1195 980 τῶν

99 1037 102 1044 ’
209 1011 407 1103 Ἀχαρηνιόν
433 1012 471 1081 δέ
495 1011 557 1099 τήν
584 1010 673 1104 ἑῴαν
696 1001 798 1092 αὖθις
829 1011 1048 1100 ληιζομένων,
1074 1008 1094 1080 ὁ
1120 1017 1196 1082 τῶν

208 1111 434 1184 Ἀνατολικῶν
465 1111 649 1203 στρατηγὸς
682 1110 698 1181 ὁ
727 1110 898 1202 Ἀρμένιος
928 1114 1026 1182 Λέων
1055 1111 1196 1196 τούτοις

213 1213 397 1302 σνμβαλοδν
422 1213 540 1283 ἀνεῖλέ
560 1241 595 1282 τε
613 1214 691 1303 περὶ
709 1218 893 1301 δισχιλίους
911 1214 966 1281 καί
985 1217 1114 1294 ίππονς
1131 1215 1195 1282 καί
1208 1238 1230 1276 ιι

213 1313 302 1385 ὅπλα
329 1321 376 1396 εἰς
402 1321 532 1402 πλῆθος
551 1317 583 1397 ἐξ
603 1312 718 1384 αὐτῶν
737 1313 1033 1404 ε’λαφνραμύμησε.
1069 1323 1194 1404 Κροῦ-

180 1430 275 1506 Ομος
306 1417 345 1486 δὲ
377 1414 394 1485 ὁ
425 1423 493 1486 τῶν
524 1414 732 1504 Βονλγοίρων
763 1414 876 1505 ι’ίρχων
907 1415 1196 1504 διεπρεσβεύσατο

212 1514 298 1608 πρός
327 1517 388 1590 τόν
416 1518 574 1604 βασιλέα,
608 1515 746 1606 εἰρήνην
776 1521 882 1604 ζητῶν
913 1517 969 1585 έπί
998 1515 1195 1606 συνθήκαις

211 1633 285 1701 ταῖς
312 1621 367 1688 έπί
387 1624 570 1688 Θεοδοσίου
595 1623 657 1686 τού
673 1612 946 1707 Ἀτραμνττηνού
970 1618 1028 1686 καὶ
1052 1625 1194 1707 Γερμα-

211 1727 276 1789 νοῦ
294 1719 510 1810 πατριάρχου.
554 1719 610 1787 καὶ
629 1724 662 1787 εἰ
676 1717 721 1807 μή
740 1717 829 1788 οὕτω
847 1717 909 1806 τήν
926 1718 1066 1808 εἰρήνην
1084 1713 1104 1788 ὁ
1124 1718 1193 1790 αύ-
1206 1751 1230 1792 ιε

88 1875 93 1882 .
211 1821 382 1910 τοκροίτωρ
407 1819 596 1911 αἰρήσεται,
620 1817 749 1907 ήπείλει
773 1819 858 1888 κατὰ
877 1825 1102 1910 Μεσημβρίας
1120 1849 1194 1909 χω-

212 1927 343 2034 ρήσαι,
362 1922 419 1990 καί
443 1927 503 1990 τοῦ
528 1948 597 1989 των
628 1920 869 2009 χριστωνύμων
899 1918 1047 2009 όλέθρον
1080 1932 1193 1992 αἰτιον

212 2021 299 2094 εἶναι
321 2021 381 2091 τόν
404 2021 455 2110 μή
474 2021 538 2109 τήν
564 2021 703 2112 εἰρήνην
727 2021 942 2110 αίρούμενον.
984 2017 1069 2091 αλλα
1098 2045 1192 2113 συμ-

211 2131 321 2216 βουλή
345 2151 414 2193 των
438 2123 516 2214 περὶ
539 2121 646 2192 αύτδν
669 2150 737 2202 τας
752 2121 902 2203 σπονδάς
928 2123 982 2192 έπί
1008 2137 1082 2204 ταῖς
1103 2145 1192 2194 συν·

211 2225 334 2314 θήκαις
368 2222 557 2306 ἐκείναις’
542 2253 560 2295 ο
592 2222 749 2312 βασιλεύς
780 2221 821 2293 ού
853 2224 1056 2314 προσήκατο,
1089 2224 1189 2294 πεδ’
1173 2255 1226 2298 οτι

210 2332 371 2417 Κροῦμος
408 2325 492 2396 κατὰ
532 2331 755 2415 Μεσημβρίας
792 2324 981 2416 ἐχώρησεν,
1018 2325 1190 2408 ἑλεπόλεις
1260 2347 1262 2404 ἰ

214 2429 429 2516 ἐπαγόμενος.
449 2427 563 2513 ’Ἄραψ
581 2427 647 2516 χοίρ
665 2453 712 2506 τις
730 2425 911 2514 μηχανικὸς
929 2427 987 2496 καί
1005 2427 1083 2516 περὶ
1101 2429 1190 2497 ταύ-
1259 2411 1262 2530 ή

211 2556 270 2608 τας
289 2527 396 2609 δεξιός
414 2533 588 2618 προσῆλθε
605 2533 653 2620 τῷ
662 2526 849 2620 Νικηφόρμ
867 2527 948 2597 ποτὲ
965 2528 1083 2620 καὶτῷ
1101 2536 1191 2622 θείῳ

177 2635 413 2718 Ββιιπτίσματι
439 2633 628 2716 τελεσθείς,
653 2626 699 2715 μή
723 2626 838 2717 τνχύν
855 2629 894 2698 δὲ
912 2635 1075 2718 προνοίας
1094 2626 1190 2712 ἄξιο-

110 2745 249 2796 W111103
262 2729 366 2818 λόγον
381 2729 435 2800 δια
453 2728 514 2818 τήν
534 2732 664 2799 ἐκείνου
683 2728 914 2818 γλισχρότητα,
930 2728 999 2800 εἶτα
1013 2730 1071 2798 καὶ
1086 2733 1189 2817 έπεγ·
1203 2765 1227 2806 τε

211 2833 354 2914 καλέσας
374 2835 492 2925 ἐκείνῳ
506 2830 561 2900 δια
578 2829 616 2900 τδ
637 2828 861 2920 ἀπρονόητον,
881 2830 1015 2920 έτύφθη
1033 2832 1190 2921 σφοδρό-

210 2961 302 3004 τατα.
339 2936 371 3016 ἐξ
397 2931 558 3013 απονοίας
583 2923 647 3001 οὖν
671 2945 741 3013 τοῖς
759 2932 967 3023 Βονλγοίροις
992 2952 1191 3022 προσκεχω-

211 3035 321 3126 ρήκει,
346 3033 402 3103 καὶ
429 3029 478 3103 δι’
506 3032 612 3103 αύτού
645 3037 818 3104 πᾶσανοί
844 3033 1010 3154 βάρβαροι
1031 3033 1190 3121 μηχανήν

214 3136 411 3222 ἐργάζεσθαι
435 3133 682 3225 μεμαθήκασιν.
718 3134 826 3216 οὕτως
851 3123 916 3204 οὖν
918 3131 1190 3224 εὐπορήσαντες

214 3236 412 3322 έλεπόλεων,
431 3234 494 3305 ούκ
514 3235 692 3325 ἐχρύνισαν
711 3242 758 3317 εἰς
775 3234 838 3323 τήν
855 3238 917 3304 τού
936 3263 1021 3304 κατα
1040 3245 1187 3324 Μεσημ·
1201 3269 1229 3308 ιι

211 3342 312 3422 βρίαν
339 3333 457 3416 ἄστεος
481 3335 662 3426 πόρθησιν.
698 3341 760 3407 τού
786 3335 825 3406 δὲ
847 3334 1066 3423 βασιλέως
1032 3363 1094 3406 τον
1117 3363 1188 3406 ποι·

211 3433 372 3520 τριάρχην
395 3439 709 3526 μετακαλεσαμένον
734 3438 877 3508 καὶτῶν
895 3435 1075 3529 ἀρχιερέων
1093 3437 1190 3519 τινὰς
