2558 3820
382 132 454 185 ΠΒ.
470 134 518 184 IX.
543 131 619 183 σεε.
633 133 736 184 xxm.
981 134 1043 198 317

67 269 193 367 μαθιόν
212 267 285 342 δέὁ
307 276 441 356 Παῦλος
468 269 513 354 τός
536 269 557 362 ή
583 269 706 361 σελήνη
731 275 897 357 ἐκλείψειν
918 276 1043 364 μέλλει,

70 380 293 466 συνηθροίκει
324 372 408 464 πρός
435 377 580 466 ἑσπέραν
603 370 639 444 τὸ
664 371 870 466 στράτευμα,
897 371 952 447 ὅτε
981 377 1044 466 τήν

72 485 222 562 ἔκλειψιν
239 477 402 566 γενέσθαι
427 479 544 567 ἐχρήν,
567 477 623 546 καὶ
646 491 786 566 προεῖπε
809 473 847 547 τό
871 477 1044 568 συμβησό-

69 608 191 670 μενον,
215 580 273 648 καδ
290 575 336 668 μή
353 607 386 648 τι
404 577 460 648 διά
483 581 581 648 τοῦτο
603 581 813 667 ταραχθῆναι
840 577 1076 670 παρήνεσεν.Β

40 687 105 755 σοι’
120 681 183 770 μὲν
200 671 264 752 οῦν
284 673 435 769 Ῥωμαῖοι
459 677 521 768 τήν
544 686 692 763 ἔκλειψιν
714 678 918 770 θεασάμενοι
941 678 1043 752 οῦδὲν

67 780 179 853 κακὸν
210 785 242 864 ἐξ
266 779 370 870 αὐτῆς
392 776 626 870 ῦπετόπησαν,
656 785 692 852 οί
721 783 760 850 δέ
781 810 819 870 γε
843 781 1042 864 Μακεδόνες

68 887 149 966 δέος
180 889 277 973 ἔσχον
301 887 338 954 ἐκ
361 881 484 954 τοῦτου
508 885 563 952 καὶ
589 885 622 964 ἐς
639 880 698 952 τόν
721 887 856 973 Περσέα
885 882 923 954 τό
946 885 1043 974 τέρας

66 993 195 1056 τείνειν
219 982 386 1074 ἐνόμισαν.
429 980 519 1055 υῦτω
544 979 577 1053 δ’
598 984 764 1074 ἑκατέρων
787 982 932 1074 ἐχόντων
956 1008 1043 1076 συμ-

68 1087 137 1177 βάν
153 1114 186 1157 τι
209 1087 293 1157 κατά
315 1085 421 1176 τάχηυ
444 1092 485 1177 τῇ
508 1085 669 1177 ὑστεραίᾳ
693 1087 898 1176 συνέρρηξεν
920 1085 1043 1169 αὐτοῦς

30 1223 56 1263 ιο
72 1197 119 1272 είς
137 1187 250 1279 μάχην
263 1183 454 1277 ἀκήρυκτον
471 1189 528 1258 καὶ
541 1188 633 1268 τέλος
651 1191 698 1280 τςό
712 1190 846 1282 πολέμῳ
865 1191 1040 1278 ἐπέθηκεν.

69 1293 143 1362 ἐπεὶ
168 1289 235 1381 γάρ
258 1287 441 1379 ῦποζῦγιόν
464 1318 497 1360 τι
519 1291 587 1360 τοῦν
611 1285 781 1377 Ῥωμαίοον
806 1297 853 1372 είς
882 1290 919 1360 τὰ
947 1287 1042 1382 ῦδωρ

70 1395 245 1464 εἰσέπεσεν
264 1394 297 1475 ἐξ
315 1382 421 1484 οὗπερ
438 1385 643 1482 ὑδρεύοντο,
665 1391 722 1459 καὶ
741 1395 776 1462 ολ
790 1419 826 1462 τε
847 1389 1043 1474 Μακεδόνες

68 1492 176 1566 αὐτοῦ
201 1491 403 1582 ἐπελάβοντο
428 1495 484 1563 καὶ
507 1496 543 1563 οδ
562 1487 749 1580 ῦδροφόροι
770 1491 978 1584 ἀντείχοντο,
1004 1491 1041 1564 τό

67 1598 133 1687 μέν
150 1601 286 1683 πρῶτον
303 1583 395 1666 οῦτοι
417 1592 497 1665 καθ’
521 1590 660 1675 ἑαυτοῦς
684 1595 903 1684 ἐμαχέσαντο,
929 1601 1042 1666 ἔπειτα

28 1729 54 1770 ιε
67 1701 126 1770 καὶ
145 1703 181 1771 oi
191 1698 301 1768 λοιποὶ
316 1699 572 1788 ἐπικουροῦντες
585 1711 654 1777 τοῖς
667 1701 802 1779 οίκείοις
815 1694 886 1768 κατ’
906 1692 1041 1786 ὀλίγους
1054 1718 1075 1770 c

68 1804 107 1871 ἐκ
124 1803 195 1870 τῶν
212 1801 449 1889 στρατοπέδων
467 1794 623 1888 ἐξῄεσαν,
648 1800 706 1867 καὶ
722 1796 844 1883 πάντες
862 1801 1043 1889 συνέμιξαν

4 1909 7 1930 ”
67 1897 130 1972 ἀπ’
156 1899 292 1990 ἀμφοῖν.
334 1902 391 1971 καὶ
414 1898 519 1990 μάχης
542 1894 752 1970 ἀσυντάκτου
769 1902 848 1989 μέν,
872 1898 980 1984 ὀξείας
1004 1902 1043 1971 δὲ

66 2003 264 2092 γενομένης,
279 2007 313 2072 οί
324 2001 477 2093 Ῥωμαῖοι
493 1999 689 2090 ἐκράτησαν,
710 2003 766 2070 καὶ
779 2000 1042 2084 καταδιώξαντες

7 2181 8 2186 1
66 2102 149 2185 τοῦς
172 2101 375 2188 Μακεδόνας
405 2105 501 2194 μέχρι
524 2108 583 2190 τής
608 2100 782 2189 θαλάσσης
812 2100 957 2184 πολλοῦς
980 2102 1042 2190 μὲν

26 2239 53 2280 εο
68 2203 170 2277 αὐτοὶ
189 2204 394 2295 ἐφόνευσαν,
413 2204 557 2284 πολλοὺς
573 2202 610 2272 δέ
627 2204 675 2295 τῷ
692 2205 837 2296 ναυτικῷ
851 2200 1042 2292 προσπλεῦ-

67 2331 168 2379 σαυτι
186 2303 379 2380 ἀποκτείναι
391 2309 593 2398 παρέδοσαν.
629 2299 705 2376 οὐδ’
725 2301 769 2375 άυ
781 2333 830 2388 τις
848 2299 1041 2394 ὑπελείφθη

68 2407 202 2498 αῦτῦν,
235 2416 266 2478 εί
294 2409 338 2499 μή
365 2406 429 2492 νῦξ
457 2405 572 2489 αῦτοίς
597 2405 781 2496 ἐβοήθησε·
816 2409 893 2497 περὶ
925 2413 1041 2496 δείλην

9 2565 11 2570 -
66 2510 133 2604 γάρ
151 2509 256 2595 ὀψίαν
272 2509 294 2599 ή
311 2507 398 2600 μάχη
417 2513 555 2598 ἐγένετο.

146 2610 338 2706 Λιαφυγάν
368 2602 431 2682 οῦν
463 2617 511 2693 είς
537 2609 738 2702 Ἀμφίπολιν
768 2610 786 2682 ὁ
816 2612 968 2702 Περσεὺς
997 2609 1041 2693 ὦς

26 2743 54 2783 εε
68 2712 150 2796 τοῦς
167 2741 206 2784 τε
223 2723 407 2804 περιλιπεῖς
430 2709 683 2804 ἀναληψόμενος
706 2717 763 2784 καὶ
786 2712 964 2803 συστήσων
981 2703 1041 2784 αῦ-

69 2827 128 2898 θις
145 2815 188 2886 τά
205 2811 401 2907 πράγματα,
421 2817 492 2886 ἐπεὶ
510 2812 582 2885 οὔτ’
604 2807 714 2905 ήλθόν
730 2843 818 2897 τινες
836 2811 919 2904 πρὸς
937 2811 1043 2886 αὐτὸν

68 2915 159 3006 πλήν
182 2916 403 3008 μισθοφόρων
422 2920 565 3007 Κρητεῦν
587 2921 643 2988 καὶ
666 2917 727 3008 τήν
745 2915 889 2990 Πόδυαν
913 2912 1143 2995 ἀλλαςνσΙΙιου

67 3047 104 3088 τε
121 3017 237 3100 πόλεις
260 3017 300 3089 τά
323 3022 390 3090 τεῦυ
409 3018 580 3110 Ῥωμαίων
602 3018 752 3112 ᾑρῆσθαι
776 3026 899 3106 ἔμαθε,
924 3011 1075 3092 κάκεί·])

68 3131 135 3191 θεν
152 3123 292 3211 μετέστη
317 3123 373 3192 καὶ
393 3128 441 3202 είς
459 3130 559 3192 πλοῖα
584 3121 624 3192 τά
647 3118 799 3213 χρήματα
822 3118 883 3188 ὅσα
902 3115 1040 3206 ἐπήγετο

29 3251 59 3290 το
70 3225 214 3312 θέμενος
232 3221 352 3305 νυκτὸς
372 3227 403 3304 ἐς
423 3224 654 3316 Σαμοθρᾴκην
672 3219 871 3292 ἀπέπλευσε.
908 3221 964 3291 καὶ
978 3245 1040 3290 πυ·

15 3317 20 3420 Ϊ,
70 3323 217 3414 θέμενος
242 3320 281 3394 οῦ
305 3330 418 3419 πολλῷ
440 3321 582 3416 ὕστερον
607 3322 667 3396 τόν
687 3320 897 3412 Ὀκταούιον,
921 3317 957 3403 δς
980 3328 1040 3392 τοῦ

16 3429 22 3530 ζι
70 3433 231 3497 ναυτικοῦ
249 3435 444 3519 προΐστατο,
470 3429 717 3520 προσπλέοντα,
744 3429 799 3496 καὶ
824 3424 889 3500 τὸν,
902 3427 1041 3496 Παῦλον
