2558 3820
324 189 327 194 ·
341 173 412 224 LIB.
425 173 473 224 IX.
493 171 572 226 CAP.
585 175 675 228 XXII.
693 175 796 228 XXIII.
994 176 1058 243 315

80 315 141 404 τῆς
158 309 262 404 ἀρχῆς
283 307 479 404 ὑπεροίσειν
497 311 698 403 ἐπήλπισεν,
721 319 757 385 ot
772 312 803 385 δ’
827 319 865 388 ἐν
888 321 929 406 τῇ
949 313 1056 410 Ῥιόμη

81 420 189 486 ταῦτα
206 412 374 504 μαθόντες
398 411 458 486 τόν
475 411 633 506 Μάρκιον
652 423 822 488 Φίλιππον
843 411 1057 490 ὑπατεύοντα

82 521 217 608 σπουδῇ
235 515 431 606 ἐξέπεμψαν.
480 513 591 600 καλός
615 524 663 600 είς
685 517 748 608 τὴν
767 525 956 590 Θεσσαλίαν
973 518 1158 610 πρδςΡΙ4σῖ

81 617 118 689 τό
146 616 375 709 στρατόπεδον
405 615 607 709 ἀφικόμενος
636 617 714 702 τούς
739 648 776 690 τε
795 618 974 711 Ῥωμαίους
998 625 1055 692 καὶ

51 719 162 802 στούς
179 717 372 814 συμμάχους
391 717 536 809 ἐξήσκει,
562 718 649 792 ὥστε
668 727 827 794 δείσαντα
843 722 903 793 τὸν
920 725 1054 814 Περσία

83 823 123 892 ἐν
140 822 188 916 τῷ
202 827 277 916 Δίςο
294 827 341 916 τῷ
359 827 586 916 Μακεδονικῷ
610 824 667 892 καὶ
690 823 772 914 πρὸς
796 837 865 906 τοίς
888 825 1054 913 Τίμπεσιν

3 945 4 948 ’
81 921 228 1013 ἡσυχίαν
250 919 348 1012 ἄγειν
371 923 427 994 καὶ
451 922 491 995 τδι
520 920 622 994 στενά
643 941 767 1016 τηρεῖν.
816 923 991 1016 θαρσήσας
1017 927 1054 996 δὲ

80 1023 139 1094 διά
164 1029 272 1094 ταῦτα
297 1019 315 1095 6
340 1031 506 1120 Φίλιππος
531 1021 585 1095 διά
608 1027 721 1114 μέσων
751 1023 842 1117 ὀριόν
867 1025 1054 1117 ὑπερέβαλε

80 1131 140 1196 καί
153 1154 230 1196 τινα
254 1129 314 1196 τού
338 1127 496 1217 Περσέως
519 1127 666 1217 κατέσχε.
708 1123 897 1218 προλύνδ
918 1129 1037 1199 ἐπὶ
995 1156 1054 1218 της

40 1247 67 1288 1⁰
80 1225 223 1317 Πύδνης
240 1229 309 1298 των
327 1229 526 1317 ἐπιτηδείων
544 1226 722 1351 δσπάνισε,
747 1230 803 1299 καὶ
822 1234 870 1311 είς
886 1226 949 1318 τὴν
967 1239 1054 1301 Θεσ-

79 1336 203 1400 σαλίαν
218 1327 411 1419 ἀνέστρεψε.
442 1331 500 1400 καὶ
517 1320 620 1412 αὖθις
637 1325 822 1421 ὁΠερσεύς
839 1327 1054 1420 ἀνεθάρσησε

3 1435 4 1446 ’
79 1427 175 1500 καὶ
153 1459 175 1500 α
193 1426 387 1520 κατέσχεν
371 1459 389 1502 ο
410 1439 577 1515 Φίλιππος
593 1427 799 1520 ἀνεκτήσατο
822 1433 878 1504 καὶ
902 1435 951 1526 ιμ’
968 1461 1054 1502 ναυ-

78 1537 160 1627 τικῷ
191 1529 300 1622 συχνά
322 1529 401 1615 τούς
424 1527 605 1623 Ῥωμαίους
630 1530 766 1622 ἐλύπει,
798 1530 992 1624 συμμάχους
1015 1562 1052 1604 τε

78 1631 308 1723 προσηγάγετο
326 1635 383 1705 καὶ
396 1632 506 1726 πάντη
523 1633 602 1717 τούς
617 1633 797 1724 Ῥωμαίους
811 1639 849 1706 ἐκ
866 1639 924 1724 τῆς
938 1633 1051 1706 Ἐλλά-

38 1754 64 1795 15
81 1741 138 1817 δος
155 1735 298 1824 ηλπισεν
317 1738 451 1826 ἐκβαλεῖ
451 1765 480 1807 ν.
516 1737 614 1826 τῇδὲ
631 1742 740 1828 πολλη
757 1739 814 1808 καὶ
831 1732 960 1832 άκαίρμ
977 1767 1050 1828 φει-
1061 1757 1083 1808 Β

78 1843 187 1930 δωλίηι
213 1839 269 1907 καλ
298 1865 340 1926 τη
371 1835 416 1908 δι’
445 1833 553 1927 αὐτὴν
575 1843 644 1909 των
675 1837 858 1930 συμμάχων
888 1835 1050 1934 ὀλιγωρία

74 1934 226 2026 ἀσθενὴς
250 1929 353 2021 αύθις
380 1941 520 2028 ἐγένετο.
571 1937 617 2021 ὡς
639 1937 703 2029 γάρ
725 1937 765 2010 τά
791 1945 859 2011 τῶν
879 1938 1051 2029 Ρωμαίων

77 2037 263 2129 ὑπεδίδον,
281 2038 369 2111 τάδ’
393 2043 524 2114 ἐκείνου
539 2038 716 2129 ἐπηύξετο,
734 2039 986 2132 κατεφρόνησεν
1005 2069 1050 2124 ως

77 2139 181 2212 οὐδὲν
198 2146 245 2211 ἔτι
268 2167 338 2213 των
363 2139 548 2232 συμμάχων
571 2139 744 2231 δεόμενος,
767 2138 885 2211 κάλ’
846 2169 910 2211 ουκ
934 2144 1050 2212 ἐδίδου

36 2277 62 2318 εο
76 2240 230 2334 χρήματα
249 2248 366 2332 σφίσιν
389 2240 412 2313 δ
435 2246 662 2334 ἐπηγγείλατο.
698 2243 766 2312 τοῖν
783 2241 846 2331 μὲν
868 2232 932 2312 ούν
957 2237 1151 2331 άμ-ινΠιοε

76 2345 301 2434 βλννθίντων
316 2345 353 2416 τό
371 2342 567 2436 πρόθυμον,
591 2347 660 2416 τοῖν
678 2343 717 2415 δδ
740 2345 797 2414 καὶ
814 2343 929 2416 τίλεον
945 2339 1050 2414 αύτδν

77 2443 301 2536 ἐκλιπόντων,
333 2453 494 2518 τοσοῦτον
523 2443 659 2570 ιἰπίγμω
686 2441 772 2518 ὥστε
802 2447 859 2516 καὶ
889 2447 1048 2517 σπονδῶν
1093 2501 1098 2510 ,

77 2553 255 2637 δεηθῆναι.
291 2543 407 2618 nal*
365 2576 430 2619 ιιαυ
448 2553 544 2637 ἔτυχε
560 2546 690 2619 τούτων
707 2548 764 2618 διδι
780 2574 840 2619 του
825 2544 1045 2637 Εὐμένους,

76 2656 170 2771 ελμη
157 2645 245 2718 καὶ
259 2643 376 2720 Ρόδιοι
399 2649 712 2740 συνεπρίσβενσαν
738 2644 965 2740 ὑπερηφάνως
983 2648 1048 2740 γάρ

36 2781 61 2823 ει
74 2739 169 2821 οὗτοι
187 2765 257 2832 τοις
271 2744 441 2840 Ρωμαίοις
461 2753 695 2841 διαλεχθέντες
712 2765 827 2842 τυχείν
844 2747 948 2822 αὐτὸν
968 2748 1048 2822 ἐκνό-

74 2855 272 2924 λυσάντων
290 2857 458 2924 σπονδων

148 2950 361 3025 Ἐντεῦθεν“
346 2983 364 3025 ο
383 2951 455 3024 κατ’
476 2947 584 3024 αύτου
569 2951 742 3043 πόλεμος
755 2949 885 3045 Παύλῳ
902 2946 1047 3038 άνετίθη
1058 2960 1100 3026 23

73 3058 121 3146 τῷ
149 3060 297 3149 Αἰμιλίῳ
326 3054 363 3125 τό
396 3052 555 3147 δεύτερον
583 3050 797 3126 ὑπατεύοντι.
850 3049 886 3135 ὃς
913 3057 1078 3142 σπουδῇσ

73 3157 252 3246 κομισθεὶς
270 3162 317 3238 εἰς
334 3153 397 3245 τὴν
411 3163 602 3227 Θεσσαλίαν
619 3157 676 3226 καὶ
693 3151 733 3226 τά
750 3157 819 3224 τῶν
835 3158 1047 3245 στρατιωτῶν

145 3357 180 3406 14
198 3355 280 3409 (δυσί.
292 3355 392 3408 DionIs
411 3355 510 3420 fragm
523 3356 565 3420 66,
585 3357 661 3406 1.-
679 3355 710 3404 22
728 3355 766 3406 ib
785 3356 809 3408 2

72 3493 120 3556 66,
140 3421 216 3554 ξομ.
228 3426 271 3541 ΞΒ.
295 3424 395 3476 Βίουὶε
411 3421 554 3474 HIstoriae
568 3421 791 3474 Romanaelibri
807 3418 926 3486 perditi·
945 3419 1045 3486 fragm.
