2510 3834
174 147 216 213 m
497 141 818 200 mmmm

124 291 163 358 13
251 283 306 356 Ἐν
323 281 431 378 τοότφ
453 289 499 378 τῷ
522 280 637 409 χρόνω
655 279 760 371 ῆτόν
781 277 989 369 Ἀδιαβηνοῖν
1012 281 1144 403 βασιλὶς

170 388 287 476 Ἑλένη
304 384 393 456 ταδ’
378 414 396 456 ο
414 400 493 466 ταῖς
511 381 616 473 αὐτῆς
629 379 748 475 Ἰζάτης
767 381 868 466 εἰς
831 412 872 452 τα
891 378 1018 454 Ἰουδαί
1016 411 1065 452 ων
1081 379 1143 470 τῆν

177 489 348 578 διαγωνῆν
366 489 550 577 μετέβαλον
573 483 706 576 νόμιμα.
743 481 939 573 Μονόβαζος
957 480 1021 576 γάρ
1038 480 1056 554 ὁ
1075 487 1144 554 τῶν

173 588 383 714 Ἀδιαβηνῶν
409 585 623 682 βασιλεύς,
612 617 638 658 ω
625 577 719 658 καὶ
735 595 876 672 Βαζαῖος
900 575 1108 675 έττίιιλησις
1087 613 1143 696 ην,

29 737 33 744 ·
86 745 88 750 -
176 697 234 781 τῆς
257 687 406 781 ἀδελφῆς
431 689 564 779 Ἑλένης
585 663 699 813 ἁλοὺς.
718 695 834 780 έρωτι,
863 683 978 776 άχεται
1007 683 1169 774 ταότην.τ

178 800 238 868 ναί
250 817 331 864 τοτε
348 788 595 880 συγκαθεύδων
613 786 699 882 αὐτῆ
717 787 803 882 οὕση
821 786 981 878 έχαάμονι
998 817 1038 880 τη
1027 791 1147 860 έυεί
1222 863 1224 872 ,

177 923 238 984 νης
252 891 427 1018 χαστρὶ
391 921 454 1014 την
471 907 566 1016 χεῖρα
586 893 735 966 ἐπέθετο
771 885 871 961 ναὶ
850 889 1012 972 υττντόσας
1030 891 1145 973 ἔδοξεν

178 994 316 1068 ἀκούειν
332 999 449 1086 φωνῆς
472 984 551 1086 ἆραι
574 990 777 1082 κελευούσης
801 995 913 1081 ἕκτης
936 989 1076 1080 νηδύος
1074 989 1145 1080 τῆν

145 1111 274 1188 Οχελρα
290 1088 408 1168 καὶ
365 1125 411 1188 μη
429 1101 565 1185 θλίβειν
581 1123 619 1165 τυ
607 1092 674 1166 έν
692 1089 777 1186 αντη
761 1094 936 1186 βρέφος,
959 1097 1044 1165 θεοῦ
1062 1119 1146 1184 ττρυ-

177 1205 235 1270 νοί
232 1229 253 1292 α
219 1201 329 1270 λιταὶ
346 1195 449 1320 ἄρξον
465 1200 521 1270 ναὶ
539 1200 654 1278 τέλους
671 1194 870 1290 τευξόμενον
888 1191 1057 1284 εὐτυχοῦς.
1088 1223 1185 1268 voc-10

178 1301 317 1390 ραχθεὶς
341 1289 406 1370 οόν
429 1294 498 1369 ὑπό
522 1305 580 1388 τῆς
603 1301 720 1388 φωνῆς
748 1305 868 1422 ἔφραζε
891 1300 995 1370 ταῦτα
1019 1300 1060 1389 τῆ
1083 1325 1146 1420 χρ,-

177 1407 279 1480 νααιί
316 1398 424 1472 καὶ
390 1428 449 1472 τον
465 1397 544 1472 υλόν
561 1402 723 1490 τεχθέντα
737 1395 862 1488 Ἰζάτην
880 1393 1065 1488 ὠνόμασεν.
1087 1387 1146 1521 ῆν

179 1501 251 1572 δ’“
232 1530 344 1593 ετερος
366 1499 488 1572 τούτου
512 1499 737 1593 πρεσβύτερος
762 1504 860 1572 ἐκ
821 1529 880 1589 της
897 1494 1030 1590 Ἑλένης
1053 1495 1146 1594 αὐτῷ

178 1606 357 1693 γεννηθεὶς
391 1599 486 1674 ἄλλοι
519 1629 556 1672 τε
590 1608 709 1686 τταλδες
740 1605 777 1672 έιι
807 1605 980 1690 νυναιιιων
1010 1601 1144 1693 ἑτέρων,

160 1704 376 1794 ,έστερχεδὲ
399 1701 458 1774 τὸν
483 1701 608 1792 Ἰζάτην
632 1700 744 1795 ὥσπερ
761 1706 935 1794 μονογενῆ.
970 1700 1144 1793 ἐφθόνουν
1157 1735 1185 1774 15

177 1812 295 1876 τοίνυν
312 1809 347 1875 ολ
361 1802 512 1894 άδελφολ.
548 1799 619 1876 666
636 1804 744 1897 τιατῆρ
759 1803 918 1888 δεδοικώς
935 1806 1012 1896 περὶ
1025 1801 1145 1898 τοάτφ,

181 1909 261 1978 έιιιιέ
259 1931 340 1996 μττει
358 1903 440 1996 τρδς
460 1903 700 1999 Ἀβεννήριγον
724 1933 788 1979 τον
800 1912 978 1978 Σπασίνου
1001 1903 1145 1996 χάρακος

180 2009 346 2096 βασιλέα.
371 2005 470 2078 ιιαλ“
450 2037 488 2091 ος
511 2004 663 2097 ἀσμένως
696 2005 788 2079 τὸν’
786 2006 904 2098 1ζάτην
931 2010 1067 2092 ἐδέξατο
1090 2011 1147 2078 τιαλ

179 2105 347 2199 νηδεστῆν
370 2111 424 2180 έττὶ
449 2111 597 2204 θυγατρὶ
626 2108 802 2200 έιτοιῆσατο
830 2112 887 2180 ιιαλ
917 2107 1031 2200 χάραν
1054 2103 1145 2180 αότῶ

178 2213 332 2333 παρέσχε.
368 2210 561 2334 νενηρααῶρ
588 2211 627 2282 δὲ
648 2207 847 2300 όΜονόβαζ
846 2217 919 2292 οςλ
906 2215 994 2281 ἰδεῖν
1019 2185 1145 2282 6666-
1159 2241 1188 2282 ει

178 2340 232 2401 μει
255 2309 315 2382 τὸν
341 2308 467 2402 Ἰζάτην
495 2309 561 2400 τρὸ
584 2315 646 2384 τοῦ
674 2324 805 2384 θανεῖν.
848 2310 1145 2402 μεταπεμψάμενος

179 2404 244 2482 οὖν
262 2410 369 2481 αὐτόν
386 2412 601 2536 φιλοφρόνως
618 2411 815 2506 άσττάζεται,
841 2416 898 2484 καὶ
921 2442 1034 2505 χωραν
1052 2409 1146 2508 αάτφ

118 2509 437 2604 Βάτεκλῆρωσεν,
462 2503 540 2584 ἐν
516 2543 538 2604 η
558 2516 613 2586 καὶ
633 2517 777 2608 διέτριβε
790 2516 895 2606 μέχρι
911 2518 1065 2605 τελευτῆς
1083 2518 1146 2586 τοῦ

178 2609 311 2737 πατρός.

250 2711 460 2798 Ειιλιττοντος
485 2716 524 2786 δ
542 2715 702 2804 Μονοβάζ
701 2745 742 2788 ον
685 2716 936 2807 ζῆβασιλλς
954 2713 1070 2806 Ελένη
1086 2745 1146 2806 με·
1162 2749 1191 2790 ετ

178 2817 367 2904 τετέμψατο
384 2814 461 2899 τούς
478 2825 678 2906 μεγιστᾶνας
702 2822 758 2890 καὶ
781 2817 859 2902 τοὺς
883 2815 1070 2911 σατράπας·
1095 2813 1168 2898 οἷς

7 2915 8 2930 ³
42 2959 45 2962 ·
178 2914 391 3007 ἀφικομένοις
411 2913 475 2992 “οό
492 2915 659 3010 λέληθεν”
680 2919 773 2992 εἶτεν
793 2915 901 3011 “ὑμάς
919 2917 969 2992 ὅτι
986 2914 1004 2990 6
1023 2916 1109 3010 ιἰυῆρ
1127 2915 1145 2988 6

8 3045 9 3070 ³
77 3017 271 3107 W1202669
288 3019 348 3089 τὸν
367 3016 491 3110 Ἰζάτην
507 3017 611 3109 η”θελε
628 3025 686 3112 τῆς
699 3029 873 3110 βασιλείας
890 3024 1053 3110 γενέσθαι
1071 3019 1145 3091 διά-

8 3117 9 3124 *
180 3124 289 3209 δοχυν.
308 3125 419 3192 εἰδυῖα
433 3121 472 3192 δὲ
483 3120 648 3215 μακάριον
659 3121 719 3193 τὸν
731 3121 777 3213 μῆ
789 3121 869 3216 παρ’
883 3121 969 3212 ἑνός,
981 3119 1066 3194 άλλά
1077 3129 1146 3192 τῶν

178 3217 345 3292 πλειόνων
371 3221 427 3292 καὶ
453 3222 582 3296 τούτων
608 3221 756 3296 ἑκόντων
779 3225 841 3315 τῆν
863 3232 1039 3315 βασιλείαν
1064 3233 1145 3314 λαμ·
1161 3255 1192 3299 ου

247 3453 315 3520 Cap.
330 3459 370 3508 13.
395 3455 507 3519 Iosephi
519 3451 583 3508 Ant.
595 3457 641 3519 20,
655 3457 680 3518 β.
693 3459 780 3508 2-4.
834 3433 842 3445 ”
