2558 3820
409 125 482 177 Lm.
494 125 542 178 lx,
563 123 641 176 OAP.
655 126 715 178 xx.
733 127 808 179 xx1.
1031 125 1092 190 311

121 263 275 356 σάμενος.
312 262 439 354 πράξας
459 266 494 336 δέ
511 267 616 336 ταῦτα
633 267 689 334 καί
708 264 835 355 συχνὸν
851 264 941 356 παρά
956 265 1102 359 Ἀρια-νν
1111 289 1195 344 11106

121 365 250 459 ράθους
280 367 341 436 τοῦ
366 369 605 438 Καππαδοκῶν
643 371 807 454 βασιλέως
839 364 1000 460 ἀρμόριον
1036 371 1091 440 έπί

122 466 240 560 εἰρῆνη
259 463 410 556 λαβάν’
391 474 520 559 απῆρεν
537 477 569 539 οἰ
557 473 662 539 λ’καίε.

201 567 297 641 066'
317 571 463 642 Αἰτωλοὶ
481 597 526 661 πρ
529 568 684 658 έσβεις
652 599 689 640 το
709 568 869 694 ἀεότερον
885 566 971 664 ὑπὲρ
999 569 1092 662 εἰρῆ-
1104 584 1144 650 21

5 671 6 674 '
91 675 231 761 ενηςές
215 671 307 760 ςτῆυ
316 669 444 762 Ρωμην
453 673 641 762 πέμψαντες
655 662 858 755 αότοίαόθις
871 675 1089 766 έυεωτέριζου.
1101 697 1126 748 D

125 771 180 843 διὸ
198 772 249 846 οἰ
248 783 394 864 Ρωμαίοι
411 771 490 856 τοός
506 803 542 846 τε
560 777 715 899 πρέσβεις
730 770 835 857 εὐθυς
853 771 1093 865 ἀπεπέμψαντο

122 876 181 945 καί
203 873 335 970 Μάρπςο
355 882 533 971 Φουλουίςο
556 875 619 965 τῆν
637 872 779 970 Ἐλλάδα
803 874 975 949 ἀνέθεντο.
1011 876 1029 948 6
1056 879 1093 950 δὲ

120 979 155 1058 ές
177 971 384 1100 Ἀμβρακίαν
412 974 475 1067 τῆν
504 975 603 1049 πόλιν
627 980 762 1064 πρῶτον
780 975 913 1069 ωρμησε
942 975 1095 1100 μεχάληῆ

119 1069 246 1166 οὖσαν,
265 1067 309 1168 ῆν
326 1076 392 1203 γάρ
409 1105 490 1150 ποτε
507 1085 568 1150 τοῦ
586 1075 727 1170 Πόρρον
750 1086 941 1178 βρρίλειον,
960 1079 1035 1152 τότε
1054 1081 1091 1152 δὲ

79 1204 108 1244 ιο
119 1185 289 1270 κατείχετο
307 1179 390 1272 πρὸς
407 1187 476 1252 τῶν
494 1183 669 1268 Αἰτωλῶν,
686 1181 743 1250 καὶ
763 1179 1008 1272 έπολιόρκετ’
967 1179 1090 1271 αντῆν

119 1271 233 1352 οἰοάν
251 1288 300 1353 Αἰ
286 1284 399 1353 ἰτωλοί
415 1279 499 1373 πρός
516 1277 620 1353 αὐτόν
642 1279 729 1374 ὑπὲρ
748 1279 883 1373 εἰρήνης
892 1284 1092 1412 Ηδιειλέχθη

119 1402 199 1454 σαν·
226 1380 271 1465 ὡς
297 1381 330 1453 6'
355 1381 417 1454 οὐκ
439 1382 586 1474 ἠθέλησε
610 1390 832 1473 σπείσασθαι,
856 1386 955 1474 μέρος
977 1415 1009 1456 τι
1031 1389 1091 1455 τοῦ

119 1488 266 1575 στρατοῦ
285 1487 319 1566 ἐς
342 1484 404 1574 τῆν
424 1482 630 1578 Ἀμβρακίαν
654 1488 868 1576 εἰσέπεμψαν.
905 1513 923 1556 ο
925 1484 1091 1557 immm-

118 1600 213 1676 μαῖοι
245 1583 290 1656 δι’
328 1580 502 1676 όπονόμου
532 1585 620 1670 τινὸς
652 1589 870 1678 ἐπεχείρησαν
899 1585 961 1676 τῆν
992 1585 1092 1660 πόλιν

1 1741 2 1744 ,
78 1709 106 1751 ιο
119 1691 223 1791 ἑλεῖν,
242 1689 298 1757 καί
318 1686 509 1778 ἀνώρυσσον
526 1686 714 1780 πόρρωθεν·
741 1691 797 1760 καί
814 1692 895 1772 τέως
912 1689 975 1778 μέν
994 1687 1092 1761 ἑλόν-

1 1835 2 1838 =
118 1801 232 1860 θανον
245 1788 322 1870 τοὺς
336 1792 652 1914 πολιορκουμένους,
663 1786 801 1863 έπείἰ’“
785 1793 894 1882 οχοάς
906 1789 1089 1916 ῆθροίσθη,

117 1886 336 1980 όπετόπησαν
352 1888 390 1962 τό
407 1889 609 1982 γινόμενον
632 1888 833 2017 ἀγνοοῦντες
854 1889 926 1962 6’‘'
907 1919 973 2017 οπχχ
991 1891 1091 1986 όρόσ-

122 2016 225 2080 σοιτο,
242 1999 370 2084 χαλκῆν
387 1989 515 2064 ἀσπίδα
533 1990 616 2064 πατά
636 1993 694 2064 τόν
713 2001 894 2083 περίβολον
911 1992 994 2082 πρὸς
1008 1989 1090 2064 αὐτὸ

120 2097 260 2164 ἐτίθουν
283 2091 321 2166 τό
347 2091 511 2166 θάπεθον·
553 2097 609 2165 καὶ
635 2091 690 2164 ὄιά
714 2101 773 2182 τῆς
799 2092 881 2184 ῆχῆς
903 2091 963 2165 τόν
986 2092 1192 2170 τόπουΡῙςτε

78 2215 108 2257 2⁰
120 2191 259 2284 γνόντες
272 2197 330 2266 καί
343 2195 437 2267 αότοί
451 2191 669 2286 ἀυτοόρυσσον
682 2199 837 2283 ἔνδοθεν,
856 2195 913 2264 καί
926 2191 1091 2266 πελάσαν-

118 2323 174 2378 τες
200 2311 269 2379 τοῖς
282 2295 452 2387 Ῥωμαίοις
476 2294 582 2388 ῆεσαν
606 2303 652 2380 εἰς
669 2293 775 2387 μάχας
799 2291 957 2389 κρυπτοῖς.
999 2298 1091 2377 τέλος

120 2399 162 2468 δέ
177 2425 210 2467 τι
226 2401 378 2470 τοιοῦτον
396 2394 688 2489 ἀντετεχνήσαντο.
716 2405 822 2478 πίθον
839 2398 946 2488 μέγαν
963 2403 1091 2468 πτίλων

119 2497 359 2591 πληρώσαντες
383 2505 452 2591 πῦρ
471 2503 505 2582 ές
523 2496 626 2572 αὐτὸν
645 2503 785 2590 ἀνῆκαν,
811 2502 868 2571 καί
891 2507 990 2590 πῶμα
1012 2509 1091 2592 χαλ·

118 2604 205 2672 κοόν
228 2595 321 2696 αὐτῷ
338 2608 489 2693 πολλαχῆ
512 2605 714 2694 τετρημένον
741 2605 927 2693 ἐνέθηκαν,
956 2605 1012 2673 καί
1044 2609 1091 2683 εἰς

79 2699 180 2772 ἱστόν
202 2697 374 2793 ὑπόνομον
397 2702 457 2774 τόν
480 2710 586 2774 πίθον
610 2710 805 2793 κομίσαντες
829 2707 885 2774 καὶ
907 2704 991 2794 πρὸς
1013 2703 1091 2786 τούς

119 2809 301 2894 πολεμίους
318 2807 498 2894 τρέψαντες
521 2803 557 2876 τό
576 2804 680 2896 στόμα
703 2805 809 2876 αὐτοῦ
833 2801 1041 2896 ἀκροφύσιόν
1059 2809 1094 2875 οἰ

118 2904 204 2976 κατὰ
220 2902 280 2976 τόν
298 2907 456 2996 πυθμένα
475 2907 646 2995 ἐνέβαλον,
665 2909 721 2978 καί
739 2905 845 3000 τούτῳ
859 2903 970 2994 φύσας
988 2927 1090 2993 προσ-

119 3009 280 3096 φέροντες
297 3017 455 3079 πλεῖστον
472 3009 528 3078 καί
543 3013 689 3100 δυσχερῆ
702 3005 831 3078 καπνὸν
844 3002 900 3076 οἷα
913 3007 949 3075 ἐκ
962 3013 1090 3075 πτίλων

120 3109 279 3198 ἐκθορεῖν
297 3112 445 3198 ἐποίουν,
463 3106 506 3181 ὃν
519 3105 633 3192 οὐδεὶς
646 3113 715 3179 τῶν
727 3105 896 3195 Ῥωμαίων
913 3103 1089 3196 ὑπέμενεν.

80 3227 107 3270 ³0
119 3205 206 3279 ὅθεν
223 3205 425 3298 ἀπογνόντες
444 3215 479 3280 οἰ
496 3205 648 3300 Ῥωμαῖοι
667 3212 861 3280 ἐσπείσαντο
879 3209 936 3278 καὶ
953 3207 1015 3298 τῆν
1032 3235 1091 3280 πο·

191 3439 261 3506 Cap.
278 3443 318 3492 21.
350 3442 448 3493 Dionis
466 3441 609 3495 Historiae
626 3443 769 3494 Romanae
786 3441 856 3492 libri
873 3439 984 3506 perditi.
