2580 3816
465 171 537 226 ιιι.
550 171 624 224 x1v.
644 171 721 224 οιΡ.
735 173 769 238 x.
1027 173 1088 239 287

121 305 276 398 ἀδίκημα.
312 308 397 381 ὅθεν
421 315 593 392 δείσαντες
618 307 670 402 οἷς
699 305 963 405 ἦνπροαίρεσις
988 324 1086 387 πλεο-

1 432 8 439 ”
25 405 26 408 “
119 409 266 498 νεκτική,
278 415 340 480 τοῦ
358 408 489 482 ἀδικεῖν
506 406 748 502 ἀνεστάλησαν,
766 415 824 486 καὶ
841 429 910 496 τοῖς
927 410 1089 506 ἠδικημέ-

119 539 191 594 νοις
217 518 266 592 είς
291 511 473 601 συμβάσεις
498 511 682 604 ἐχάρησαν.
718 519 757 584 αί
777 514 816 585 δὲ
840 515 926 606 πρός
952 517 1123 608 Πέρσαςο

120 613 266 683 σπονδαὶ
285 613 340 682 ἐπὶ
356 613 479 685 τούτου
496 620 558 684 τοῦ
572 619 733 704 βασιλέως
748 616 937 705 ἐλόθησαν·
957 617 1088 708 δασμόν
1174 673 1178 677 -

1 741 8 748 “·
93 712 186 805 εράρ
218 713 391 784 ένιαόσιον
422 721 537 805 λίτρας
567 724 791 800 πεντακοσίας
820 723 889 788 τοῖν
919 717 1089 808 Ῥωμαίων

119 815 286 885 διδόντων
307 813 442 904 αάτοῖς,
466 819 525 886 λνα
546 817 587 886 τά
605 825 723 906 σφίσιν
741 816 915 910 ἀρχίθυρα
932 826 992 908 τῆς
1005 817 1087 890 Ῥω·
1146 855 1149 861 ·

66 921 241 1006 μαϊκης
264 913 445 1006 ἡγεμονίας
468 915 600 1013 ἀβλαβῆ
618 915 860 1008 φυλάσσονται
883 920 1086 1021 φροόρια,ὁ

114 1015 296 1099 ’λουστϊνος
313 1011 413 1100 οότος
427 1021 657 1102 ἐπονείδιστον
674 1018 808 1090 εἶναι
772 1048 810 1091 το
825 1031 1088 1112 φορολογείσθαι

1 1152 2 1155 “
118 1117 210 1218 παρά
230 1125 375 1210 Περσῶν
393 1117 577 1210 Ῥωμαίους
601 1123 721 1210 λέγων,
742 1123 915 1211 ἐπέσχετο
935 1129 1086 1214 χρυσίον.

79 1251 106 1292 10
119 1215 466 1312 διαπρεσβευσάμενος
489 1221 528 1292 δέ
551 1221 637 1312 πρός
659 1219 866 1314 Ἀρέθαν
830 1251 890 1294 τον
909 1224 1088 1296 Αἰθιόπων

118 1323 255 1410 βασιλέα
273 1327 407 1393 ἔπεισεν
430 1321 537 1394 αὐτόν
560 1322 601 1394 τά
619 1323 842 1412 πλησιάζοντα
861 1339 929 1407 τοῖς
943 1331 1088 1408 Αίθλοψι

118 1429 179 1511 τῆς
202 1429 273 1493 τῶν
290 1430 437 1514 Περσῶν
463 1427 671 1515 ἐπικρατείας
689 1430 917 1518 καταδραμεῖν
934 1427 992 1499 καὶ
1009 1433 1086 1514 ληί-

119 1533 259 1594 σασθαι·
285 1524 336 1594 διό
362 1526 420 1594 καλ
446 1518 546 1608 αὖθις
563 1527 667 1615 μέσον
683 1533 830 1618 Περσων
846 1528 904 1597 καὶ
917 1525 1088 1618 Ῥωμαίων

119 1623 335 1716 ἀνερρίπιστο
359 1625 513 1716 πόλεμος.
549 1625 739 1718 στρατηγόν
763 1620 828 1698 οὖν
845 1635 904 1718 τῆς
922 1626 1087 1718 ἀνατολῆς

81 1755 107 1796 ιε
121 1724 139 1796 6
158 1727 316 1814 βασιλεάς
334 1725 392 1797 τόν
409 1735 584 1819 πατρίκιον
597 1737 776 1819 Μαρτῑνον
794 1729 1087 1821 προχειρισάμενος

119 1835 247 1917 ἔπεμψε
263 1825 337 1898 κατ’
364 1825 491 1917 αὐτόν,
514 1830 572 1899 καὶ
597 1836 645 1922 τῷ
662 1829 808 1925 τετάρτῳ
826 1837 893 1901 ἔτει
909 1835 968 1920 τῆς
985 1837 1119 1918 βασι-ι)

1 1967 2 1992 ;
119 1935 211 2012 λείας
235 1927 343 2000 αὐτοῦ
369 1931 514 2018 συνέστη
537 1928 692 2020 πόλεμος,
716 1932 773 2000 καί
796 1933 916 2002 πολλοὶ
939 1932 1002 2022 μὲν
1020 1929 1087 2022 ἀμ-

1 2026 9 2114 ἷ,
119 2031 317 2124 φοτέρωθεν
340 2037 475 2120 ἔπεσον,
497 2036 616 2102 νικάσι
639 2029 671 2101 δ’
698 2029 790 2120 ὅμως
809 2031 975 2122 Ῥωμαῖοι.
1011 2027 1029 2102 6
1050 2032 1088 2102 δὲ

4 2171 12 2226 3
119 2137 188 2204 τῶν
207 2137 357 2223 Περσῶν
373 2138 507 2222 κρατεῖν
526 2131 705 2222 Ὁρμίσδας
727 2127 943 2222 Ἀρδαμάνην
960 2139 1088 2220 ἔπεμψε

9 2287 14 2307 ε
79 2263 106 2304 ιο
119 2232 200 2323 μετά
224 2240 362 2324 βαρείας
378 2233 572 2322 δυνάμεως
595 2233 636 2302 τά
659 2231 728 2303 ἀπό
756 2231 938 2322 Ῥωμαίους
969 2238 1087 2320 ληίσα-

9 2383 15 2430 5
119 2343 216 2404 σθαι·
257 2331 300 2417 ὃς
325 2333 455 2424 πολλὴν
486 2333 641 2404 ἐπελθόν
670 2334 785 2425 χάραν
811 2327 996 2422 Ῥωμαϊκὴν
1030 2335 1087 2402 καί

119 2442 215 2506 λείαν
239 2434 399 2525 πλείστην
423 2439 456 2518 ἐξ
481 2433 585 2524 αὐτῆς
608 2434 787 2527 ἡρπακώς,
813 2437 1001 2524 ἐπανῆλθε,
1025 2440 1087 2504 τοῦ

120 2545 298 2627 πατρικίου
322 2537 502 2626 Μαρτίνου
526 2535 572 2626 μή
589 2537 818 2627 τολμήσαντος
842 2533 935 2628 αὐτῷ
961 2535 1086 2606 ἀντεπ-

121 2641 283 2720 εξελθεῑν.
318 2637 340 2710 ἀ
362 2637 486 2730 μαθων
509 2636 527 2708 6
550 2637 708 2727 βασιλεδς
733 2641 769 2718 ἐν
794 2643 953 2730 συμφορᾷ
972 2635 1086 2726 ἐποιή-

81 2765 107 2806 εε
122 2759 215 2826 σατο,
239 2739 296 2807 καὶ
319 2739 381 2810 τόν
403 2739 467 2829 μέν
486 2739 746 2829 Μαριίνοντην
763 2747 971 2830 στρατηγίαν
987 2738 1088 2826 ἀφεί-
1167 2787 1170 2792 -

121 2847 210 2926 λετο,
224 2833 391 2933 Ἀρχελάῳ
409 2836 574 2929 δέαάτήν
592 2843 818 2927 ἐνεπίστευσε,
837 2841 894 2908 καί
911 2836 995 2928 πρός
1009 2835 1087 2928 Ὁρ-

120 2945 247 3030 μίσδαν
273 2937 422 3022 σπονδάς
448 2947 544 3012 έθετο
569 2933 681 3032 αὖθις.
718 2943 755 3009 ἐκ
773 2939 811 3010 δέ
833 2945 892 3028 τῆς
910 2938 964 3008 διά
982 2945 1089 3008 ταῦτα

34 3051 38 3056 ’
119 3041 229 3130 λάπης
249 3041 341 3136 νόσμ
366 3048 531 3168 φρενίτιδι
552 3043 823 3133 περιπέπτωκεν,
845 3037 941 3170 ηλγει
967 3040 1004 3109 δὲ
1024 3039 1190 3108 καίΡΠτε

120 3143 201 3267 τρός
225 3143 342 3224 πόδας.
390 3141 541 3233 ἀμοιρων
565 3145 680 3233 μέντοι
702 3170 805 3230 γονης
830 3147 972 3228 οἰκείας,
997 3119 1122 3263 έροθηΑ

67 3271 108 3314 «ω
122 3243 182 3314 τόν
207 3245 334 3335 κόμητα
358 3251 426 3315 τόν
451 3247 652 3333 ἐξκουβίτων
676 3244 829 3334 Τιβέριον
847 3241 1084 3330 νίοποιησάμε-

121 3373 180 3438 νος
203 3347 260 3416 καί
278 3343 478 3438 Καίσαρα’
459 3346 615 3417 ανειπόν.
664 3344 800 3426 ἀνεθεὶς
823 3345 862 3414 δε
888 3371 947 3432 της
970 3343 1088 3430 νόσου,

121 3449 388 3538 προσεκαλέσατο
412 3445 473 3518 τόν
497 3447 703 3539 πατριάρχ-ηυ
723 3442 905 3536 Εότόχιον,
923 3444 1088 3526 θανόντος
