2586 3800
471 151 748 205 Llss.x1.cAP.X.
1052 151 1092 215 31
1160 119 1162 127 ⁴

13 289 17 292 ’
126 288 340 377 ἀπέκτεινεν,
359 283 471 360 οὐκέτ’
491 287 577 379 αὐτῇ
595 292 788 378 ἐπίστευον,
807 294 863 361 καὶ
882 293 1095 381 ἐρημωθεῖσα

125 397 184 480 τῆς
207 387 291 480 παρ’
318 388 429 462 αύτών
454 387 586 472 εὐνοίας
612 389 752 481 έφθάρη.
802 391 861 462 τὸν
886 391 950 482 γάρ
974 400 1095 464 Σίλιον

125 493 186 564 τδυ
209 491 315 564 Ῑάιον
338 492 396 562 τὸν
419 497 478 562 τοῦ
502 498 623 563 Σιλίον
645 497 710 562 τού
731 488 797 564 ύπδ
819 500 984 584 Τιβερίου
1007 519 1093 583 σφα·

125 596 240 683 γέντος
258 593 337 664 νίὸν
354 590 462 684 ἀνδρα
480 591 705 684 ἐπεγράψατο,
733 596 789 664 καί
815 593 891 676 τούς
913 623 949 666 τε
966 594 1093 686 γάμους

1 731 2 794 ]
99 697 315 777 επολυτελώς
339 699 484 766 είστίασε
507 697 564 764 καί
587 701 698 766 οίκίαν
716 691 806 790 αύτῷ
824 695 1002 785 βασιλικὴν
1020 699 1092 788 έχοι·

126 803 259 884 ρίσατο,
283 793 392 867 πάντα
415 795 455 868 τά
476 795 654 886 τιμιώτατα
670 801 739 868 τῶν
756 801 815 868 τού
832 803 1009 871 Κλαυδίου
1026 827 1091 870 κει-

126 903 258 986 μηλίων
274 895 520 989 συμφορήσασα
538 905 585 978 εἰς
603 893 726 986 αύτήν·
747 901 822 970 ’καί
848 900 941 981 τέλος
962 898 1125 971 ὕπατονο

126 995 231 1070 αύτδν
254 994 414 1088 ἀπέφηνε.
459 1002 563 1069 ταῦτα
589 1002 674 1087 δῆλα
697 1015 765 1080 τοῖς
787 997 901 1082 ἀλλοις
925 998 1006 1072 ὄντα
1032 1001 1091 1071 τὸν

124 1097 299 1172 Κλαύδιον
322 1098 520 1174 έλάνθανεν.
556 1098 809 1190 ἀποδημήσαντι
833 1103 874 1172 δέ
894 1127 973 1172 ποτε
1001 1103 1090 1195 αὐτῷ

83 1239 110 1278 10
124 1203 181 1271 καί
205 1203 394 1290 μονωθέντι
417 1199 434 1272 ὁ
453 1199 643 1291 Νάρκισσος
668 1199 789 1290 μηνύει
814 1200 923 1272 πάντα
951 1201 1006 1276 διὰ
1023 1210 1092 1274 τών

124 1310 305 1374 παλλακῶν
331 1300 370 1373 ιά
393 1300 563 1393 γινόμενα,
616 1299 699 1374 ὅθεν
724 1310 771 1385 είς
795 1301 856 1392 τὴν
879 1301 1006 1394 Ῥώμην
1028 1325 1193 1379 vowsslssb

115 1405 296 1494 ’ἐπανῆλθε
318 1406 374 1474 καὶ
398 1401 520 1487 ἀλλους
543 1431 580 1475 τε
602 1405 746 1486 πολλούς
768 1407 826 1478 ,καὶ
849 1401 908 1476 τόν
925 1402 1091 1497 ὀρχηστὴν

121 1503 183 1576 τὸν
200 1511 389 1597 Μνηστῆρα
408 1504 580 1595 ἐφόνευσε,
599 1507 655 1576 καὶ
679 1505 761 1596 μετὰ
785 1510 882 1578 τούτο
905 1509 959 1577 καὶ
985 1506 1091 1596 αὐτὴν

120 1607 186 1695 ’τὴν
207 1617 425 1678 Μεσσαλῖναν
442 1605 643 1696 ἀπέσφαξεν.

83 1741 110 1784 15
195 1706 343 1799 Ἐκείνης
362 1705 394 1778 δ’
413 1704 501 1780 οὕτω
520 1715 766 1798 διαφθαρείσης
783 1707 845 1797 τὴν
867 1709 1091 1800 Ἀγριππῖναν

122 1807 186 1898 τὴν
202 1807 392 1900 ἀδελφιδῆν
410 1818 512 1900 ἔγημε
530 1809 664 1900 σπουδῇ
679 1813 748 1882 τών
765 1806 1015 1902 ἀπελευθέρων,
1038 1808 1090 1882 ὅτι

122 1909 182 1981 τδν
199 1919 361 2001 Δομίτιον
379 1914 411 1994 ές
429 1908 621 2002 προσήβους
637 1907 703 2000 ἥδη
721 1917 879 1982 τελοῦντα
897 1911 987 2002 εἶχεν
999 1911 1089 2001 υίόν,

122 2009 213 2095 ὅπως
236 2019 381 2104 ἔφεδρον
404 2009 507 2084 αύτὸν
532 2013 586 2082 ἐπὶ
610 2019 650 2103 τῇ
673 2010 759 2102 ἀργῇ
781 2014 958 2101 τρέφοντες
982 2014 1090 2102 μηδὲν

121 2109 189 2184 ὑπὸ
207 2118 268 2185 τοῦ
286 2120 507 2205 Βρεττανικοῦ
526 2114 638 2184 δεινὸν
655 2110 826 2200 πάθωσιν,
844 2110 888 2192 ἀς
906 2110 967 2200 τὴν
985 2110 1089 2182 αὐτοῦ

83 2247 109 2288 εο
122 2217 248 2307 μητέρα
282 2213 343 2305 την
373 2223 596 2288 Μεσσαλῖναν
629 2209 852 2306 ἀναιρεθῆναι
882 2209 1087 2301 ποιήσαντες.

124 2319 329 2408 δεδογμένου
348 2317 386 2388 δέ
402 2314 468 2406 ἤδη
486 2319 547 2388 τού
564 2315 693 2406 γάμου,
719 2321 889 2396 δείσαντες
905 2313 964 2384 τὸν
982 2323 1123 2386 Σιλα-Ι)

122 2416 183 2490 νδν
200 2411 267 2490 ὑπὸ
284 2423 343 2490 τού
357 2425 532 2490 Κλαυδίου
549 2415 736 2507 τιμώμενον
754 2413 798 2498 ώς
816 2411 926 2507 ἀνδρα
944 2413 1088 2505 ἀγαθόν,

121 2518 190 2610 ἀμα
213 2521 251 2590 δὲ
273 2523 329 2591 καὶ
351 2517 413 2609 τὴν
432 2518 630 2592 Ὀκταουίαν
652 2515 714 2608 την
731 2519 903 2607 θυγατέρα
920 2514 1026 2588 αὐτού
1042 2521 1090 2612 τῷ

5 2703 6 2706 ¹
122 2625 181 2710 τῆς
195 2619 412 2711 Ἀγριππίνης
430 2625 495 2716 υίῷ
512 2623 557 2715 τῷ
571 2627 720 2714 Δομιτίῳ
734 2617 978 2712 προμνώμενον,
997 2623 1089 2708 έγγε-

82 2751 108 2794 νε
121 2725 294 2813 γυημένην
316 2729 363 2817 τῷ
388 2729 541 2817 Σιλανῷ,
572 2728 731 2793 πείθουσι
749 2720 816 2792 τὸν
839 2719 1012 2794 Κλαύδιον
1043 2716 1087 2801 ώς

6 2817 8 2822 ’
122 2822 385 2914 έπιβουλεύοντά
397 2830 433 2895 οί
442 2823 502 2894 τδν
515 2820 663 2894 Σιλανὸν
676 2819 878 2893 ἀποκτεῖναι.
905 2824 1089 2910 γενομένου

123 2927 160 2996 δὲ
184 2924 304 2998 τούτου
327 2926 447 3014 λόγους
471 2929 509 2997 ἐν
531 2931 572 3018 τῇ
596 2928 702 3013 βουλῇ
727 2915 745 2992 δ
768 2919 959 3002 Οὐιτέλλιος
979 2918 1088 3007 ἐποιή-

122 3047 202 3097 σατο
226 3025 284 3098 -ὅτι
314 3029 478 3118 συμφέρει
500 3030 545 3120 τῷ
570 3027 674 3118 κοινῷ
695 3027 798 3112 γῆμαι
822 3018 880 3092 τδν
903 3021 1087 3092 Κλαύδιον.

121 3129 178 3200 καὶ
196 3127 257 3218 τὴν
279 3126 502 3218 Ἀγριππῖνον
520 3131 712 3216 ἐπιτηδείαν
730 3130 778 3206 είς
794 3128 891 3194 τοῦτο
909 3115 1088 3213 ἀπέφαινε,

82 3257 108 3299 ω
122 3231 179 3301 καὶ
197 3227 380 3317 βιάσασθαι
398 3237 515 3320 σφίσιν
533 3225 635 3300 αὐτὸν
654 3228 709 3297 ἐπὶ
725 3223 784 3297 τὸν
801 3222 908 3332 γάμον
925 3221 1088 3312 συνεβού-

192 3397 224 3447 15
239 3386 370 3462 Ἐκείνης
388 3422 421 3432 -
439 3398 466 3461 μ.
485 3393 526 3460 32,
545 3396 562 3445 4
580 3386 749 3460 ἐκεκώλυτο]
768 3393 873 3446 Horum
885 3389 1001 3456 plurima
1015 3387 1088 3440 desi·

121 3463 254 3514 derantur
272 3464 344 3529 apud
362 3463 486 3514 Dionem.
