<?xml version="1.0" encoding="UTF-8"?>
<!DOCTYPE html PUBLIC "-//W3C//DTD XHTML 1.0 Transitional//EN"
    "http://www.w3.org/TR/xhtml1/DTD/xhtml1-transitional.dtd">
<html xmlns="http://www.w3.org/1999/xhtml" xml:lang="en" lang="en">
 <head>
  <title>
</title>
<meta http-equiv="Content-Type" content="text/html;charset=utf-8" />
  <meta name='ocr-system' content='tesseract 3.04.00' />
  <meta name='ocr-capabilities' content='ocr_page ocr_carea ocr_par ocr_line ocrx_word'/>
</head>
<body>
  <div class='ocr_page' id='page_1' title='image "./iannoutouznapae01canggoog_0699.png"; bbox 0 0 2566 3800; ppageno 0'>
   <div class='ocr_carea' id='block_1_1' title="bbox 168 145 833 212">
    <p class='ocr_par' dir='ltr' id='par_1_1' title="bbox 168 145 833 212">
     <span class='ocr_line' id='line_1_1' title="bbox 168 145 833 212; baseline -0.023 1"><span class='ocrx_word' id='word_1_1' title='bbox 168 147 233 212; x_wconf 79' lang='lat'><strong><em>214</em></strong></span> <span class='ocrx_word' id='word_1_2' title='bbox 470 149 541 202; x_wconf 52' lang='lat' dir='ltr'>111ss.</span> <span class='ocrx_word' id='word_1_3' title='bbox 560 147 638 202; x_wconf 84' lang='lat' dir='ltr'><strong><em>xm.</em></strong></span> <span class='ocrx_word' id='word_1_4' title='bbox 658 146 737 202; x_wconf 74' lang='grc' dir='ltr'><strong><em>σεε.</em></strong></span> <span class='ocrx_word' id='word_1_5' title='bbox 756 145 833 200; x_wconf 88' lang='lat' dir='ltr'>x111.</span> 
     </span>
    </p>
   </div>
   <div class='ocr_carea' id='block_1_2' title="bbox 135 280 1272 1900">
    <p class='ocr_par' dir='ltr' id='par_1_2' title="bbox 168 280 1262 380">
     <span class='ocr_line' id='line_1_2' title="bbox 168 280 1262 380; baseline -0.002 -20"><span class='ocrx_word' id='word_1_6' title='bbox 168 295 230 360; x_wconf 89' lang='grc' dir='ltr'><strong><em>τοῦ</em></strong></span> <span class='ocrx_word' id='word_1_7' title='bbox 255 287 501 380; x_wconf 75' lang='grc' dir='ltr'><strong><em>στρατεύματος</em></strong></span> <span class='ocrx_word' id='word_1_8' title='bbox 525 285 564 358; x_wconf 86' lang='grc' dir='ltr'><strong><em>τό</em></strong></span> <span class='ocrx_word' id='word_1_9' title='bbox 590 287 694 358; x_wconf 93' lang='grc' dir='ltr'><strong><em>πλέον</em></strong></span> <span class='ocrx_word' id='word_1_10' title='bbox 712 285 874 358; x_wconf 85' lang='grc' dir='ltr'><strong><em>ἀπόλετο.</em></strong></span> <span class='ocrx_word' id='word_1_11' title='bbox 909 292 945 358; x_wconf 85' lang='grc' dir='ltr'><strong><em>ολ</em></strong></span> <span class='ocrx_word' id='word_1_12' title='bbox 960 287 1025 378; x_wconf 90' lang='grc' dir='ltr'><strong><em>γάρ</em></strong></span> <span class='ocrx_word' id='word_1_13' title='bbox 1045 289 1140 380; x_wconf 81' lang='grc' dir='ltr'><strong><em>Πὲρ-</em></strong></span> <span class='ocrx_word' id='word_1_14' title='bbox 1256 280 1262 293; x_wconf 74' lang='grc'><strong>’</strong></span> 
     </span>
    </p>

    <p class='ocr_par' dir='ltr' id='par_1_3' title="bbox 170 387 1265 479">
     <span class='ocr_line' id='line_1_3' title="bbox 170 387 1265 479; baseline 0 -18"><span class='ocrx_word' id='word_1_15' title='bbox 170 411 227 461; x_wconf 92' lang='grc' dir='ltr'><strong><em>σαι</em></strong></span> <span class='ocrx_word' id='word_1_16' title='bbox 250 387 459 478; x_wconf 74' lang='grc' dir='ltr'><strong><em>ἀπογνόντες</em></strong></span> <span class='ocrx_word' id='word_1_17' title='bbox 481 390 540 460; x_wconf 84' lang='grc' dir='ltr'><strong><em>καλ</em></strong></span> <span class='ocrx_word' id='word_1_18' title='bbox 562 394 611 470; x_wconf 84' lang='grc' dir='ltr'><strong><em>εἰς</em></strong></span> <span class='ocrx_word' id='word_1_19' title='bbox 636 387 784 479; x_wconf 75' lang='grc' dir='ltr'><strong><em>ὄλεθρον</em></strong></span> <span class='ocrx_word' id='word_1_20' title='bbox 811 388 953 472; x_wconf 84' lang='grc' dir='ltr'><strong><em>ἑαυτούς</em></strong></span> <span class='ocrx_word' id='word_1_21' title='bbox 978 395 1140 461; x_wconf 72' lang='grc' dir='ltr'><strong><em>ελσωθελν</em></strong></span> <span class='ocrx_word' id='word_1_22' title='bbox 1259 437 1265 461; x_wconf 86' lang='lat'><strong><em>·.</em></strong></span> 
     </span>
    </p>

    <p class='ocr_par' dir='ltr' id='par_1_4' title="bbox 170 480 1272 584">
     <span class='ocr_line' id='line_1_4' title="bbox 170 480 1272 584; baseline -0.001 -21"><span class='ocrx_word' id='word_1_23' title='bbox 170 497 328 584; x_wconf 84' lang='grc' dir='ltr'><strong><em>προφανή</em></strong></span> <span class='ocrx_word' id='word_1_24' title='bbox 355 489 596 580; x_wconf 74' lang='grc' dir='ltr'><strong><em>ἐβουλεύοντο,</em></strong></span> <span class='ocrx_word' id='word_1_25' title='bbox 623 495 681 561; x_wconf 78' lang='grc' dir='ltr'><strong><em>ἵνα</em></strong></span> <span class='ocrx_word' id='word_1_26' title='bbox 702 517 734 560; x_wconf 89' lang='grc' dir='ltr'><strong><em>τι</em></strong></span> <span class='ocrx_word' id='word_1_27' title='bbox 758 490 1029 582; x_wconf 78' lang='grc' dir='ltr'><strong><em>κατεργάσωνται</em></strong></span> <span class='ocrx_word' id='word_1_28' title='bbox 1057 491 1141 575; x_wconf 87' lang='grc' dir='ltr'><strong><em>τούς</em></strong></span> <span class='ocrx_word' id='word_1_29' title='bbox 1260 480 1272 509; x_wconf 56' lang='lat'><strong><em>⁹</em></strong></span> 
     </span>
    </p>

    <p class='ocr_par' dir='ltr' id='par_1_5' title="bbox 166 590 1140 684">
     <span class='ocr_line' id='line_1_5' title="bbox 166 590 1140 684; baseline -0.002 -20"><span class='ocrx_word' id='word_1_30' title='bbox 166 592 349 684; x_wconf 86' lang='grc' dir='ltr'><strong><em>Ῥωμαίους</em></strong></span> <span class='ocrx_word' id='word_1_31' title='bbox 367 592 489 666; x_wconf 89' lang='grc' dir='ltr'><strong><em>δεινόν.</em></strong></span> <span class='ocrx_word' id='word_1_32' title='bbox 524 591 590 662; x_wconf 90' lang='grc' dir='ltr'><strong><em>δύο</em></strong></span> <span class='ocrx_word' id='word_1_33' title='bbox 611 598 700 680; x_wconf 90' lang='grc' dir='ltr'><strong><em>γοῦν</em></strong></span> <span class='ocrx_word' id='word_1_34' title='bbox 724 594 763 662; x_wconf 92' lang='grc' dir='ltr'><strong><em>ἐν</em></strong></span> <span class='ocrx_word' id='word_1_35' title='bbox 783 591 924 682; x_wconf 81' lang='grc' dir='ltr'><strong><em>σχήματι</em></strong></span> <span class='ocrx_word' id='word_1_36' title='bbox 941 590 1140 684; x_wconf 72' lang='grc' dir='ltr'><strong><em>αὐτομόλων</em></strong></span> 
     </span>
    </p>

    <p class='ocr_par' dir='ltr' id='par_1_6' title="bbox 168 692 1167 789">
     <span class='ocr_line' id='line_1_6' title="bbox 168 692 1167 789; baseline 0.001 -25"><span class='ocrx_word' id='word_1_37' title='bbox 168 700 217 788; x_wconf 77' lang='grc' dir='ltr'><strong><em>τῷ</em></strong></span> <span class='ocrx_word' id='word_1_38' title='bbox 242 703 377 784; x_wconf 77' lang='grc' dir='ltr'><strong><em>βασιλεῖ</em></strong></span> <span class='ocrx_word' id='word_1_39' title='bbox 397 693 677 786; x_wconf 87' lang='grc' dir='ltr'><strong><em>προσερρύησαν,</em></strong></span> <span class='ocrx_word' id='word_1_40' title='bbox 707 693 767 764; x_wconf 79' lang='grc' dir='ltr'><strong><em>καὶ</em></strong></span> <span class='ocrx_word' id='word_1_41' title='bbox 794 699 895 783; x_wconf 88' lang='grc' dir='ltr'><strong><em>νίκην</em></strong></span> <span class='ocrx_word' id='word_1_42' title='bbox 925 692 1021 789; x_wconf 72' lang='grc' dir='ltr'><strong><em>αύτῷ</em></strong></span> <span class='ocrx_word' id='word_1_43' title='bbox 1051 695 1167 765; x_wconf 74' lang='grc' dir='ltr'><strong><em>ιιατά5</em></strong></span> 
     </span>
    </p>

    <p class='ocr_par' dir='ltr' id='par_1_7' title="bbox 169 792 1140 888">
     <span class='ocr_line' id='line_1_7' title="bbox 169 792 1140 888; baseline -0.002 -20"><span class='ocrx_word' id='word_1_44' title='bbox 169 801 328 888; x_wconf 83' lang='grc' dir='ltr'><strong><em>Περσῦν,</em></strong></span> <span class='ocrx_word' id='word_1_45' title='bbox 347 801 379 867; x_wconf 83' lang='grc' dir='ltr'><strong><em>εί</em></strong></span> <span class='ocrx_word' id='word_1_46' title='bbox 394 799 507 867; x_wconf 77' lang='grc' dir='ltr'><strong><em>ἕποιτο</em></strong></span> <span class='ocrx_word' id='word_1_47' title='bbox 526 792 655 883; x_wconf 83' lang='grc' dir='ltr'><strong><em>αύτολς,</em></strong></span> <span class='ocrx_word' id='word_1_48' title='bbox 674 796 928 885; x_wconf 77' lang='grc' dir='ltr'><strong><em>ἐπηγγέλλοντο.</em></strong></span> <span class='ocrx_word' id='word_1_49' title='bbox 957 798 1052 866; x_wconf 84' lang='grc' dir='ltr'><strong><em>ἐάσαι</em></strong></span> <span class='ocrx_word' id='word_1_50' title='bbox 1069 795 1140 888; x_wconf 81' lang='grc' dir='ltr'><strong><em>γάρ</em></strong></span> 
     </span>
    </p>

    <p class='ocr_par' dir='ltr' id='par_1_8' title="bbox 169 892 1142 992">
     <span class='ocr_line' id='line_1_8' title="bbox 169 892 1142 992; baseline 0.001 -24"><span class='ocrx_word' id='word_1_51' title='bbox 169 897 230 968; x_wconf 88' lang='grc' dir='ltr'><strong><em>τόν</em></strong></span> <span class='ocrx_word' id='word_1_52' title='bbox 254 897 406 988; x_wconf 85' lang='grc' dir='ltr'><strong><em>ποταμόν</em></strong></span> <span class='ocrx_word' id='word_1_53' title='bbox 430 892 526 992; x_wconf 73' lang='grc' dir='ltr'><strong><em>αύτῷ</em></strong></span> <span class='ocrx_word' id='word_1_54' title='bbox 550 895 804 986; x_wconf 81' lang='grc' dir='ltr'><strong><em>συνεβούλευον</em></strong></span> <span class='ocrx_word' id='word_1_55' title='bbox 827 898 884 966; x_wconf 83' lang='grc' dir='ltr'><strong><em>καὶ</em></strong></span> <span class='ocrx_word' id='word_1_56' title='bbox 909 895 969 980; x_wconf 86' lang='grc' dir='ltr'><strong><em>τάς</em></strong></span> <span class='ocrx_word' id='word_1_57' title='bbox 992 896 1142 989; x_wconf 76' lang='grc' dir='ltr'><strong><em>τριήρεις</em></strong></span> 
     </span>
    </p>

    <p class='ocr_par' dir='ltr' id='par_1_9' title="bbox 169 995 1141 1090">
     <span class='ocr_line' id='line_1_9' title="bbox 169 995 1141 1090; baseline -0.001 -21"><span class='ocrx_word' id='word_1_58' title='bbox 169 997 209 1082; x_wconf 84' lang='grc' dir='ltr'><strong><em>ἀς</em></strong></span> <span class='ocrx_word' id='word_1_59' title='bbox 233 998 374 1088; x_wconf 75' lang='grc' dir='ltr'><strong><em>ἐπήγετο</em></strong></span> <span class='ocrx_word' id='word_1_60' title='bbox 396 1005 605 1072; x_wconf 89' lang='grc' dir='ltr'><strong><em>κατακαῦσαι</em></strong></span> <span class='ocrx_word' id='word_1_61' title='bbox 626 999 684 1068; x_wconf 77' lang='grc' dir='ltr'><strong><em>καὶ</em></strong></span> <span class='ocrx_word' id='word_1_62' title='bbox 705 997 747 1068; x_wconf 84' lang='grc' dir='ltr'><strong><em>τά</em></strong></span> <span class='ocrx_word' id='word_1_63' title='bbox 765 995 854 1068; x_wconf 89' lang='grc' dir='ltr'><strong><em>ἀλλα</em></strong></span> <span class='ocrx_word' id='word_1_64' title='bbox 871 1007 974 1071; x_wconf 76' lang='grc' dir='ltr'><strong><em>πλοῖα</em></strong></span> <span class='ocrx_word' id='word_1_65' title='bbox 986 997 1031 1077; x_wconf 88' lang='grc' dir='ltr'><strong><em>Ιτά</em></strong></span> <span class='ocrx_word' id='word_1_66' title='bbox 1048 1026 1141 1090; x_wconf 80' lang='grc' dir='ltr'><strong><em>φορ-</em></strong></span> 
     </span>
    </p>

    <p class='ocr_par' dir='ltr' id='par_1_10' title="bbox 171 1098 1141 1190">
     <span class='ocr_line' id='line_1_10' title="bbox 171 1098 1141 1190; baseline 0 -20"><span class='ocrx_word' id='word_1_67' title='bbox 171 1100 272 1190; x_wconf 86' lang='grc' dir='ltr'><strong><em>τηγά,</em></strong></span> <span class='ocrx_word' id='word_1_68' title='bbox 296 1106 354 1172; x_wconf 78' lang='grc' dir='ltr'><strong><em>ἵνα</em></strong></span> <span class='ocrx_word' id='word_1_69' title='bbox 377 1098 424 1190; x_wconf 85' lang='grc' dir='ltr'><strong><em>μή</em></strong></span> <span class='ocrx_word' id='word_1_70' title='bbox 441 1100 572 1182; x_wconf 81' lang='grc' dir='ltr'><strong><em>τούτοις</em></strong></span> <span class='ocrx_word' id='word_1_71' title='bbox 589 1105 625 1170; x_wconf 85' lang='grc' dir='ltr'><strong><em>ολ</em></strong></span> <span class='ocrx_word' id='word_1_72' title='bbox 639 1101 789 1188; x_wconf 87' lang='grc' dir='ltr'><strong><em>πολέμωι</em></strong></span> <span class='ocrx_word' id='word_1_73' title='bbox 805 1099 997 1190; x_wconf 80' lang='grc' dir='ltr'><strong><em>χρήσαιντο,</em></strong></span> <span class='ocrx_word' id='word_1_74' title='bbox 1022 1098 1141 1171; x_wconf 75' lang='grc' dir='ltr'><strong><em>αὐτόν</em></strong></span> 
     </span>
    </p>

    <p class='ocr_par' dir='ltr' id='par_1_11' title="bbox 135 1199 1182 1396">
     <span class='ocr_line' id='line_1_11' title="bbox 170 1199 1182 1294; baseline 0 -22"><span class='ocrx_word' id='word_1_75' title='bbox 170 1201 203 1272; x_wconf 87' lang='grc' dir='ltr'><strong><em>δ’</em></strong></span> <span class='ocrx_word' id='word_1_76' title='bbox 229 1199 431 1294; x_wconf 77' lang='grc' dir='ltr'><strong><em>ἡγουμένων</em></strong></span> <span class='ocrx_word' id='word_1_77' title='bbox 454 1200 500 1272; x_wconf 85' lang='grc' dir='ltr'><strong><em>δι’</em></strong></span> <span class='ocrx_word' id='word_1_78' title='bbox 527 1203 650 1294; x_wconf 86' lang='grc' dir='ltr'><strong><em>ἐτέρων</em></strong></span> <span class='ocrx_word' id='word_1_79' title='bbox 667 1199 760 1272; x_wconf 73' lang='grc' dir='ltr'><strong><em>όδοῖν</em></strong></span> <span class='ocrx_word' id='word_1_80' title='bbox 777 1206 954 1290; x_wconf 73' lang='grc' dir='ltr'><strong><em>διαγαγεῖν</em></strong></span> <span class='ocrx_word' id='word_1_81' title='bbox 971 1201 1013 1274; x_wconf 86' lang='grc' dir='ltr'><strong><em>τά</em></strong></span> <span class='ocrx_word' id='word_1_82' title='bbox 1031 1221 1182 1292; x_wconf 63' lang='lat' dir='ltr'><strong><em>erpa-1⁰</em></strong></span> 
     </span>
     <span class='ocr_line' id='line_1_12' title="bbox 135 1297 1141 1396; baseline 0.003 -24"><span class='ocrx_word' id='word_1_83' title='bbox 135 1303 336 1394; x_wconf 71' lang='grc' dir='ltr'><strong><em>ῃτεύματα,</em></strong></span> <span class='ocrx_word' id='word_1_84' title='bbox 360 1303 549 1386; x_wconf 71' lang='grc' dir='ltr'><strong><em>ἀκινδύνως</em></strong></span> <span class='ocrx_word' id='word_1_85' title='bbox 569 1331 606 1374; x_wconf 87' lang='grc' dir='ltr'><strong><em>τε</em></strong></span> <span class='ocrx_word' id='word_1_86' title='bbox 628 1303 686 1372; x_wconf 81' lang='grc' dir='ltr'><strong><em>καὶ</em></strong></span> <span class='ocrx_word' id='word_1_87' title='bbox 703 1297 890 1391; x_wconf 68' lang='grc' dir='ltr'><strong><em>διίόλίγου</em></strong></span> <span class='ocrx_word' id='word_1_88' title='bbox 908 1302 949 1373; x_wconf 88' lang='grc' dir='ltr'><strong><em>τά</em></strong></span> <span class='ocrx_word' id='word_1_89' title='bbox 966 1307 1026 1393; x_wconf 87' lang='grc' dir='ltr'><strong><em>τής</em></strong></span> <span class='ocrx_word' id='word_1_90' title='bbox 1044 1313 1141 1396; x_wconf 90' lang='grc' dir='ltr'><strong><em>Περ-</em></strong></span> 
     </span>
    </p>

    <p class='ocr_par' dir='ltr' id='par_1_12' title="bbox 170 1403 1142 1496">
     <span class='ocr_line' id='line_1_13' title="bbox 170 1403 1142 1496; baseline -0.002 -20"><span class='ocrx_word' id='word_1_91' title='bbox 170 1411 266 1488; x_wconf 85' lang='grc' dir='ltr'><strong><em>σίδος</em></strong></span> <span class='ocrx_word' id='word_1_92' title='bbox 283 1406 519 1496; x_wconf 79' lang='grc' dir='ltr'><strong><em>κατειληφέναι</em></strong></span> <span class='ocrx_word' id='word_1_93' title='bbox 537 1403 697 1496; x_wconf 88' lang='grc' dir='ltr'><strong><em>ἐνδότερα</em></strong></span> <span class='ocrx_word' id='word_1_94' title='bbox 713 1405 771 1474; x_wconf 79' lang='grc' dir='ltr'><strong><em>καὶ</em></strong></span> <span class='ocrx_word' id='word_1_95' title='bbox 789 1403 946 1495; x_wconf 83' lang='grc' dir='ltr'><strong><em>εύμαρῦς</em></strong></span> <span class='ocrx_word' id='word_1_96' title='bbox 960 1411 1142 1496; x_wconf 79' lang='grc' dir='ltr'><strong><em>κυριεῦσαι</em></strong></span> 
     </span>
    </p>

    <p class='ocr_par' dir='ltr' id='par_1_13' title="bbox 169 1503 1138 1598">
     <span class='ocr_line' id='line_1_14' title="bbox 169 1503 1138 1598; baseline 0 -22"><span class='ocrx_word' id='word_1_97' title='bbox 169 1505 282 1596; x_wconf 79' lang='grc' dir='ltr'><strong><em>αὐτῆς.</em></strong></span> <span class='ocrx_word' id='word_1_98' title='bbox 327 1507 456 1590; x_wconf 89' lang='grc' dir='ltr'><strong><em>τούτοις</em></strong></span> <span class='ocrx_word' id='word_1_99' title='bbox 487 1512 728 1598; x_wconf 69' lang='grc' dir='ltr'><strong><em>φρενοβλαβεῖς</em></strong></span> <span class='ocrx_word' id='word_1_100' title='bbox 758 1503 777 1577; x_wconf 88' lang='grc' dir='ltr'>ὁ</span> <span class='ocrx_word' id='word_1_101' title='bbox 809 1504 977 1596; x_wconf 89' lang='grc' dir='ltr'><strong><em>ἀλιτήριος</em></strong></span> <span class='ocrx_word' id='word_1_102' title='bbox 1009 1509 1138 1588; x_wconf 68' lang='grc' dir='ltr'><strong><em>ἐκεῖνος</em></strong></span> 
     </span>
    </p>

    <p class='ocr_par' dir='ltr' id='par_1_14' title="bbox 169 1605 1142 1702">
     <span class='ocr_line' id='line_1_15' title="bbox 169 1605 1142 1702; baseline 0 -24"><span class='ocrx_word' id='word_1_103' title='bbox 169 1616 333 1695; x_wconf 75' lang='grc' dir='ltr'><strong><em>πεισθείς,</em></strong></span> <span class='ocrx_word' id='word_1_104' title='bbox 350 1610 531 1679; x_wconf 82' lang='grc' dir='ltr'><strong><em>καὶταῦτα</em></strong></span> <span class='ocrx_word' id='word_1_105' title='bbox 547 1613 685 1678; x_wconf 82' lang='grc' dir='ltr'><strong><em>πολλῦν</em></strong></span> <span class='ocrx_word' id='word_1_106' title='bbox 697 1607 868 1694; x_wconf 89' lang='grc' dir='ltr'><strong><em>λεγόντων</em></strong></span> <span class='ocrx_word' id='word_1_107' title='bbox 885 1605 979 1702; x_wconf 74' lang='grc' dir='ltr'><strong><em>αύτῷ</em></strong></span> <span class='ocrx_word' id='word_1_108' title='bbox 996 1608 1054 1678; x_wconf 78' lang='grc' dir='ltr'><strong><em>καὶ</em></strong></span> <span class='ocrx_word' id='word_1_109' title='bbox 1071 1606 1142 1678; x_wconf 83' lang='grc' dir='ltr'><strong><em>αύ-</em></strong></span> 
     </span>
    </p>

    <p class='ocr_par' dir='ltr' id='par_1_15' title="bbox 168 1707 1181 1802">
     <span class='ocr_line' id='line_1_16' title="bbox 168 1707 1181 1802; baseline 0 -22"><span class='ocrx_word' id='word_1_110' title='bbox 168 1717 230 1780; x_wconf 88' lang='grc' dir='ltr'><strong><em>τοῦ</em></strong></span> <span class='ocrx_word' id='word_1_111' title='bbox 260 1717 322 1780; x_wconf 87' lang='grc' dir='ltr'><strong><em>τοῦ</em></strong></span> <span class='ocrx_word' id='word_1_112' title='bbox 348 1708 532 1801; x_wconf 88' lang='grc' dir='ltr'><strong><em>Ὁρμίσδου</em></strong></span> <span class='ocrx_word' id='word_1_113' title='bbox 563 1709 667 1780; x_wconf 91' lang='grc' dir='ltr'><strong><em>δόλον</em></strong></span> <span class='ocrx_word' id='word_1_114' title='bbox 696 1707 784 1780; x_wconf 75' lang='grc' dir='ltr'><strong><em>εἶναι</em></strong></span> <span class='ocrx_word' id='word_1_115' title='bbox 812 1707 849 1778; x_wconf 85' lang='grc' dir='ltr'><strong><em>τό</em></strong></span> <span class='ocrx_word' id='word_1_116' title='bbox 881 1715 1037 1799; x_wconf 80' lang='grc' dir='ltr'><strong><em>πρᾶγμα,</em></strong></span> <span class='ocrx_word' id='word_1_117' title='bbox 1064 1715 1140 1802; x_wconf 88' lang='grc' dir='ltr'><strong><em>πῦρ</em></strong></span> <span class='ocrx_word' id='word_1_118' title='bbox 1155 1728 1181 1770; x_wconf 81' lang='lat'><strong><em>1⁵</em></strong></span> 
     </span>
    </p>

    <p class='ocr_par' dir='ltr' id='par_1_16' title="bbox 171 1801 1143 1900">
     <span class='ocr_line' id='line_1_17' title="bbox 171 1801 1143 1900; baseline 0.002 -20"><span class='ocrx_word' id='word_1_119' title='bbox 171 1811 309 1897; x_wconf 79' lang='grc' dir='ltr'><strong><em>ἐνέβαλε</em></strong></span> <span class='ocrx_word' id='word_1_120' title='bbox 332 1825 406 1891; x_wconf 77' lang='grc' dir='ltr'><strong><em>ταῖς</em></strong></span> <span class='ocrx_word' id='word_1_121' title='bbox 438 1816 560 1899; x_wconf 89' lang='grc' dir='ltr'><strong><em>ναυσί,</em></strong></span> <span class='ocrx_word' id='word_1_122' title='bbox 595 1811 653 1880; x_wconf 83' lang='grc' dir='ltr'><strong><em>καὶ</em></strong></span> <span class='ocrx_word' id='word_1_123' title='bbox 688 1809 797 1892; x_wconf 87' lang='grc' dir='ltr'><strong><em>πάσας</em></strong></span> <span class='ocrx_word' id='word_1_124' title='bbox 833 1811 1017 1888; x_wconf 77' lang='grc' dir='ltr'><strong><em>κατέκαυσε</em></strong></span> <span class='ocrx_word' id='word_1_125' title='bbox 1049 1801 1143 1900; x_wconf 78' lang='grc' dir='ltr'><strong><em>πλήν</em></strong></span> 
     </span>
    </p>
   </div>
   <div class='ocr_carea' id='block_1_3' title="bbox 67 1904 1184 2508">
    <p class='ocr_par' dir='ltr' id='par_1_17' title="bbox 67 1904 1184 2508">
     <span class='ocr_line' id='line_1_18' title="bbox 171 1904 1142 2004; baseline 0.004 -24"><span class='ocrx_word' id='word_1_126' title='bbox 171 1916 383 1982; x_wconf 85' lang='grc' dir='ltr'><strong><em>δυοκαίδεκα.</em></strong></span> <span class='ocrx_word' id='word_1_127' title='bbox 419 1904 507 2001; x_wconf 82' lang='grc' dir='ltr'><strong><em>ἦσαν</em></strong></span> <span class='ocrx_word' id='word_1_128' title='bbox 523 1913 563 1983; x_wconf 77' lang='grc' dir='ltr'><strong><em>δὲ</em></strong></span> <span class='ocrx_word' id='word_1_129' title='bbox 579 1913 725 2004; x_wconf 84' lang='grc' dir='ltr'><strong><em>τριήρεις</em></strong></span> <span class='ocrx_word' id='word_1_130' title='bbox 742 1911 807 2002; x_wconf 67' lang='grc' dir='ltr'><strong><em>μὲν</em></strong></span> <span class='ocrx_word' id='word_1_131' title='bbox 824 1911 1029 2000; x_wconf 79' lang='grc' dir='ltr'><strong><em>ἑπτακόσιαι,</em></strong></span> <span class='ocrx_word' id='word_1_132' title='bbox 1048 1939 1142 2004; x_wconf 87' lang='grc' dir='ltr'><strong><em>φορ-</em></strong></span> 
     </span>
     <span class='ocr_line' id='line_1_19' title="bbox 169 2009 1143 2105; baseline 0.005 -24"><span class='ocrx_word' id='word_1_133' title='bbox 169 2013 265 2102; x_wconf 83' lang='grc' dir='ltr'><strong><em>τηγοὶ</em></strong></span> <span class='ocrx_word' id='word_1_134' title='bbox 288 2013 327 2084; x_wconf 74' lang='grc' dir='ltr'><strong><em>δὲ</em></strong></span> <span class='ocrx_word' id='word_1_135' title='bbox 349 2013 574 2105; x_wconf 78' lang='grc' dir='ltr'><strong><em>τετρακόσιαι·</em></strong></span> <span class='ocrx_word' id='word_1_136' title='bbox 600 2009 665 2104; x_wconf 83' lang='grc' dir='ltr'><strong><em>ήδη</em></strong></span> <span class='ocrx_word' id='word_1_137' title='bbox 690 2013 729 2084; x_wconf 81' lang='grc' dir='ltr'><strong><em>δέ</em></strong></span> <span class='ocrx_word' id='word_1_138' title='bbox 753 2015 894 2084; x_wconf 80' lang='grc' dir='ltr'><strong><em>ἐκείνων</em></strong></span> <span class='ocrx_word' id='word_1_139' title='bbox 912 2016 1143 2105; x_wconf 78' lang='grc' dir='ltr'><strong><em>ἐκτεφρωθει·</em></strong></span> 
     </span>
     <span class='ocr_line' id='line_1_20' title="bbox 170 2113 1142 2206; baseline -0.001 -21"><span class='ocrx_word' id='word_1_140' title='bbox 170 2121 260 2204; x_wconf 80' lang='grc' dir='ltr'><strong><em>σῦν,</em></strong></span> <span class='ocrx_word' id='word_1_141' title='bbox 280 2116 352 2186; x_wconf 82' lang='grc' dir='ltr'><strong><em>ἐπεὶ</em></strong></span> <span class='ocrx_word' id='word_1_142' title='bbox 370 2115 490 2189; x_wconf 76' lang='grc' dir='ltr'><strong><em>πολλοὶ</em></strong></span> <span class='ocrx_word' id='word_1_143' title='bbox 506 2122 577 2188; x_wconf 74' lang='grc' dir='ltr'><strong><em>τῶν</em></strong></span> <span class='ocrx_word' id='word_1_144' title='bbox 593 2113 780 2206; x_wconf 77' lang='grc' dir='ltr'><strong><em>ταξιάρχων</em></strong></span> <span class='ocrx_word' id='word_1_145' title='bbox 799 2116 941 2206; x_wconf 76' lang='grc' dir='ltr'><strong><em>ἐνέδραν</em></strong></span> <span class='ocrx_word' id='word_1_146' title='bbox 958 2117 1017 2186; x_wconf 82' lang='grc' dir='ltr'><strong><em>καὶ</em></strong></span> <span class='ocrx_word' id='word_1_147' title='bbox 1035 2115 1142 2186; x_wconf 89' lang='grc' dir='ltr'><strong><em>δόλον</em></strong></span> 
     </span>
     <span class='ocr_line' id='line_1_21' title="bbox 172 2211 1184 2308; baseline 0 -22"><span class='ocrx_word' id='word_1_148' title='bbox 172 2221 345 2289; x_wconf 90' lang='grc' dir='ltr'><strong><em>ἐνίσταντο</em></strong></span> <span class='ocrx_word' id='word_1_149' title='bbox 360 2215 448 2288; x_wconf 72' lang='grc' dir='ltr'><strong><em>εἶναι</em></strong></span> <span class='ocrx_word' id='word_1_150' title='bbox 463 2215 505 2287; x_wconf 86' lang='grc' dir='ltr'><strong><em>τά</em></strong></span> <span class='ocrx_word' id='word_1_151' title='bbox 518 2215 610 2308; x_wconf 87' lang='grc' dir='ltr'><strong><em>παρά</em></strong></span> <span class='ocrx_word' id='word_1_152' title='bbox 627 2221 697 2287; x_wconf 83' lang='grc' dir='ltr'><strong><em>τῦν</em></strong></span> <span class='ocrx_word' id='word_1_153' title='bbox 714 2211 913 2306; x_wconf 89' lang='grc' dir='ltr'><strong><em>αύτομόλων</em></strong></span> <span class='ocrx_word' id='word_1_154' title='bbox 927 2219 1069 2288; x_wconf 83' lang='grc' dir='ltr'><strong><em>ἐκείνων</em></strong></span> <span class='ocrx_word' id='word_1_155' title='bbox 1085 2224 1139 2286; x_wconf 56' lang='grc' dir='ltr'><strong><em>λε’</em></strong></span> <span class='ocrx_word' id='word_1_156' title='bbox 1152 2235 1184 2277; x_wconf 78' lang='lat'><strong><em>20</em></strong></span> 
     </span>
     <span class='ocr_line' id='line_1_22' title="bbox 169 2316 1134 2408; baseline 0 -18"><span class='ocrx_word' id='word_1_157' title='bbox 169 2318 307 2408; x_wconf 86' lang='grc' dir='ltr'><strong><em>γόμενα,</em></strong></span> <span class='ocrx_word' id='word_1_158' title='bbox 325 2319 420 2407; x_wconf 87' lang='grc' dir='ltr'><strong><em>μόλις</em></strong></span> <span class='ocrx_word' id='word_1_159' title='bbox 438 2344 505 2390; x_wconf 87' lang='grc' dir='ltr'><strong><em>που</em></strong></span> <span class='ocrx_word' id='word_1_160' title='bbox 523 2317 726 2388; x_wconf 87' lang='grc' dir='ltr'><strong><em>κατένευσεν</em></strong></span> <span class='ocrx_word' id='word_1_161' title='bbox 751 2320 934 2406; x_wconf 65' lang='grc' dir='ltr'><strong><em>ἐρασθῆναι</em></strong></span> <span class='ocrx_word' id='word_1_162' title='bbox 950 2316 1032 2400; x_wconf 85' lang='grc' dir='ltr'><strong><em>τοῦς</em></strong></span> <span class='ocrx_word' id='word_1_163' title='bbox 1050 2332 1134 2400; x_wconf 62' lang='lat' dir='ltr'><strong><em>wev-</em></strong></span> 
     </span>
     <span class='ocr_line' id='line_1_23' title="bbox 67 2417 1141 2508; baseline 0.008 -27"><span class='ocrx_word' id='word_1_164' title='bbox 67 2429 161 2484; x_wconf 78' lang='lat' dir='ltr'><strong>P1127</strong></span> <span class='ocrx_word' id='word_1_165' title='bbox 172 2418 421 2508; x_wconf 84' lang='grc' dir='ltr'><strong><em>δαυαομόλους·</em></strong></span> <span class='ocrx_word' id='word_1_166' title='bbox 455 2427 493 2489; x_wconf 77' lang='grc' dir='ltr'><strong><em>ολ</em></strong></span> <span class='ocrx_word' id='word_1_167' title='bbox 508 2419 713 2500; x_wconf 72' lang='grc' dir='ltr'><strong><em>-ἐτασθέντες</em></strong></span> <span class='ocrx_word' id='word_1_168' title='bbox 736 2419 896 2508; x_wconf 82' lang='grc' dir='ltr'><strong><em>βασάνοις</em></strong></span> <span class='ocrx_word' id='word_1_169' title='bbox 914 2417 1083 2508; x_wconf 76' lang='grc' dir='ltr'><strong><em>ἐξέφηναν</em></strong></span> <span class='ocrx_word' id='word_1_170' title='bbox 1098 2419 1141 2490; x_wconf 84' lang='grc' dir='ltr'><strong><em>τό</em></strong></span> 
     </span>
    </p>
   </div>
   <div class='ocr_carea' id='block_1_4' title="bbox 78 2497 1142 2610">
    <p class='ocr_par' dir='ltr' id='par_1_18' title="bbox 78 2497 1142 2610">
     <span class='ocr_line' id='line_1_24' title="bbox 78 2497 1142 2610; baseline 0.002 -20"><span class='ocrx_word' id='word_1_171' title='bbox 78 2497 103 2549; x_wconf 61' lang='lat' dir='ltr'>A</span> <span class='ocrx_word' id='word_1_172' title='bbox 172 2519 375 2609; x_wconf 90' lang='grc' dir='ltr'><strong><em>ἀπόρρητον.</em></strong></span> <span class='ocrx_word' id='word_1_173' title='bbox 406 2524 443 2589; x_wconf 90' lang='grc' dir='ltr'><strong><em>οί</em></strong></span> <span class='ocrx_word' id='word_1_174' title='bbox 455 2519 520 2608; x_wconf 67' lang='grc' dir='ltr'><strong><em>μέν</em></strong></span> <span class='ocrx_word' id='word_1_175' title='bbox 535 2511 603 2590; x_wconf 83' lang='grc' dir='ltr'><strong><em>οῦν</em></strong></span> <span class='ocrx_word' id='word_1_176' title='bbox 620 2518 729 2602; x_wconf 80' lang='grc' dir='ltr'><strong><em>οὕτως</em></strong></span> <span class='ocrx_word' id='word_1_177' title='bbox 746 2518 966 2609; x_wconf 76' lang='grc' dir='ltr'><strong><em>ἀπατηθῆναί</em></strong></span> <span class='ocrx_word' id='word_1_178' title='bbox 979 2541 1064 2610; x_wconf 88' lang='grc' dir='ltr'><strong><em>φασι</em></strong></span> <span class='ocrx_word' id='word_1_179' title='bbox 1079 2519 1142 2592; x_wconf 78' lang='grc' dir='ltr'><strong><em>,τόν</em></strong></span> 
     </span>
    </p>
   </div>
   <div class='ocr_carea' id='block_1_5' title="bbox 168 2617 1201 3522">
    <p class='ocr_par' dir='ltr' id='par_1_19' title="bbox 168 2617 1201 3522">
     <span class='ocr_line' id='line_1_25' title="bbox 168 2617 1142 2713; baseline -0.001 -21"><span class='ocrx_word' id='word_1_180' title='bbox 168 2619 374 2709; x_wconf 87' lang='grc' dir='ltr'><strong><em>Ἰουλιανόν,</em></strong></span> <span class='ocrx_word' id='word_1_181' title='bbox 401 2624 437 2690; x_wconf 86' lang='grc' dir='ltr'><strong><em>οί</em></strong></span> <span class='ocrx_word' id='word_1_182' title='bbox 464 2620 503 2690; x_wconf 73' lang='grc' dir='ltr'><strong><em>δὲ</em></strong></span> <span class='ocrx_word' id='word_1_183' title='bbox 533 2617 763 2711; x_wconf 74' lang='grc' dir='ltr'><strong><em>ἀπειπάμενον</em></strong></span> <span class='ocrx_word' id='word_1_184' title='bbox 793 2623 931 2710; x_wconf 81' lang='grc' dir='ltr'><strong><em>λέγουσι</em></strong></span> <span class='ocrx_word' id='word_1_185' title='bbox 960 2621 1046 2713; x_wconf 88' lang='grc' dir='ltr'><strong><em>πρός</em></strong></span> <span class='ocrx_word' id='word_1_186' title='bbox 1076 2620 1142 2710; x_wconf 80' lang='grc' dir='ltr'><strong><em>τήν</em></strong></span> 
     </span>
     <span class='ocr_line' id='line_1_26' title="bbox 170 2720 1193 2814; baseline 0.001 -23"><span class='ocrx_word' id='word_1_187' title='bbox 170 2727 410 2811; x_wconf 77' lang='grc' dir='ltr'><strong><em>Κτησιφῶντος</em></strong></span> <span class='ocrx_word' id='word_1_188' title='bbox 442 2728 640 2813; x_wconf 84' lang='grc' dir='ltr'><strong><em>πολωρκέαν</em></strong></span> <span class='ocrx_word' id='word_1_189' title='bbox 682 2721 728 2793; x_wconf 83' lang='grc' dir='ltr'><strong><em>δι’</em></strong></span> <span class='ocrx_word' id='word_1_190' title='bbox 765 2720 953 2814; x_wconf 79' lang='grc' dir='ltr'><strong><em>ὀχυρότητα</em></strong></span> <span class='ocrx_word' id='word_1_191' title='bbox 993 2722 1051 2794; x_wconf 75' lang='grc' dir='ltr'><strong><em>καὶ</em></strong></span> <span class='ocrx_word' id='word_1_192' title='bbox 1079 2721 1140 2804; x_wconf 72' lang='grc' dir='ltr'><strong><em>«ότι</em></strong></span> <span class='ocrx_word' id='word_1_193' title='bbox 1158 2741 1193 2784; x_wconf 77' lang='lat'><strong><em>²⁵</em></strong></span> 
     </span>
     <span class='ocr_line' id='line_1_27' title="bbox 170 2821 1141 2917; baseline 0 -23"><span class='ocrx_word' id='word_1_194' title='bbox 170 2823 228 2894; x_wconf 82' lang='grc' dir='ltr'><strong><em>καλ</em></strong></span> <span class='ocrx_word' id='word_1_195' title='bbox 250 2828 298 2917; x_wconf 78' lang='grc' dir='ltr'><strong><em>τῷ</em></strong></span> <span class='ocrx_word' id='word_1_196' title='bbox 321 2823 545 2916; x_wconf 87' lang='grc' dir='ltr'><strong><em>στρατεύματι</em></strong></span> <span class='ocrx_word' id='word_1_197' title='bbox 566 2823 609 2894; x_wconf 88' lang='grc' dir='ltr'><strong><em>τά</em></strong></span> <span class='ocrx_word' id='word_1_198' title='bbox 633 2821 804 2912; x_wconf 84' lang='grc' dir='ltr'><strong><em>ἀναγκαία</em></strong></span> <span class='ocrx_word' id='word_1_199' title='bbox 822 2824 991 2914; x_wconf 87' lang='grc' dir='ltr'><strong><em>ἐπέλιπον,</em></strong></span> <span class='ocrx_word' id='word_1_200' title='bbox 1010 2822 1141 2896; x_wconf 89' lang='grc' dir='ltr'><strong><em>ἐπανό-</em></strong></span> 
     </span>
     <span class='ocr_line' id='line_1_28' title="bbox 171 2923 1143 3025; baseline -0.002 -29"><span class='ocrx_word' id='word_1_201' title='bbox 171 2931 234 2996; x_wconf 90' lang='grc' dir='ltr'><strong><em>δου</em></strong></span> <span class='ocrx_word' id='word_1_202' title='bbox 252 2931 464 3016; x_wconf 77' lang='grc' dir='ltr'><strong><em>μνησθῆναι·</em></strong></span> <span class='ocrx_word' id='word_1_203' title='bbox 481 2923 620 2996; x_wconf 81' lang='grc' dir='ltr'><strong><em>ἀπιοῦσι</em></strong></span> <span class='ocrx_word' id='word_1_204' title='bbox 632 2924 672 2995; x_wconf 77' lang='grc' dir='ltr'><strong><em>δέ</em></strong></span> <span class='ocrx_word' id='word_1_205' title='bbox 685 2927 889 3016; x_wconf 82' lang='grc' dir='ltr'><strong><em>ἐπιφανῆναι</em></strong></span> <span class='ocrx_word' id='word_1_206' title='bbox 905 2925 987 3008; x_wconf 85' lang='grc' dir='ltr'><strong><em>τούς</em></strong></span> <span class='ocrx_word' id='word_1_207' title='bbox 1000 2925 1143 3025; x_wconf 75' lang='grc' dir='ltr'><strong><em>Πέρσας</em></strong></span> 
     </span>
     <span class='ocr_line' id='line_1_29' title="bbox 170 3022 1145 3118; baseline -0.002 -20"><span class='ocrx_word' id='word_1_208' title='bbox 170 3027 315 3098; x_wconf 74' lang='grc' dir='ltr'><strong><em>ὄπισθεν</em></strong></span> <span class='ocrx_word' id='word_1_209' title='bbox 331 3029 389 3100; x_wconf 80' lang='grc' dir='ltr'><strong><em>καὶ</em></strong></span> <span class='ocrx_word' id='word_1_210' title='bbox 405 3025 485 3109; x_wconf 82' lang='grc' dir='ltr'><strong><em>τοῦς</em></strong></span> <span class='ocrx_word' id='word_1_211' title='bbox 502 3022 738 3118; x_wconf 85' lang='grc' dir='ltr'><strong><em>ούραγοῦντας</em></strong></span> <span class='ocrx_word' id='word_1_212' title='bbox 749 3026 938 3118; x_wconf 79' lang='grc' dir='ltr'><strong><em>ταράττειν·</em></strong></span> <span class='ocrx_word' id='word_1_213' title='bbox 956 3026 1037 3110; x_wconf 83' lang='grc' dir='ltr'><strong><em>τοῦς</em></strong></span> <span class='ocrx_word' id='word_1_214' title='bbox 1050 3023 1145 3100; x_wconf 83' lang='grc' dir='ltr'><strong><em>Γάλ-</em></strong></span> 
     </span>
     <span class='ocr_line' id='line_1_30' title="bbox 171 3126 1147 3227; baseline 0.002 -32"><span class='ocrx_word' id='word_1_215' title='bbox 171 3137 252 3208; x_wconf 90' lang='grc' dir='ltr'><strong><em>λους</em></strong></span> <span class='ocrx_word' id='word_1_216' title='bbox 276 3126 308 3196; x_wconf 82' lang='grc' dir='ltr'><strong><em>δ’</em></strong></span> <span class='ocrx_word' id='word_1_217' title='bbox 323 3126 701 3218; x_wconf 75' lang='grc' dir='ltr'><strong><em>ὀπισθοφυλακοῦντας,</em></strong></span> <span class='ocrx_word' id='word_1_218' title='bbox 716 3126 956 3212; x_wconf 70' lang='grc' dir='ltr'><strong><em>ἀντιτάξασθαι</em></strong></span> <span class='ocrx_word' id='word_1_219' title='bbox 977 3142 1049 3211; x_wconf 77' lang='grc' dir='ltr'><strong><em>τοις</em></strong></span> <span class='ocrx_word' id='word_1_220' title='bbox 1068 3152 1147 3227; x_wconf 56' lang='grc' dir='ltr'><strong><em>1τιο-</em></strong></span> 
     </span>
     <span class='ocr_line' id='line_1_31' title="bbox 171 3223 1201 3320; baseline 0.006 -26"><span class='ocrx_word' id='word_1_221' title='bbox 171 3233 296 3317; x_wconf 85' lang='grc' dir='ltr'><strong><em>λεμίοις</em></strong></span> <span class='ocrx_word' id='word_1_222' title='bbox 312 3228 547 3320; x_wconf 86' lang='grc' dir='ltr'><strong><em>γενναιότερον</em></strong></span> <span class='ocrx_word' id='word_1_223' title='bbox 563 3231 621 3300; x_wconf 78' lang='grc' dir='ltr'><strong><em>καὶ</em></strong></span> <span class='ocrx_word' id='word_1_224' title='bbox 633 3228 780 3312; x_wconf 85' lang='grc' dir='ltr'><strong><em>πολλοῦς</em></strong></span> <span class='ocrx_word' id='word_1_225' title='bbox 797 3227 913 3302; x_wconf 80' lang='grc' dir='ltr'><strong><em>αύτῦν</em></strong></span> <span class='ocrx_word' id='word_1_226' title='bbox 928 3228 1076 3318; x_wconf 70' lang='grc' dir='ltr'><strong><em>ἀνελεῖν,</em></strong></span> <span class='ocrx_word' id='word_1_227' title='bbox 1092 3223 1147 3300; x_wconf 77' lang='grc' dir='ltr'><strong><em>οὗ</em></strong></span> <span class='ocrx_word' id='word_1_228' title='bbox 1166 3253 1201 3300; x_wconf 74' lang='grc' dir='ltr'><strong><em>το</em></strong></span> 
     </span>
     <span class='ocr_line' id='line_1_32' title="bbox 171 3325 1150 3423; baseline 0.01 -33"><span class='ocrx_word' id='word_1_229' title='bbox 171 3330 241 3392; x_wconf 76' lang='grc' dir='ltr'><strong><em>τῶν</em></strong></span> <span class='ocrx_word' id='word_1_230' title='bbox 264 3325 440 3416; x_wconf 76' lang='grc' dir='ltr'><strong><em>τυχόντων</em></strong></span> <span class='ocrx_word' id='word_1_231' title='bbox 461 3329 587 3418; x_wconf 88' lang='grc' dir='ltr'><strong><em>μόνον,</em></strong></span> <span class='ocrx_word' id='word_1_232' title='bbox 611 3327 697 3400; x_wconf 87' lang='grc' dir='ltr'><strong><em>ἀλλά</em></strong></span> <span class='ocrx_word' id='word_1_233' title='bbox 721 3332 779 3400; x_wconf 81' lang='grc' dir='ltr'><strong><em>καλ</em></strong></span> <span class='ocrx_word' id='word_1_234' title='bbox 801 3333 873 3400; x_wconf 83' lang='grc' dir='ltr'><strong><em>τοῖν</em></strong></span> <span class='ocrx_word' id='word_1_235' title='bbox 897 3329 979 3423; x_wconf 85' lang='grc' dir='ltr'><strong><em>παρ’</em></strong></span> <span class='ocrx_word' id='word_1_236' title='bbox 999 3333 1150 3414; x_wconf 78' lang='grc' dir='ltr'><strong><em>ἐκείνας</em></strong></span> 
     </span>
     <span class='ocr_line' id='line_1_33' title="bbox 174 3423 1153 3522; baseline 0.017 -33"><span class='ocrx_word' id='word_1_237' title='bbox 174 3423 358 3508; x_wconf 73' lang='grc' dir='ltr'><strong><em>ἐπιφανῶν.</em></strong></span> <span class='ocrx_word' id='word_1_238' title='bbox 407 3431 520 3520; x_wconf 75' lang='grc' dir='ltr'><strong><em>ἐνδείᾳ</em></strong></span> <span class='ocrx_word' id='word_1_239' title='bbox 552 3429 592 3499; x_wconf 75' lang='grc' dir='ltr'><strong><em>δέ</em></strong></span> <span class='ocrx_word' id='word_1_240' title='bbox 619 3437 689 3501; x_wconf 74' lang='grc' dir='ltr'><strong><em>τοῖν</em></strong></span> <span class='ocrx_word' id='word_1_241' title='bbox 713 3433 908 3522; x_wconf 83' lang='grc' dir='ltr'><strong><em>ἐπιτηδείων</em></strong></span> <span class='ocrx_word' id='word_1_242' title='bbox 931 3437 967 3505; x_wconf 87' lang='grc' dir='ltr'><strong><em>οί</em></strong></span> <span class='ocrx_word' id='word_1_243' title='bbox 985 3429 1153 3522; x_wconf 62' lang='grc' dir='ltr'><strong><em>Ῥωμαῖοι</em></strong></span> 
     </span>
    </p>
   </div>
   <div class='ocr_carea' id='block_1_6' title="bbox 0 0 1295 3800">
    <p class='ocr_par' dir='ltr' id='par_1_20' title="bbox 0 0 1295 3800">
     <span class='ocr_line' id='line_1_34' title="bbox 0 0 1295 3800; baseline 0 0"><span class='ocrx_word' id='word_1_244' title='bbox 0 0 1295 3800; x_wconf 95' lang='lat' dir='ltr'><strong><em> </em></strong></span> 
     </span>
    </p>
   </div>
  </div>
 </body>
</html>
