2566 3800
218 141 279 206 184
528 145 600 196 LIB.
621 123 698 196 x11'1.
719 143 799 196 σεε.
818 145 866 198 lv,

217 285 273 354 καὶ
300 282 345 374 μή
370 284 562 373 δυνάμενον
588 282 673 370 ὁράυ
696 283 757 354 τόν
781 287 920 376 πατέρα,
945 286 1002 354 καὶ
1020 283 1125 358 αὐτόν
1145 288 1184 357 δέ
1265 243 1272 346 ἐ

216 385 277 456 τόν
296 383 375 455 υίὸν
393 383 540 475 άόρατον
558 391 673 473 είσήγε
690 385 869 476 τυγχάνειν
886 391 934 480 τῷ
951 384 1128 476 πνεάματι,
1147 390 1184 458 ἐκ

216 491 277 561 τοῦ
299 491 450 576 πονηροῦ
464 493 643 575 θησαυροῦ
656 493 716 575 τῆς
732 493 874 579 καρδίας
888 485 995 559 αὐτοῦ
1011 490 1184 579 ἐξερευγό-

183 601 209 651 D
218 615 318 678 μενος
336 588 432 657 ταυτὶ
449 587 490 658 τά
509 585 682 678 άπόφημα,
696 583 773 659 ἄλλ’
786 581 876 678 ήσαν
895 593 931 659 ἐν
944 589 1060 679 μόνοις
1077 591 1184 681 γράμπ

217 711 298 779 μασι
311 697 447 778 κείμενα
460 690 639 778 σεσίγηντό
652 717 687 760 τε
701 691 757 759 καὶ
770 690 865 761 οὕτω
879 695 1154 781 δεδημοσίευντο·
1169 691 1212 770 ὁτ

211 791 340 880 ’Ἄρειος
357 791 395 860 δέ
410 797 459 872 είς
472 797 648 881 προῦπτον
662 797 768 861 ταῦτα
780 792 967 882 προήνεγκε
981 794 1038 862 καὶ
1052 795 1107 864 ἐπὶ
1121 800 1189 862 τῶν

220 892 383 982 δωμάτων
403 892 544 982 ἐκήρυξε
561 894 617 962 καὶ
636 892 783 975 πολλοάς
801 901 850 976 είς
870 889 1028 982 άσέβειαν
1043 893 1190 966 άπεσκέ-

218 1004 288 1065 λισε
305 993 468 1085 δορόβων
492 1021 527 1063 τε
544 995 601 1063 καὶ
619 994 808 1084 σχισμάτωυ
831 993 891 1077 τάς
914 999 1090 1084 ἐκκλησίας
1115 999 1188 1066 ἐνέ-

218 1105 355 1184 πλησεν.
388 1093 407 1165 ό
425 1094 529 1183 γυοός
548 1093 566 1166 ὁ
581 1092 818 1184 εὐσεβέστατος
832 1096 989 1186 βασιλεύς
1007 1100 1133 1179 ἐκεῖνος
1153 1101 1190 1168 ἐν

220 1204 348 1288 Νικαίγ
371 1203 415 1287 τή
440 1203 603 1270 Βιδννάυ
628 1206 812 1268 συνελθεῖν
839 1197 918 1282 τοάς
935 1205 1004 1269 τάν
1022 1202 1227 1290 ἐπαρχιάνιο

219 1298 420 1380 ἐπισκόπους
447 1301 619 1386 ἐκέλευσε,
641 1300 697 1368 καὶ
715 1297 973 1390 ἀθροισθέντων
989 1308 1190 1391 τριακοσίων

220 1403 301 1471 δέκα
319 1401 376 1469 καὶ
394 1398 480 1470 ὀκτώ
494 1398 601 1487 άγίων
615 1403 780 1490 πατέρων,
799 1405 836 1472 ἐν
850 1397 901 1484 οἷς
914 1395 1002 1490 ἦσαν
1016 1403 1071 1471 καὶ
1088 1407 1190 1492 ἱερεῖς

218 1531 305 1584 τινες
329 1503 385 1570 καὶ
412 1501 577 1588 διάκονοι,
603 1500 688 1572 άλλά
712 1505 824 1591 μέντοι
853 1505 910 1572 καὶ
939 1511 1098 1593 μοναχοί,
1135 1500 1191 1574 ὅτε

219 1605 276 1674 καὶ
294 1602 312 1674 ό
331 1605 434 1692 μέγας
445 1600 645 1684 Ἀδανάσιος
661 1605 732 1673 ἐκεῖ
747 1611 860 1694 παρήν
876 1610 925 1698 τῷ
938 1608 1007 1674 τόν
1021 1605 1191 1676 διακόνων

220 1713 267 1778 ἐτι
285 1706 535 1793 κατειλεγμένος
554 1700 603 1773 &v
620 1705 779 1794 τάγματι,
804 1707 861 1776 καὶ
886 1704 1025 1788 αὐτόςὸ
1044 1729 1191 1796 χριστια-
1204 1733 1228 1774 ιτ

128 1805 403 1885 ΡΙΙενικεότατος
420 1803 581 1892 βασιλεύς
605 1803 746 1894 άφίκετο
764 1807 849 1897 πρός
865 1806 928 1896 τήν
947 1815 1107 1894 Νίκαιαν,
1135 1809 1193 1878 καὶ

186 1886 210 1934 A
223 1912 436 1992 συγκαθίσας
461 1921 529 1987 τοϊς
558 1912 660 1997 ίεροῖς
685 1909 850 1999 πατράσιν
874 1912 1012 1990 ἐκείνοις
1032 1911 1192 2000 ἐπέτρεπε

116 2013 366 2096 αΙΙΙεζητήσαι
382 2007 423 2078 τά
440 2008 531 2100 παρά
549 2016 610 2080 τοά
624 2004 753 2100 Ἀρείου
771 2010 936 2100 λεγόμενα
960 2011 1017 2080 καὶ
1040 2016 1191 2098 διαγνῶ-

221 2139 277 2180 ναι
301 2120 335 2180 εί
356 2137 387 2180 τι
411 2116 471 2199 τής
498 2109 606 2200 όρδής
632 2115 824 2181 ἐκκλίνουσι
842 2113 951 2200 δόξης.
986 2117 1022 2182 οἱ
1037 2112 1076 2182 δὲ
1093 2113 1190 2200 ζητή-

221 2233 341 2295 σαντες
364 2215 421 2281 καὶ
448 2209 596 2302 άκριβεός
622 2213 833 2296 ἐξετάσαντες
850 2213 912 2284 τόν
928 2215 992 2302 μὲν
1009 2213 1090 2284 υίόυ
1105 2211 1192 2303 ὁμο-
1204 2241 1230 2280 τε

222 2314 340 2384 ου’σιον
365 2315 422 2382 καὶ
447 2312 607 2403 ὁμότιμον
633 2315 689 2382 καὶ
707 2320 884 2386 συναίδιον
903 2315 1127 2406 ἐδογμάτισαυ
1145 2321 1194 2409 τῷ

222 2422 342 2506 πατρί,
367 2413 428 2483 τόν
444 2414 577 2502 ’Ἀρειον
602 2415 641 2485 δέ
663 2417 721 2484 καὶ
743 2415 824 2498 τοάς
852 2419 970 2510 ἐκείνῳ
997 2415 1197 2506 ὁμόφρονας

219 2521 280 2602 τῆς
305 2517 375 2583 τάν
401 2513 599 2603 όρδοδόξων
626 2513 822 2606 ὁμηγάρεως
841 2519 1053 2608 ἐξεκήρυξαν.
1088 2511 1136 2606 ἦν
1155 2517 1198 2587 δε

219 2621 288 2684 τῶν
313 2613 353 2683 τὰ
377 2613 508 2704 Ἀρείου
527 2618 784 2707 πρεσβευόντων
801 2621 858 2690 καὶ
874 2618 892 2690 ὁ
910 2627 1096 2710 Παμφίλου
1116 2617 1197 2691 Et}-

222 2717 348 2804 σε’βιος,
379 2723 439 2805 τῆς
472 2719 509 2786 ἐν
540 2727 750 2809 Παλαιστίνῃ
782 2728 986 2812 Καισαρείας
1012 2721 1200 2810 τυγχάνων
1213 2748 1240 2788 τε
1271 2717 1272 2720 “

220 2821 418 2908 ἐπίσκοπος,
445 2816 483 2900 ἐς
507 2821 680 2908 μετέπειτα
698 2824 828 2909 λέγεται
844 2821 1033 2912 ἀποστῆναι
1050 2829 1111 2910 τῆς
1130 2829 1200 2892 τοῦ

216 2919 350 3011 Ἀρείου
382 2921 482 3010 δόξης
513 2923 571 2990 καὶ
597 2920 875 3012 ὁμογνωμονήσαι
907 2939 978 3006 τοῖς
1010 2929 1203 2994 συναΐδιου

217 3021 279 3092 τόν
304 3021 384 3092 υίὸν
410 3024 467 3092 καὶ
492 3020 673 3112 ὁμοοάσιον
690 3029 737 3116 τςό
755 3026 857 3112 πατρὶ
875 3031 1111 3114 δογματίζουσι
1135 3027 1202 3094 καὶ
1271 3023 1272 3026 “

185 3128 383 3211 Βδεχθήναι
405 3125 495 3210 παρά
519 3131 588 3194 τάν
612 3127 897 3217 θείωνπατέρων
924 3133 973 3208 είς
997 3134 1201 3198 κοινωνίαν.

220 3222 308 3292 οὕτω
325 3224 388 3312 μὲν
405 3217 470 3294 οὖν
487 3223 592 3296 ταῦθ’
615 3227 840 3317 ίστοροάμευα
856 3228 948 3318 παρά
963 3255 1066 3299 τινων
1083 3227 1202 3318 εὕρη-
1217 3257 1245 3298 εε
1271 3255 1272 3302 1

220 3347 281 3388 ται.
317 3319 489 3412 άμφίβολα
507 3323 540 3394 δ’
562 3329 690 3409 ἐκεῖνος
714 3327 802 3398 αάτά
819 3327 864 3398 δι’
885 3322 935 3400 τόν
954 3332 991 3399 ἐν
1007 3337 1050 3421 τῇ
1070 3332 1204 3418 ἐκκλη-
1271 3327 1272 3362 ί

220 3429 372 3510 σιαστικῇ
410 3430 541 3516 ἱστορίᾳ
576 3427 713 3517 εὕρηται
745 3431 1029 3521 συγγραψάμενος
1064 3438 1205 3520 τίθησι.

1211 3547 1272 3786 ,λ
