2566 3800
206 155 268 220 164
500 155 572 210 ιιι.
585 156 649 208 x11.
668 155 746 208 σεε.
758 155 875 206 xxxn.
963 137 965 142 '

201 319 307 386 φασιν
337 291 568 385 ὀνομασθῆναι
604 292 662 364 τόν
693 300 882 385 θρίαμβον,
917 291 967 364 ότι
998 297 1035 366 ἐκ
1070 297 1175 384 τριῶν
1207 305 1210 312 “

100 403 239 472 ΡΙσιεοί
276 395 338 486 τὴν
378 395 517 487 πομπὴν
552 399 758 487 πληροῦντες
797 401 998 466 συνίσταντο
1035 393 1175 484 τάξεων,

202 503 262 590 τῆς
279 497 483 588 συγκλήτου,
502 501 562 570 τοῦ
581 495 701 587 δήμου,
720 499 777 568 καὶ
795 501 865 568 τῶν
876 501 1099 587 στρατιωτῶν,
1118 500 1176 568 καὶ

204 605 241 673 ἐκ
265 603 482 689 τοάβαίνειν
505 599 590 690 ὁμοῦ
613 596 673 682 τάς
696 597 804 683 τάξεις
829 597 887 680 τὰς
902 613 993 691 τρεῖς
1009 597 1176 689 τρίαμβόν

202 732 278 788 τινα
301 709 488 790 κληθῆναι,
513 699 590 773 ἀντὶ
613 701 652 770 δὲ
675 701 780 772 τοόῖ
801 699 837 772 τὸ
860 699 888 774 β
908 703 1204 790 παραληφθῆναιε

204 803 260 875 διά
277 803 314 874 τὸ
333 799 577 894 εὐφωνότερον.
910 839 911 842 “

281 902 379 978 Μετά
406 905 443 992 δὲ
465 903 528 993 τὴν
556 906 720 976 ἐπινίκιον
744 900 871 992 ταύτην
889 899 1027 992 πομπὴν
1053 905 1177 977 ἐκεῖνοι

130 1043 133 1056 ·
201 1007 265 1098 μὲν
281 1009 339 1094 τῆς
358 1009 508 1090 ἐξουσίας
532 1002 741 1094 ἀπέστησαν,
765 1003 843 1086 τούς
860 1011 1034 1096 Καίσαρος
1059 1001 1093 1076 δ’
1113 1003 1178 1076 ἀν-

203 1109 334 1192 έδειξαν
352 1105 611 1199 αὐτοκράτορας,
629 1113 827 1198 μερίσαυτες
845 1103 962 1189 αὐτοῖς
979 1103 1042 1196 τὴν
1055 1104 1176 1198 ἀρχήν,

203 1212 259 1280 καλ
282 1206 344 1298 τὴν
368 1209 431 1299 μὲν
455 1209 543 1304 ἕρόυυ
565 1225 688 1300 μοῖραν
712 1215 759 1304 τῶ
776 1215 930 1303 Γαλερίω
954 1207 1175 1299 προσκληρῶ-
1189 1243 1214 1283 ιο

196 1335 321 1394 σοντες
344 1313 525 1406 Μαξιμίνμ
549 1308 616 1381 σόν
638 1316 685 1404 τῷ
707 1304 895 1406 Ἰλλυρικῷ,
919 1315 965 1403 τῶ
984 1313 1113 1404 Χλωρῶ
1137 1311 1178 1381 δὲ

203 1411 402 1485 Κῶυσταντι
419 1419 682 1502 προσνείμαντες
698 1409 739 1480 τά
758 1412 894 1502 ἑσπέρια
912 1409 978 1482 σόν
1001 1417 1042 1502 τῇ
1061 1409 1177 1503 Ἀφρι-
1275 1445 1276 1448 “

202 1518 253 1606 κῇ.
302 1512 433 1585 τοότων
458 1513 496 1583 δὲ
522 1509 610 1584 οὕτω
633 1509 822 1602 γεγονότων
844 1518 880 1584 οί
901 1519 1112 1634 στρατιῶται,
1143 1523 1180 1584 οἳ

203 1617 442 1707 πραιτωριανοὶ
470 1617 671 1704 ἐκαλοῦντο,
706 1609 766 1685 τόν
790 1613 869 1686 υίόν
893 1619 967 1686 τοῦ
979 1613 1177 1742 Ερκρυλίου

206 1720 420 1805 Μαξιμιανοῦ
451 1715 511 1786 τόν
540 1717 640 1800 Μαξί
638 1743 732 1786 υτιον
762 1717 901 1804 βασιλέα
932 1719 970 1787 ἐν
999 1719 1040 1862 τῇ
1066 1714 1176 1809 Ῥῶμη
1189 1747 1214 1790 ιτ

202 1814 351 1888 ἀνεῖπον.

168 1940 192 1990 Β
276 1915 333 1988 Ἐκ
356 1923 474 1989 τοίνυν
496 1921 565 1989 τῶν
587 1922 691 2009 τριῶν
715 1915 843 1989 τούτων
872 1913 891 1988 ό
920 1919 983 2007 μὲν
1015 1915 1177 2003 Κῶυστας

204 2023 242 2090 ἐν
258 2026 474 2110 Βρεττανίαις
498 2023 554 2113 καὶ
578 2035 650 2102 ταῖς
675 2027 831 2101 Κοττίαις
850 2019 992 2090 ’Ἄλπεσι
1021 2022 1078 2090 καί
1102 2037 1176 2104 ταῖς
1264 2063 1272 2080 ·

145 2145 148 2150 '
203 2125 363 2206 Γαλλίαις
380 2128 513 2214 κρατῶν
536 2138 605 2204 τοῖς
628 2118 689 2192 τόν
706 2121 853 2212 Χριστόν
876 2123 1068 2210 σεβομένοις
1086 2121 1175 2212 μάλα

203 2227 356 2305 ἐπιεικῶς
380 2225 625 2314 προσεφέρετο,
660 2220 746 2293 ἀλλά
776 2223 889 2312 μέντοι
919 2225 976 2294 καὶ
998 2227 1081 2295 πᾶσι
1103 2239 1172 2307 τοῖς
1187 2254 1214 2297 εο

202 2317 262 2396 ἀπ’
301 2321 430 2414 αὐτόν,
475 2327 530 2394 καὶ
564 2320 754 2413 ὑπερόπτης
789 2321 966 2416 χρημάτων
1002 2321 1174 2416 ἐτύγχανε.

203 2429 394 2514 Μαξιμῖνος
419 2425 457 2494 δὲ
479 2428 538 2511 τῆς
556 2423 642 2518 ἑῴας
667 2421 780 2515 ἅρχων
797 2427 853 2496 κάὶ
871 2423 955 2496 κατά
971 2431 1177 2518 χριστιοιυῶν

204 2524 352 2614 διωγμὸν
378 2533 555 2612 κεκίνηκεν
582 2529 830 2617 ἐπαχθέστατον
869 2530 926 2598 καὶ
956 2543 1026 2610 τοῖς
1061 2525 1177 2613 ἄλλοις

202 2629 270 2697 τῶν
287 2623 448 2714 ὑπηκόων
465 2623 636 2716 βαρύτατα
659 2633 894 2719 προσεφέρετο.
930 2636 1177 2720 γυναικομαυέ·

203 2747 321 2809 στατος
338 2725 402 2816 γάρ
419 2731 475 2798 καὶ
499 2727 734 2820 μοιχικῶτατος
758 2727 807 2800 ῶν
830 2725 893 2817 οὐκ
917 2729 1089 2814 ίβιιότιδας
1111 2729 1176 2822 μό·
1189 2761 1213 2802 τε
1274 2753 1276 2780 ³

203 2857 265 2900 νου
289 2847 452 2919 γυναῖκας
478 2825 625 2924 ἀκούσας
649 2829 816 2921 ἐλάμβανε
846 2835 903 2902 καί
931 2830 1054 2916 ταότας
1086 2837 1176 2922 ἐμοί·
1274 2891 1276 2926 ,

202 2958 313 3021 χευευ,
332 2929 417 3002 ἀλλά
434 2934 490 3002 καὶ
508 2932 567 3014 τάς
582 2935 652 3003 τῶν
669 2936 866 3023 περιφανῶν
879 2931 1015 3022 ἀνδρῶν
1028 2934 1177 3024 γαμετάς
1274 2931 1276 2954 '

203 3039 262 3124 βίᾳ
293 3035 361 3104 τῶν
391 3029 528 3125 ἀνδρῶν
559 3031 722 3106 ἀποσπῶν
752 3037 808 3104 καὶ
838 3038 1025 3126 ἐνυβρίζων
1055 3034 1177 3120 αὐτοῖς

203 3129 309 3215 οὕτως
326 3133 411 3224 πρὸς
429 3133 508 3217 τούς
527 3141 635 3218 ίβίους
651 3133 772 3218 ταύτας
790 3137 977 3218 συνεόνους
990 3134 1176 3227 ἀνέπεμπε.

171 3240 375 3320 ομαντείαις
409 3229 490 3304 δ’
467 3264 512 3324 ην
541 3229 776 3328 προσεσχηκῶς
810 3241 972 3310 τοσοάτον
1007 3234 1052 3320 ῶς
1086 3241 1177 3329 μηδὲ
1190 3271 1215 3310 ιο

202 3331 466 3422 τούλάχιστου”
445 3363 528 3406 ανευ
554 3353 663 3408 ποιεῖν
692 3346 871 3463 μαντειῶν,
902 3342 959 3412 καὶ
990 3337 1046 3410 ιλιά
1076 3347 1177 3431 τιμῆς

204 3425 295 3520 αότῶ
317 3441 352 3504 οἱ
372 3439 545 3539 ποιοῦντες
568 3437 609 3508 τά
632 3437 806 3532 ἀπόρρητα
823 3470 953 3531 ηγοντο.
990 3431 1087 3525 οὗτος
1105 3450 1177 3515 τῶν
