2562 3814
202 169 262 232 142
459 169 531 220 LIB.
544 169 605 219 VII.
625 167 703 219 OAP.
716 168 817 220 XVIII.
829 168 905 219 XIX.

200 307 306 397 φόβος
323 299 386 380 οὖν
403 325 471 389 τοῖς
490 315 686 396 βουλευταῖς
706 308 862 377 ἐνέπεσεν
880 311 1041 378 ἐντεῦθεν
1058 307 1098 378 οὐ
1110 310 1166 398 με’-

200 438 301 500 τριος,
321 411 376 480 καὶ
396 407 451 479 διά
468 414 565 480 τοῦτο
583 412 640 478 καὶ
651 408 741 497 παρδι
753 407 892 497 γνώμην
910 413 978 479 τῶν
993 407 1167 499 ἀρχόντων

200 511 260 584 τόν
277 539 313 582 τε
334 507 520 600 Οὐαλέριον
543 518 640 600 σφίσι
664 513 719 580 καὶ
744 506 803 581 τόν
824 505 977 596 Ὁράτιον
1001 519 1163 600 ἔπεμψαν.

200 609 263 684 κάκ
281 609 401 684 τούτου
419 615 630 700 συναλλαγῆς
652 615 833 702 γενομένης
850 627 919 694 τοῖς
936 613 998 701 μέν
1016 611 1165 703 θορυβή-

201 736 301 785 σασιν
317 711 413 784 α”δεια
430 719 499 784 τῶν
516 715 736 802 πραχθέντων
760 711 864 802 ἐδόθη
888 715 943 784 καὶ
967 709 1191 804 ήδεκαρχίαε
1228 755 1231 760 ·

200 815 387 906 κατελύθη,
414 821 451 884 αί
468 815 506 887 δὲ
530 818 669 885 ἐπέτειοι
689 810 788 904 ἁρχαὶ
812 820 850 884 οἵ
865 842 901 884 τε
924 818 1038 886 λοιπαὶ
1056 818 1112 886 καί
1131 823 1169 886 αί

200 923 268 988 τῶν
286 916 466 1008 δημάρχων
484 919 538 987 ἐπὶ
551 931 620 997 τοῖς
632 912 747 998 αὐτοῖς
765 923 960 1007 προνομίας
971 921 1165 1006 ἐπανῆλθον

200 1018 253 1107 ἐφ’
280 1016 397 1109 οἷσπερ
427 1008 515 1108 ἦσαν
540 1019 596 1088 καί
624 1016 795 1109 πρότερον.
816 1053 819 1060 ·
842 1013 1099 1108 ἀποδειχθέντες
1126 1021 1165 1090 δὲ

166 1118 357 1211 σάρχοντες
381 1117 474 1191 ἄλλοι
496 1147 532 1191 τε
556 1120 611 1190 καί
639 1117 838 1210 Οὐεργίνιος
863 1118 1008 1210 τὸνμὲν
1023 1119 1167 1192 Ὄππιον

199 1219 257 1294 τόν
274 1251 310 1294 τε
327 1219 502 1293 Κλαύδιον
520 1228 567 1303 είς
587 1219 813 1312 δεσμωτήριον
832 1224 1008 1311 ἐνέβαλον,
1033 1229 1068 1293 οδ
1083 1225 1164 1314 πρὶν
1176 1252 1203 1292 10

201 1319 416 1413 εὐθυυθήναι
430 1318 575 1404 ’ἕαυτούς
594 1330 853 1414 διεχειρίσαντο,
878 1321 955 1406 τούς
974 1325 1011 1394 δὲ
1028 1324 1165 1408 λοιπούς

199 1423 386 1515 ἐγράψαντο
404 1428 460 1496 καὶ
479 1423 609 1506 ἑλόντες
628 1423 801 1512 ἐξήλασαν.

145 1526 184 1590 19
279 1533 324 1598 Οί
339 1525 374 1597 δ’
393 1525 525 1615 ὕπατοι,
543 1524 617 1596 τότε
633 1524 697 1616 γάρ
716 1527 845 1615 λέγεται
862 1533 996 1618 πρῶτον
1012 1525 1164 1610 ὑπάτους
1220 1517 1233 1540 Ἀ

199 1623 321 1710 αὐτούς
351 1630 677 1720 προσαγορευθῆναι,
707 1627 913 1718 στρατηγοὺς
936 1632 1164 1719 καλουμένους

198 1726 234 1798 τδ
258 1727 442 1819 πρότερον,
461 1719 548 1818 ἦσαν
573 1729 611 1799 δὲ
636 1725 820 1821 Οὐαλέριος
843 1732 900 1800 καί
919 1725 1080 1821 Ὁράτιος,
1105 1733 1163 1801 καί
1177 1757 1203 1798 ιε

197 1828 270 1900 τότε
288 1831 345 1900 καί
361 1834 535 1920 μετέπειτα
557 1834 605 1924 τῷ
622 1829 746 1920 πλήθει
763 1835 979 1922 προσέκειντο
1004 1834 1059 1903 καὶ
1081 1837 1164 1923 μάλ-

198 1941 258 2002 λον
275 1928 397 2014 αὐτούς
415 1925 437 2022 ή
452 1931 530 2013 τούς
549 1931 751 2024 εὐπατρίδας
777 1931 971 2022 ἐκράτυναν.
1009 1932 1164 2004 ἐλαττού-

197 2061 291 2123 μενοι
314 2024 377 2104 οὐν
406 2040 442 2105 οί
463 2030 662 2123 εὐπατρίδαι
690 2032 767 2105 οὐτε
799 2033 918 2127 ῥηίδιον
939 2041 1163 2125 συνελέγοντο

197 2133 275 2207 οὐτε
298 2135 338 2206 τά
364 2134 540 2227 πράγματα
565 2134 617 2206 ἐπ’
639 2132 751 2218 αὐτοις
777 2139 914 2208 ἐποίουν
937 2135 1162 2226 παντάπασιν,
1278 2167 1280 2218 3

197 2229 355 2308 ἀλλὰκαὶ
379 2236 457 2319 τούς
476 2236 665 2328 δημάρχους
689 2245 914 2332 οίωνοσκοπίρι
933 2242 970 2308 ἐν
988 2237 1161 2328 συλλόγοις
1175 2265 1201 2306 το

162 2343 343 2430 Βχρήσθαι
363 2337 566 2410 δεδοίκασιν·
593 2334 613 2408 δ
629 2338 717 2433 λόγῳ
734 2340 797 2428 μὲν
814 2339 913 2430 τιμήν
931 2339 1046 2423 αὐτοῖς
1064 2349 1164 2431 ἔφερε
1277 2341 1279 2360 ²

197 2443 252 2510 καί
270 2437 414 2529 ἀξίωμα,
438 2439 552 2530 μόνοις
574 2439 756 2530 γάρτοῦτο
775 2444 811 2512 ἐκ
835 2449 895 2512 τοῦ
913 2441 1004 2512 πάνυ
1022 2441 1163 2534 ἀρχαίου

196 2558 264 2622 τοῖς
283 2538 498 2631 εὐπατρίδαις
523 2544 759 2634 ἐπετέτραπτο,
785 2549 871 2638 ἔργςο
891 2544 929 2614 δὲ
946 2543 1085 2633 κώλυμα
1106 2536 1164 2634 ήυ,
1276 2627 1277 2632 ¹

195 2647 252 2713 ἵνα
270 2643 316 2733 μή
333 2647 459 2736 ῥηιδίως
477 2649 513 2714 οί
529 2641 690 2734 δήμαρχοι
713 2646 770 2714 καὶ
793 2643 829 2715 τό
852 2649 982 2735 πλῆθος
1004 2643 1067 2716 ὅσα
1084 2644 1164 2734 βοό-
1277 2721 1278 2724 ¹

195 2753 304 2816 λοιντο
326 2743 521 2837 πράττοιεν,
545 2743 629 2816 άλλδι
653 2743 820 2837 προφάσει
843 2753 902 2836 τῆς
920 2754 1163 2830 οἰωνοσκοπίας
1176 2771 1202 2813 ει
1276 2753 1278 2762 ’

196 2853 286 2918 ἐστιν
303 2837 345 2920 οὗ
364 2850 599 2938 ἐμποδίζοιυτο.
634 2846 816 2938 ἀχθόμενοι
835 2849 873 2918 δὲ
890 2865 959 2930 τοῖς
976 2845 1114 2931 ὑπάτοις
1131 2855 1168 2920 οἵ
1274 2879 1278 2952 j

195 2977 231 3022 τε
249 2948 446 3041 εὐπατρίδαι
464 2951 521 3020 καὶ
539 2943 560 3038 ή
579 2949 698 3039 βουλή,
717 2948 762 3032 ὥς
779 2949 819 3020 τὰ
836 2954 895 3021 τοῦ
913 2949 1066 3040 πλήθους
1080 2979 1163 3040 φρο-
1275 2959 1277 2998 ²

195 3055 325 3141 νούσιν,
349 3049 411 3124 οὐκ
429 3055 636 3142 ἐψηφίσαντο
654 3059 751 3141 σφίσι
768 3051 809 3121 τά
827 3055 989 3141 ἐπινίκια,
1014 3051 1164 3142 πόλεμον
1275 3129 1277 3152 2

196 3154 355 3243 ἑκατέρου
379 3152 593 3243 νικήσαντος,
621 3149 696 3224 οὐδ’
717 3151 845 3244 ήμέραυ
870 3152 997 3250 ἑκάστῳ
1025 3150 1163 3224 ὐπένει·

194 3283 273 3343 ραν,
297 3251 410 3346 ὥσπερ
436 3265 572 3327 ελθιστο.
610 3253 647 3326 τό
670 3260 784 3346 μέντοι
801 3259 932 3345 πλῆθος
958 3257 1012 3327 ἐπὶ
1037 3254 1101 3326 δύο
1125 3280 1201 3327 τεοο
1274 3267 1275 3270 ’

263 3486 330 3551 Cap.
348 3487 387 3536 19.
402 3487 511 3538 ›Dionis
524 3489 669 3540 Historiae
681 3489 822 3542 Romanae
836 3489 900 3542 libri
913 3489 1022 3556 perditi.
