<?xml version="1.0" encoding="UTF-8"?>
<!DOCTYPE html PUBLIC "-//W3C//DTD XHTML 1.0 Transitional//EN"
    "http://www.w3.org/TR/xhtml1/DTD/xhtml1-transitional.dtd">
<html xmlns="http://www.w3.org/1999/xhtml" xml:lang="en" lang="en">
 <head>
  <title>
</title>
<meta http-equiv="Content-Type" content="text/html;charset=utf-8" />
  <meta name='ocr-system' content='tesseract 3.04.00' />
  <meta name='ocr-capabilities' content='ocr_page ocr_carea ocr_par ocr_line ocrx_word'/>
</head>
<body>
  <div class='ocr_page' id='page_1' title='image "./iannoutouznapae01canggoog_0666.png"; bbox 0 0 2566 3800; ppageno 0'>
   <div class='ocr_carea' id='block_1_1' title="bbox 408 197 1063 265">
    <p class='ocr_par' dir='ltr' id='par_1_1' title="bbox 408 197 1063 265">
     <span class='ocr_line' id='line_1_1' title="bbox 408 197 1063 265; baseline 0.023 -17"><span class='ocrx_word' id='word_1_1' title='bbox 408 197 479 250; x_wconf 75' lang='grc' dir='ltr'><strong><em>τω.</em></strong></span> <span class='ocrx_word' id='word_1_2' title='bbox 498 199 576 252; x_wconf 81' lang='lat' dir='ltr'><strong><em>xm.</em></strong></span> <span class='ocrx_word' id='word_1_3' title='bbox 596 199 676 251; x_wconf 72' lang='grc' dir='ltr'><strong><em>σεε.</em></strong></span> <span class='ocrx_word' id='word_1_4' title='bbox 695 199 745 251; x_wconf 84' lang='lat'>111.</span> <span class='ocrx_word' id='word_1_5' title='bbox 1004 199 1063 265; x_wconf 90' lang='lat'><strong><em>181</em></strong></span> 
     </span>
    </p>
   </div>
   <div class='ocr_carea' id='block_1_2' title="bbox 1 331 1167 3365">
    <p class='ocr_par' dir='ltr' id='par_1_2' title="bbox 1 331 1167 3365">
     <span class='ocr_line' id='line_1_2' title="bbox 1 331 1065 429; baseline 0.006 -25"><span class='ocrx_word' id='word_1_6' title='bbox 1 410 2 413; x_wconf 9' lang='grc' dir='ltr'><strong><em>χ</em></strong></span> <span class='ocrx_word' id='word_1_7' title='bbox 97 336 155 405; x_wconf 78' lang='grc' dir='ltr'><strong><em>καί</em></strong></span> <span class='ocrx_word' id='word_1_8' title='bbox 179 341 227 416; x_wconf 90' lang='grc' dir='ltr'><strong><em>είς</em></strong></span> <span class='ocrx_word' id='word_1_9' title='bbox 250 343 374 418; x_wconf 82' lang='grc' dir='ltr'><strong><em>οἰκείας</em></strong></span> <span class='ocrx_word' id='word_1_10' title='bbox 398 331 601 420; x_wconf 71' lang='grc' dir='ltr'><strong><em>ἀπολαύσεις</em></strong></span> <span class='ocrx_word' id='word_1_11' title='bbox 632 342 815 429; x_wconf 78' lang='grc' dir='ltr'><strong><em>χρωμένων</em></strong></span> <span class='ocrx_word' id='word_1_12' title='bbox 839 337 973 429; x_wconf 79' lang='grc' dir='ltr'><strong><em>αὐτοῖς,</em></strong></span> <span class='ocrx_word' id='word_1_13' title='bbox 1008 342 1065 410; x_wconf 81' lang='grc' dir='ltr'><strong><em>καὶ</em></strong></span> 
     </span>
     <span class='ocr_line' id='line_1_3' title="bbox 1 434 1065 531; baseline 0.004 -24"><span class='ocrx_word' id='word_1_14' title='bbox 1 462 2 465; x_wconf 72' lang='grc'>’</span> <span class='ocrx_word' id='word_1_15' title='bbox 97 437 228 508; x_wconf 87' lang='grc' dir='ltr'><strong><em>τούτων</em></strong></span> <span class='ocrx_word' id='word_1_16' title='bbox 246 440 338 519; x_wconf 89' lang='grc' dir='ltr'><strong><em>ἐνίας</em></strong></span> <span class='ocrx_word' id='word_1_17' title='bbox 352 434 416 508; x_wconf 87' lang='grc' dir='ltr'><strong><em>ου’κ</em></strong></span> <span class='ocrx_word' id='word_1_18' title='bbox 430 436 576 528; x_wconf 75' lang='grc' dir='ltr'><strong><em>εὐαγεῖς,</em></strong></span> <span class='ocrx_word' id='word_1_19' title='bbox 594 441 650 508; x_wconf 81' lang='grc' dir='ltr'><strong><em>καί</em></strong></span> <span class='ocrx_word' id='word_1_20' title='bbox 665 442 892 531; x_wconf 76' lang='grc' dir='ltr'><strong><em>δωρουμένων</em></strong></span> <span class='ocrx_word' id='word_1_21' title='bbox 910 435 962 522; x_wconf 79' lang='grc' dir='ltr'><strong><em>οἷς</em></strong></span> <span class='ocrx_word' id='word_1_22' title='bbox 979 442 1065 530; x_wconf 81' lang='grc' dir='ltr'><strong><em>βού-</em></strong></span> 
     </span>
     <span class='ocr_line' id='line_1_4' title="bbox 1 537 1065 633; baseline 0.005 -26"><span class='ocrx_word' id='word_1_23' title='bbox 1 538 2 543; x_wconf 60' lang='grc'>’</span> <span class='ocrx_word' id='word_1_24' title='bbox 97 547 210 608; x_wconf 88' lang='grc' dir='ltr'><strong><em>λονται</em></strong></span> <span class='ocrx_word' id='word_1_25' title='bbox 239 537 280 608; x_wconf 82' lang='grc' dir='ltr'><strong><em>τό</em></strong></span> <span class='ocrx_word' id='word_1_26' title='bbox 311 539 453 628; x_wconf 89' lang='grc' dir='ltr'><strong><em>δημόσια</em></strong></span> <span class='ocrx_word' id='word_1_27' title='bbox 483 541 541 609; x_wconf 81' lang='grc' dir='ltr'><strong><em>καί</em></strong></span> <span class='ocrx_word' id='word_1_28' title='bbox 571 539 613 610; x_wconf 86' lang='grc' dir='ltr'><strong><em>ού</em></strong></span> <span class='ocrx_word' id='word_1_29' title='bbox 645 544 814 631; x_wconf 81' lang='grc' dir='ltr'><strong><em>ποιμένων</em></strong></span> <span class='ocrx_word' id='word_1_30' title='bbox 843 541 969 633; x_wconf 79' lang='grc' dir='ltr'><strong><em>τρόπον</em></strong></span> <span class='ocrx_word' id='word_1_31' title='bbox 995 558 1065 623; x_wconf 84' lang='grc' dir='ltr'><strong><em>τοῖς</em></strong></span> 
     </span>
     <span class='ocr_line' id='line_1_5' title="bbox 97 637 1066 736; baseline 0.005 -27"><span class='ocrx_word' id='word_1_32' title='bbox 97 637 259 728; x_wconf 80' lang='grc' dir='ltr'><strong><em>ὑπηκόοις</em></strong></span> <span class='ocrx_word' id='word_1_33' title='bbox 289 643 591 731; x_wconf 80' lang='grc' dir='ltr'><strong><em>προσφερομένων,</em></strong></span> <span class='ocrx_word' id='word_1_34' title='bbox 622 643 806 734; x_wconf 83' lang='grc' dir='ltr'><strong><em>αειρόντων</em></strong></span> <span class='ocrx_word' id='word_1_35' title='bbox 838 643 877 714; x_wconf 82' lang='grc' dir='ltr'><strong><em>τό</em></strong></span> <span class='ocrx_word' id='word_1_36' title='bbox 911 643 1066 736; x_wconf 87' lang='grc' dir='ltr'><strong><em>περιττόν</em></strong></span> 
     </span>
     <span class='ocr_line' id='line_1_6' title="bbox 71 740 1065 836; baseline -0.001 -21"><span class='ocrx_word' id='word_1_37' title='bbox 71 747 157 830; x_wconf 78' lang='grc' dir='ltr'><strong><em>ιτῆς</em></strong></span> <span class='ocrx_word' id='word_1_38' title='bbox 174 740 287 832; x_wconf 85' lang='grc' dir='ltr'><strong><em>τριχός</em></strong></span> <span class='ocrx_word' id='word_1_39' title='bbox 312 743 369 812; x_wconf 85' lang='grc' dir='ltr'><strong><em>καὶ</em></strong></span> <span class='ocrx_word' id='word_1_40' title='bbox 392 744 621 832; x_wconf 77' lang='grc' dir='ltr'><strong><em>πεφεισμένως</em></strong></span> <span class='ocrx_word' id='word_1_41' title='bbox 640 745 905 836; x_wconf 80' lang='grc' dir='ltr'><strong><em>ἐμφορουμένων</em></strong></span> <span class='ocrx_word' id='word_1_42' title='bbox 921 749 984 816; x_wconf 83' lang='grc' dir='ltr'><strong><em>τού</em></strong></span> <span class='ocrx_word' id='word_1_43' title='bbox 1001 745 1065 832; x_wconf 87' lang='grc' dir='ltr'><strong><em>γά-</em></strong></span> 
     </span>
     <span class='ocr_line' id='line_1_7' title="bbox 97 840 1167 935; baseline 0.006 -23"><span class='ocrx_word' id='word_1_44' title='bbox 97 853 229 930; x_wconf 83' lang='grc' dir='ltr'><strong><em>λαατος,</em></strong></span> <span class='ocrx_word' id='word_1_45' title='bbox 253 840 338 912; x_wconf 84' lang='grc' dir='ltr'><strong><em>ἀλλά</em></strong></span> <span class='ocrx_word' id='word_1_46' title='bbox 361 848 461 932; x_wconf 90' lang='grc' dir='ltr'><strong><em>δίκην</em></strong></span> <span class='ocrx_word' id='word_1_47' title='bbox 485 851 621 935; x_wconf 87' lang='grc' dir='ltr'><strong><em>ληστῶν</em></strong></span> <span class='ocrx_word' id='word_1_48' title='bbox 646 843 733 916; x_wconf 80' lang='grc' dir='ltr'><strong><em>αὐτὰ</em></strong></span> <span class='ocrx_word' id='word_1_49' title='bbox 757 845 1000 917; x_wconf 80' lang='grc' dir='ltr'><strong><em>καταθυόντων</em></strong></span> <span class='ocrx_word' id='word_1_50' title='bbox 1023 845 1063 916; x_wconf 87' lang='grc' dir='ltr'><strong><em>τόι</em></strong></span> <span class='ocrx_word' id='word_1_51' title='bbox 1077 865 1167 918; x_wconf 65' lang='lat' dir='ltr'>PII?</span> 
     </span>
     <span class='ocr_line' id='line_1_8' title="bbox 67 935 1099 1037; baseline 0.001 -23"><span class='ocrx_word' id='word_1_52' title='bbox 67 1016 75 1030; x_wconf 65' lang='grc'><strong><em>,</em></strong></span> <span class='ocrx_word' id='word_1_53' title='bbox 98 944 249 1035; x_wconf 81' lang='grc' dir='ltr'><strong><em>πρόβατα</em></strong></span> <span class='ocrx_word' id='word_1_54' title='bbox 274 946 330 1014; x_wconf 81' lang='grc' dir='ltr'><strong><em>καί</em></strong></span> <span class='ocrx_word' id='word_1_55' title='bbox 353 951 423 1015; x_wconf 88' lang='grc' dir='ltr'><strong><em>τῶν</em></strong></span> <span class='ocrx_word' id='word_1_56' title='bbox 441 951 577 1037; x_wconf 89' lang='grc' dir='ltr'><strong><em>σαρκῶν</em></strong></span> <span class='ocrx_word' id='word_1_57' title='bbox 603 947 868 1037; x_wconf 81' lang='grc' dir='ltr'><strong><em>ἐμφορουμένων</em></strong></span> <span class='ocrx_word' id='word_1_58' title='bbox 884 945 906 1036; x_wconf 79' lang='grc' dir='ltr'><strong><em>ἢ</em></strong></span> <span class='ocrx_word' id='word_1_59' title='bbox 925 947 982 1016; x_wconf 81' lang='grc' dir='ltr'><strong><em>καί</em></strong></span> <span class='ocrx_word' id='word_1_60' title='bbox 999 935 1099 1016; x_wconf 74' lang='grc' dir='ltr'><strong><em>αύ-Α</em></strong></span> 
     </span>
     <span class='ocr_line' id='line_1_9' title="bbox 4 1041 1066 1139; baseline 0.003 -24"><span class='ocrx_word' id='word_1_61' title='bbox 4 1079 9 1086; x_wconf 95' lang='grc'><strong><em>·</em></strong></span> <span class='ocrx_word' id='word_1_62' title='bbox 97 1045 178 1127; x_wconf 86' lang='grc' dir='ltr'><strong><em>τούς</em></strong></span> <span class='ocrx_word' id='word_1_63' title='bbox 202 1045 420 1135; x_wconf 81' lang='grc' dir='ltr'><strong><em>έκμυζῶντων</em></strong></span> <span class='ocrx_word' id='word_1_64' title='bbox 450 1045 529 1129; x_wconf 86' lang='grc' dir='ltr'><strong><em>τούς</em></strong></span> <span class='ocrx_word' id='word_1_65' title='bbox 552 1048 709 1137; x_wconf 90' lang='grc' dir='ltr'><strong><em>μυελούς.</em></strong></span> <span class='ocrx_word' id='word_1_66' title='bbox 751 1047 859 1139; x_wconf 70' lang='grc' dir='ltr'><strong><em>ἡμὲν</em></strong></span> <span class='ocrx_word' id='word_1_67' title='bbox 881 1041 947 1119; x_wconf 83' lang='grc' dir='ltr'><strong><em>ούν</em></strong></span> <span class='ocrx_word' id='word_1_68' title='bbox 971 1045 1066 1130; x_wconf 80' lang='grc' dir='ltr'><strong><em>πόλις</em></strong></span> 
     </span>
     <span class='ocr_line' id='line_1_10' title="bbox 98 1143 1066 1244; baseline 0.005 -29"><span class='ocrx_word' id='word_1_69' title='bbox 98 1144 188 1216; x_wconf 78' lang='grc' dir='ltr'><strong><em>οὕτω</em></strong></span> <span class='ocrx_word' id='word_1_70' title='bbox 206 1144 297 1238; x_wconf 86' lang='grc' dir='ltr'><strong><em>παρά</em></strong></span> <span class='ocrx_word' id='word_1_71' title='bbox 321 1152 382 1217; x_wconf 83' lang='grc' dir='ltr'><strong><em>τού</em></strong></span> <span class='ocrx_word' id='word_1_72' title='bbox 407 1143 570 1236; x_wconf 76' lang='grc' dir='ltr'><strong><em>εύσεβοῦς</em></strong></span> <span class='ocrx_word' id='word_1_73' title='bbox 595 1151 728 1220; x_wconf 76' lang='grc' dir='ltr'><strong><em>ἐκείνου</em></strong></span> <span class='ocrx_word' id='word_1_74' title='bbox 752 1151 914 1238; x_wconf 80' lang='grc' dir='ltr'><strong><em>βασιλέως</em></strong></span> <span class='ocrx_word' id='word_1_75' title='bbox 938 1145 1066 1244; x_wconf 80' lang='grc' dir='ltr'><strong><em>ἀνωκο·</em></strong></span> 
     </span>
     <span class='ocr_line' id='line_1_11' title="bbox 59 1245 1067 1337; baseline 0.003 -17"><span class='ocrx_word' id='word_1_76' title='bbox 59 1281 84 1320; x_wconf 82' lang='lat'><strong><em>10</em></strong></span> <span class='ocrx_word' id='word_1_77' title='bbox 99 1248 224 1337; x_wconf 89' lang='grc' dir='ltr'><strong><em>δόμητο</em></strong></span> <span class='ocrx_word' id='word_1_78' title='bbox 247 1247 331 1318; x_wconf 76' lang='grc' dir='ltr'><strong><em>κατὰ</em></strong></span> <span class='ocrx_word' id='word_1_79' title='bbox 353 1245 392 1319; x_wconf 85' lang='grc' dir='ltr'><strong><em>τό</em></strong></span> <span class='ocrx_word' id='word_1_80' title='bbox 418 1249 520 1320; x_wconf 86' lang='grc' dir='ltr'><strong><em>πάλαι</em></strong></span> <span class='ocrx_word' id='word_1_81' title='bbox 538 1249 731 1334; x_wconf 81' lang='grc' dir='ltr'><strong><em>Βυζάντιον.</em></strong></span> <span class='ocrx_word' id='word_1_82' title='bbox 765 1248 805 1321; x_wconf 89' lang='grc' dir='ltr'><strong><em>τό</em></strong></span> <span class='ocrx_word' id='word_1_83' title='bbox 830 1251 868 1322; x_wconf 77' lang='grc' dir='ltr'><strong><em>δέ</em></strong></span> <span class='ocrx_word' id='word_1_84' title='bbox 885 1247 1067 1336; x_wconf 78' lang='grc' dir='ltr'><strong><em>Βυζάντιον</em></strong></span> 
     </span>
     <span class='ocr_line' id='line_1_12' title="bbox 99 1346 1066 1444; baseline 0.003 -25"><span class='ocrx_word' id='word_1_85' title='bbox 99 1349 195 1431; x_wconf 88' lang='grc' dir='ltr'><strong><em>πόλις</em></strong></span> <span class='ocrx_word' id='word_1_86' title='bbox 218 1351 275 1418; x_wconf 83' lang='grc' dir='ltr'><strong><em>καὶ</em></strong></span> <span class='ocrx_word' id='word_1_87' title='bbox 298 1346 417 1444; x_wconf 75' lang='grc' dir='ltr'><strong><em>πρῴην</em></strong></span> <span class='ocrx_word' id='word_1_88' title='bbox 442 1351 626 1440; x_wconf 75' lang='grc' dir='ltr'><strong><em>ἐτύγχανεν</em></strong></span> <span class='ocrx_word' id='word_1_89' title='bbox 648 1347 691 1423; x_wconf 86' lang='grc' dir='ltr'><strong><em>ού</em></strong></span> <span class='ocrx_word' id='word_1_90' title='bbox 722 1357 792 1422; x_wconf 87' lang='grc' dir='ltr'><strong><em>τῶν</em></strong></span> <span class='ocrx_word' id='word_1_91' title='bbox 823 1347 1015 1442; x_wconf 87' lang='grc' dir='ltr'><strong><em>ἀνωνύμων</em></strong></span> <span class='ocrx_word' id='word_1_92' title='bbox 1044 1351 1066 1440; x_wconf 82' lang='grc' dir='ltr'><em>ἢ</em></span> 
     </span>
     <span class='ocr_line' id='line_1_13' title="bbox 97 1445 1066 1542; baseline 0.004 -22"><span class='ocrx_word' id='word_1_93' title='bbox 97 1455 167 1520; x_wconf 87' lang='grc' dir='ltr'><strong><em>τῶν</em></strong></span> <span class='ocrx_word' id='word_1_94' title='bbox 191 1445 353 1540; x_wconf 78' lang='grc' dir='ltr'><strong><em>ἀσήμων,</em></strong></span> <span class='ocrx_word' id='word_1_95' title='bbox 377 1446 463 1521; x_wconf 88' lang='grc' dir='ltr'><strong><em>ἀλλά</em></strong></span> <span class='ocrx_word' id='word_1_96' title='bbox 489 1454 546 1522; x_wconf 85' lang='grc' dir='ltr'><strong><em>καὶ</em></strong></span> <span class='ocrx_word' id='word_1_97' title='bbox 564 1453 709 1542; x_wconf 79' lang='grc' dir='ltr'><strong><em>πλήθεσι</em></strong></span> <span class='ocrx_word' id='word_1_98' title='bbox 728 1460 874 1523; x_wconf 89' lang='grc' dir='ltr'><strong><em>πολιτῶν</em></strong></span> <span class='ocrx_word' id='word_1_99' title='bbox 893 1451 1066 1541; x_wconf 78' lang='grc' dir='ltr'><strong><em>εύδηνου·</em></strong></span> 
     </span>
     <span class='ocr_line' id='line_1_14' title="bbox 97 1551 1067 1646; baseline 0.002 -24"><span class='ocrx_word' id='word_1_100' title='bbox 97 1554 182 1641; x_wconf 89' lang='grc' dir='ltr'><strong><em>με’νη</em></strong></span> <span class='ocrx_word' id='word_1_101' title='bbox 208 1553 264 1622; x_wconf 75' lang='grc' dir='ltr'><strong><em>καὶ</em></strong></span> <span class='ocrx_word' id='word_1_102' title='bbox 289 1552 424 1646; x_wconf 79' lang='grc' dir='ltr'><strong><em>πλούτῳ</em></strong></span> <span class='ocrx_word' id='word_1_103' title='bbox 448 1555 505 1622; x_wconf 84' lang='grc' dir='ltr'><strong><em>καὶ</em></strong></span> <span class='ocrx_word' id='word_1_104' title='bbox 529 1551 668 1641; x_wconf 89' lang='grc' dir='ltr'><strong><em>ἀνδρῶν</em></strong></span> <span class='ocrx_word' id='word_1_105' title='bbox 692 1555 902 1643; x_wconf 79' lang='grc' dir='ltr'><strong><em>γενναιότητι</em></strong></span> <span class='ocrx_word' id='word_1_106' title='bbox 925 1555 981 1623; x_wconf 86' lang='grc' dir='ltr'><strong><em>καὶ</em></strong></span> <span class='ocrx_word' id='word_1_107' title='bbox 998 1581 1067 1624; x_wconf 88' lang='grc' dir='ltr'><strong><em>τει-</em></strong></span> 
     </span>
     <span class='ocr_line' id='line_1_15' title="bbox 98 1653 1066 1746; baseline 0.002 -23"><span class='ocrx_word' id='word_1_108' title='bbox 98 1657 170 1743; x_wconf 89' lang='grc' dir='ltr'><strong><em>χῶν</em></strong></span> <span class='ocrx_word' id='word_1_109' title='bbox 188 1653 398 1744; x_wconf 81' lang='grc' dir='ltr'><strong><em>ἐρυμνότητι,</em></strong></span> <span class='ocrx_word' id='word_1_110' title='bbox 422 1655 479 1724; x_wconf 85' lang='grc' dir='ltr'><strong><em>καλ</em></strong></span> <span class='ocrx_word' id='word_1_111' title='bbox 496 1660 660 1725; x_wconf 85' lang='grc' dir='ltr'><strong><em>τοσούτου</em></strong></span> <span class='ocrx_word' id='word_1_112' title='bbox 685 1653 729 1737; x_wconf 84' lang='grc' dir='ltr'><strong><em>ῶς</em></strong></span> <span class='ocrx_word' id='word_1_113' title='bbox 755 1657 811 1725; x_wconf 83' lang='grc' dir='ltr'><strong><em>έπλ</em></strong></span> <span class='ocrx_word' id='word_1_114' title='bbox 834 1671 925 1746; x_wconf 81' lang='grc' dir='ltr'><strong><em>τρεῖς</em></strong></span> <span class='ocrx_word' id='word_1_115' title='bbox 951 1659 1066 1727; x_wconf 89' lang='grc' dir='ltr'><strong><em>ἐνιαυ-</em></strong></span> 
     </span>
     <span class='ocr_line' id='line_1_16' title="bbox 57 1753 1139 1850; baseline 0.001 -21"><span class='ocrx_word' id='word_1_116' title='bbox 57 1787 85 1828; x_wconf 78' lang='grc' dir='ltr'><strong><em>ιι</em></strong></span> <span class='ocrx_word' id='word_1_117' title='bbox 98 1754 179 1835; x_wconf 84' lang='grc' dir='ltr'><strong><em>τούς</em></strong></span> <span class='ocrx_word' id='word_1_118' title='bbox 198 1755 253 1824; x_wconf 86' lang='grc' dir='ltr'><strong><em>ἐπὶ</em></strong></span> <span class='ocrx_word' id='word_1_119' title='bbox 268 1753 428 1844; x_wconf 80' lang='grc' dir='ltr'><strong><em>Σευήρου</em></strong></span> <span class='ocrx_word' id='word_1_120' title='bbox 447 1761 508 1824; x_wconf 84' lang='grc' dir='ltr'><strong><em>τοῦ</em></strong></span> <span class='ocrx_word' id='word_1_121' title='bbox 527 1759 564 1825; x_wconf 87' lang='grc' dir='ltr'><strong><em>ἐν</em></strong></span> <span class='ocrx_word' id='word_1_122' title='bbox 577 1755 684 1848; x_wconf 78' lang='grc' dir='ltr'><strong><em>Ῥῶμη</em></strong></span> <span class='ocrx_word' id='word_1_123' title='bbox 704 1763 746 1848; x_wconf 81' lang='grc' dir='ltr'><strong><em>τῇ</em></strong></span> <span class='ocrx_word' id='word_1_124' title='bbox 766 1764 891 1850; x_wconf 77' lang='grc' dir='ltr'><strong><em>παλαιᾷ</em></strong></span> <span class='ocrx_word' id='word_1_125' title='bbox 907 1756 1068 1845; x_wconf 81' lang='grc' dir='ltr'><strong><em>βασιλεύ·</em></strong></span> <span class='ocrx_word' id='word_1_126' title='bbox 1136 1825 1139 1830; x_wconf 88' lang='grc'><em>.</em></span> 
     </span>
     <span class='ocr_line' id='line_1_17' title="bbox 1 1853 1066 1948; baseline 0.001 -22"><span class='ocrx_word' id='word_1_127' title='bbox 1 1866 2 1869; x_wconf 73' lang='grc'>’</span> <span class='ocrx_word' id='word_1_128' title='bbox 97 1878 219 1937; x_wconf 88' lang='grc' dir='ltr'><strong><em>σαντος</em></strong></span> <span class='ocrx_word' id='word_1_129' title='bbox 250 1853 342 1947; x_wconf 77' lang='grc' dir='ltr'><strong><em>παρὰ</em></strong></span> <span class='ocrx_word' id='word_1_130' title='bbox 368 1854 541 1946; x_wconf 87' lang='grc' dir='ltr'><strong><em>Ῥωμαίων</em></strong></span> <span class='ocrx_word' id='word_1_131' title='bbox 575 1866 827 1948; x_wconf 78' lang='grc' dir='ltr'><strong><em>πολιορκεῖσθαι</em></strong></span> <span class='ocrx_word' id='word_1_132' title='bbox 866 1860 923 1928; x_wconf 82' lang='grc' dir='ltr'><strong><em>καὶ</em></strong></span> <span class='ocrx_word' id='word_1_133' title='bbox 958 1856 1066 1928; x_wconf 82' lang='grc' dir='ltr'><strong><em>πολλὰ</em></strong></span> 
     </span>
     <span class='ocr_line' id='line_1_18' title="bbox 97 1953 1067 2049; baseline 0.003 -23"><span class='ocrx_word' id='word_1_134' title='bbox 97 1955 188 2046; x_wconf 86' lang='grc' dir='ltr'><strong><em>παρά</em></strong></span> <span class='ocrx_word' id='word_1_135' title='bbox 206 1963 278 2027; x_wconf 90' lang='grc' dir='ltr'><strong><em>τῶν</em></strong></span> <span class='ocrx_word' id='word_1_136' title='bbox 296 1959 591 2049; x_wconf 85' lang='grc' dir='ltr'><strong><em>πολιορκουμένων</em></strong></span> <span class='ocrx_word' id='word_1_137' title='bbox 604 1955 792 2047; x_wconf 74' lang='grc' dir='ltr'><strong><em>ὑποστῆναι</em></strong></span> <span class='ocrx_word' id='word_1_138' title='bbox 809 1957 947 2047; x_wconf 85' lang='grc' dir='ltr'><strong><em>αύτούς,</em></strong></span> <span class='ocrx_word' id='word_1_139' title='bbox 966 1958 1010 2041; x_wconf 87' lang='grc' dir='ltr'><strong><em>ῶς</em></strong></span> <span class='ocrx_word' id='word_1_140' title='bbox 1022 1953 1067 2029; x_wconf 89' lang='grc' dir='ltr'><strong><em>Ιἐν</em></strong></span> 
     </span>
     <span class='ocr_line' id='line_1_19' title="bbox 96 2058 1067 2150; baseline 0.002 -22"><span class='ocrx_word' id='word_1_141' title='bbox 96 2060 269 2149; x_wconf 81' lang='grc' dir='ltr'><strong><em>τοῖςπερὶ</em></strong></span> <span class='ocrx_word' id='word_1_142' title='bbox 294 2059 453 2150; x_wconf 79' lang='grc' dir='ltr'><strong><em>Σευήρου</em></strong></span> <span class='ocrx_word' id='word_1_143' title='bbox 476 2087 532 2148; x_wconf 92' lang='grc' dir='ltr'><strong><em>μοι</em></strong></span> <span class='ocrx_word' id='word_1_144' title='bbox 555 2058 800 2149; x_wconf 79' lang='grc' dir='ltr'><strong><em>προῖστόρηται.</em></strong></span> <span class='ocrx_word' id='word_1_145' title='bbox 842 2062 920 2150; x_wconf 79' lang='grc' dir='ltr'><strong><em>περὶ</em></strong></span> <span class='ocrx_word' id='word_1_146' title='bbox 945 2060 983 2130; x_wconf 75' lang='grc' dir='ltr'><strong><em>δὲ</em></strong></span> <span class='ocrx_word' id='word_1_147' title='bbox 1008 2066 1067 2148; x_wconf 78' lang='grc' dir='ltr'><strong><em>τῆς</em></strong></span> 
     </span>
     <span class='ocr_line' id='line_1_20' title="bbox 97 2158 1066 2249; baseline -0.002 -19"><span class='ocrx_word' id='word_1_148' title='bbox 97 2165 166 2230; x_wconf 89' lang='grc' dir='ltr'><strong><em>τῶν</em></strong></span> <span class='ocrx_word' id='word_1_149' title='bbox 184 2167 377 2244; x_wconf 74' lang='grc' dir='ltr'><strong><em>Βυζαντίων</em></strong></span> <span class='ocrx_word' id='word_1_150' title='bbox 402 2158 579 2249; x_wconf 80' lang='grc' dir='ltr'><strong><em>δυνάμεως</em></strong></span> <span class='ocrx_word' id='word_1_151' title='bbox 602 2161 659 2229; x_wconf 79' lang='grc' dir='ltr'><strong><em>καί</em></strong></span> <span class='ocrx_word' id='word_1_152' title='bbox 683 2165 742 2248; x_wconf 80' lang='grc' dir='ltr'><strong><em>τῆς</em></strong></span> <span class='ocrx_word' id='word_1_153' title='bbox 760 2165 829 2230; x_wconf 84' lang='grc' dir='ltr'><strong><em>τῶν</em></strong></span> <span class='ocrx_word' id='word_1_154' title='bbox 846 2166 964 2248; x_wconf 78' lang='grc' dir='ltr'><strong><em>τειχῶν</em></strong></span> <span class='ocrx_word' id='word_1_155' title='bbox 982 2159 1066 2246; x_wconf 87' lang='grc' dir='ltr'><strong><em>ὀχυ-</em></strong></span> 
     </span>
     <span class='ocr_line' id='line_1_21' title="bbox 54 2259 1101 2352; baseline 0 -16"><span class='ocrx_word' id='word_1_156' title='bbox 54 2295 85 2336; x_wconf 75' lang='grc' dir='ltr'><strong><em>νο</em></strong></span> <span class='ocrx_word' id='word_1_157' title='bbox 99 2261 236 2350; x_wconf 87' lang='grc' dir='ltr'><strong><em>ρότητος</em></strong></span> <span class='ocrx_word' id='word_1_158' title='bbox 260 2268 366 2332; x_wconf 83' lang='grc' dir='ltr'><strong><em>ταῶτα</em></strong></span> <span class='ocrx_word' id='word_1_159' title='bbox 388 2259 406 2330; x_wconf 88' lang='grc' dir='ltr'><strong><em>ό</em></strong></span> <span class='ocrx_word' id='word_1_160' title='bbox 425 2267 523 2333; x_wconf 89' lang='grc' dir='ltr'><strong><em>Δίων</em></strong></span> <span class='ocrx_word' id='word_1_161' title='bbox 547 2263 584 2331; x_wconf 87' lang='grc' dir='ltr'><strong><em>ἐν</em></strong></span> <span class='ocrx_word' id='word_1_162' title='bbox 607 2276 677 2343; x_wconf 84' lang='grc' dir='ltr'><strong><em>τοῖς</em></strong></span> <span class='ocrx_word' id='word_1_163' title='bbox 696 2263 772 2352; x_wconf 83' lang='grc' dir='ltr'><strong><em>περὶ</em></strong></span> <span class='ocrx_word' id='word_1_164' title='bbox 791 2260 949 2351; x_wconf 81' lang='grc' dir='ltr'><strong><em>Σευήρου</em></strong></span> <span class='ocrx_word' id='word_1_165' title='bbox 968 2267 1101 2350; x_wconf 86' lang='grc' dir='ltr'><strong><em>φησί·Β</em></strong></span> 
     </span>
     <span class='ocr_line' id='line_1_22' title="bbox 93 2357 1066 2454; baseline -0.004 -20"><span class='ocrx_word' id='word_1_166' title='bbox 93 2357 221 2452; x_wconf 40' lang='grc' dir='ltr'><strong><em>’(Τείχη</em></strong></span> <span class='ocrx_word' id='word_1_167' title='bbox 235 2363 273 2433; x_wconf 72' lang='grc' dir='ltr'><strong><em>δέ</em></strong></span> <span class='ocrx_word' id='word_1_168' title='bbox 290 2361 327 2434; x_wconf 88' lang='grc' dir='ltr'><strong><em>τό</em></strong></span> <span class='ocrx_word' id='word_1_169' title='bbox 337 2361 521 2447; x_wconf 70' lang='grc' dir='ltr'><strong><em>Βυζάντιον</em></strong></span> <span class='ocrx_word' id='word_1_170' title='bbox 538 2361 771 2454; x_wconf 74' lang='grc' dir='ltr'><strong><em>καρτερώτατα</em></strong></span> <span class='ocrx_word' id='word_1_171' title='bbox 785 2360 890 2452; x_wconf 82' lang='grc' dir='ltr'><strong><em>εἶχεν·</em></strong></span> <span class='ocrx_word' id='word_1_172' title='bbox 910 2360 931 2431; x_wconf 85' lang='grc' dir='ltr'>ὅ</span> <span class='ocrx_word' id='word_1_173' title='bbox 947 2387 983 2431; x_wconf 89' lang='grc' dir='ltr'><strong><em>τε</em></strong></span> <span class='ocrx_word' id='word_1_174' title='bbox 1000 2357 1066 2452; x_wconf 85' lang='grc' dir='ltr'><strong><em>γάρ</em></strong></span> 
     </span>
     <span class='ocr_line' id='line_1_23' title="bbox 96 2461 1066 2557; baseline -0.001 -23"><span class='ocrx_word' id='word_1_175' title='bbox 96 2464 213 2554; x_wconf 76' lang='grc' dir='ltr'><strong><em>θῶραξ</em></strong></span> <span class='ocrx_word' id='word_1_176' title='bbox 231 2461 347 2535; x_wconf 74' lang='grc' dir='ltr'><strong><em>αὐτῶν</em></strong></span> <span class='ocrx_word' id='word_1_177' title='bbox 365 2471 474 2546; x_wconf 81' lang='grc' dir='ltr'><strong><em>λίθοις</em></strong></span> <span class='ocrx_word' id='word_1_178' title='bbox 498 2465 712 2555; x_wconf 88' lang='grc' dir='ltr'><strong><em>τετραπέδοις</em></strong></span> <span class='ocrx_word' id='word_1_179' title='bbox 730 2467 849 2556; x_wconf 89' lang='grc' dir='ltr'><strong><em>παχέσι</em></strong></span> <span class='ocrx_word' id='word_1_180' title='bbox 867 2461 1066 2557; x_wconf 80' lang='grc' dir='ltr'><strong><em>συνῳκοδό-</em></strong></span> 
     </span>
     <span class='ocr_line' id='line_1_24' title="bbox 1 2562 1066 2657; baseline -0.003 -21"><span class='ocrx_word' id='word_1_181' title='bbox 1 2594 5 2644; x_wconf 74' lang='grc' dir='ltr'>ζ</span> <span class='ocrx_word' id='word_1_182' title='bbox 97 2593 193 2655; x_wconf 83' lang='grc' dir='ltr'><strong><em>μητο,</em></strong></span> <span class='ocrx_word' id='word_1_183' title='bbox 211 2567 311 2649; x_wconf 73' lang='grc' dir='ltr'><strong><em>πλαξὶ</em></strong></span> <span class='ocrx_word' id='word_1_184' title='bbox 327 2574 468 2656; x_wconf 84' lang='grc' dir='ltr'><strong><em>χαλκαῖς</em></strong></span> <span class='ocrx_word' id='word_1_185' title='bbox 483 2569 739 2657; x_wconf 87' lang='grc' dir='ltr'><strong><em>συνδουμένοις,</em></strong></span> <span class='ocrx_word' id='word_1_186' title='bbox 757 2568 814 2636; x_wconf 80' lang='grc' dir='ltr'><strong><em>καὶ</em></strong></span> <span class='ocrx_word' id='word_1_187' title='bbox 831 2564 871 2636; x_wconf 88' lang='grc' dir='ltr'><strong><em>τόι</em></strong></span> <span class='ocrx_word' id='word_1_188' title='bbox 891 2563 985 2647; x_wconf 89' lang='grc' dir='ltr'><strong><em>ἐντός</em></strong></span> <span class='ocrx_word' id='word_1_189' title='bbox 1005 2562 1066 2634; x_wconf 85' lang='grc' dir='ltr'><strong><em>αύ-</em></strong></span> 
     </span>
     <span class='ocr_line' id='line_1_25' title="bbox 98 2663 1067 2758; baseline -0.001 -22"><span class='ocrx_word' id='word_1_190' title='bbox 98 2673 168 2736; x_wconf 85' lang='grc' dir='ltr'><strong><em>τῶν</em></strong></span> <span class='ocrx_word' id='word_1_191' title='bbox 184 2668 242 2736; x_wconf 81' lang='grc' dir='ltr'><strong><em>καὶ</em></strong></span> <span class='ocrx_word' id='word_1_192' title='bbox 259 2667 389 2757; x_wconf 88' lang='grc' dir='ltr'><strong><em>χῶμασι</em></strong></span> <span class='ocrx_word' id='word_1_193' title='bbox 406 2668 463 2737; x_wconf 80' lang='grc' dir='ltr'><strong><em>καί</em></strong></span> <span class='ocrx_word' id='word_1_194' title='bbox 487 2668 749 2758; x_wconf 74' lang='grc' dir='ltr'><strong><em>οἰκοδομήμασιν</em></strong></span> <span class='ocrx_word' id='word_1_195' title='bbox 776 2663 954 2758; x_wconf 86' lang='grc' dir='ltr'><strong><em>ῶχύρωτο,</em></strong></span> <span class='ocrx_word' id='word_1_196' title='bbox 981 2665 1067 2737; x_wconf 81' lang='grc' dir='ltr'><strong><em>ῶστε</em></strong></span> 
     </span>
     <span class='ocr_line' id='line_1_26' title="bbox 58 2765 1067 2858; baseline -0.006 -16"><span class='ocrx_word' id='word_1_197' title='bbox 58 2800 87 2842; x_wconf 76' lang='grc' dir='ltr'><strong><em>νε</em></strong></span> <span class='ocrx_word' id='word_1_198' title='bbox 101 2769 158 2837; x_wconf 81' lang='grc' dir='ltr'><strong><em>καί</em></strong></span> <span class='ocrx_word' id='word_1_199' title='bbox 183 2773 221 2838; x_wconf 74' lang='grc' dir='ltr'><strong><em>ἓν</em></strong></span> <span class='ocrx_word' id='word_1_200' title='bbox 245 2783 353 2858; x_wconf 80' lang='grc' dir='ltr'><strong><em>τεῖχος</em></strong></span> <span class='ocrx_word' id='word_1_201' title='bbox 370 2765 461 2857; x_wconf 86' lang='grc' dir='ltr'><strong><em>παχύ</em></strong></span> <span class='ocrx_word' id='word_1_202' title='bbox 480 2768 517 2838; x_wconf 89' lang='grc' dir='ltr'><strong><em>τό</em></strong></span> <span class='ocrx_word' id='word_1_203' title='bbox 538 2775 607 2838; x_wconf 83' lang='grc' dir='ltr'><strong><em>πᾶν</em></strong></span> <span class='ocrx_word' id='word_1_204' title='bbox 626 2768 713 2839; x_wconf 79' lang='grc' dir='ltr'><strong><em>εἶναι</em></strong></span> <span class='ocrx_word' id='word_1_205' title='bbox 729 2774 854 2839; x_wconf 82' lang='grc' dir='ltr'><strong><em>δοκεῖν.</em></strong></span> <span class='ocrx_word' id='word_1_206' title='bbox 891 2769 1014 2857; x_wconf 87' lang='grc' dir='ltr'><strong><em>πύργοι</em></strong></span> <span class='ocrx_word' id='word_1_207' title='bbox 1031 2794 1067 2836; x_wconf 91' lang='grc' dir='ltr'><strong><em>τε</em></strong></span> 
     </span>
     <span class='ocr_line' id='line_1_27' title="bbox 98 2868 1067 2960; baseline -0.005 -20"><span class='ocrx_word' id='word_1_208' title='bbox 98 2869 221 2940; x_wconf 80' lang='grc' dir='ltr'><strong><em>πολλοὶ</em></strong></span> <span class='ocrx_word' id='word_1_209' title='bbox 243 2871 301 2939; x_wconf 85' lang='grc' dir='ltr'><strong><em>καὶ</em></strong></span> <span class='ocrx_word' id='word_1_210' title='bbox 324 2868 461 2960; x_wconf 88' lang='grc' dir='ltr'><strong><em>μεγάλοι</em></strong></span> <span class='ocrx_word' id='word_1_211' title='bbox 485 2872 548 2953; x_wconf 71' lang='grc' dir='ltr'><strong><em>ἔξω</em></strong></span> <span class='ocrx_word' id='word_1_212' title='bbox 572 2897 607 2938; x_wconf 91' lang='grc' dir='ltr'><strong><em>τε</em></strong></span> <span class='ocrx_word' id='word_1_213' title='bbox 632 2873 815 2959; x_wconf 88' lang='grc' dir='ltr'><strong><em>ἐκκείμενοι</em></strong></span> <span class='ocrx_word' id='word_1_214' title='bbox 839 2869 896 2937; x_wconf 81' lang='grc' dir='ltr'><strong><em>καὶ</em></strong></span> <span class='ocrx_word' id='word_1_215' title='bbox 918 2872 1067 2956; x_wconf 70' lang='grc' dir='ltr'><strong><em>θυρίδας</em></strong></span> 
     </span>
     <span class='ocr_line' id='line_1_28' title="bbox 98 2963 1068 3062; baseline -0.005 -21"><span class='ocrx_word' id='word_1_216' title='bbox 98 2971 193 3062; x_wconf 82' lang='grc' dir='ltr'><strong><em>πέριξ</em></strong></span> <span class='ocrx_word' id='word_1_217' title='bbox 220 2971 427 3060; x_wconf 83' lang='grc' dir='ltr'><strong><em>ἐπαλλήλους</em></strong></span> <span class='ocrx_word' id='word_1_218' title='bbox 452 2977 583 3060; x_wconf 81' lang='grc' dir='ltr'><strong><em>ἔχοντες</em></strong></span> <span class='ocrx_word' id='word_1_219' title='bbox 613 2963 712 3058; x_wconf 78' lang='grc' dir='ltr'><strong><em>ἦσαν.</em></strong></span> <span class='ocrx_word' id='word_1_220' title='bbox 748 2969 805 3038; x_wconf 82' lang='grc' dir='ltr'><strong><em>καὶ</em></strong></span> <span class='ocrx_word' id='word_1_221' title='bbox 828 2967 869 3038; x_wconf 82' lang='grc' dir='ltr'><strong><em>τό</em></strong></span> <span class='ocrx_word' id='word_1_222' title='bbox 894 2967 957 3058; x_wconf 74' lang='grc' dir='ltr'><strong><em>μὲν</em></strong></span> <span class='ocrx_word' id='word_1_223' title='bbox 983 2965 1068 3057; x_wconf 88' lang='grc' dir='ltr'><strong><em>πρός</em></strong></span> 
     </span>
     <span class='ocr_line' id='line_1_29' title="bbox 98 3062 1069 3162; baseline -0.005 -20"><span class='ocrx_word' id='word_1_224' title='bbox 98 3071 162 3160; x_wconf 78' lang='grc' dir='ltr'><strong><em>τὴν</em></strong></span> <span class='ocrx_word' id='word_1_225' title='bbox 187 3069 327 3162; x_wconf 79' lang='grc' dir='ltr'><strong><em>ἤπειρον</em></strong></span> <span class='ocrx_word' id='word_1_226' title='bbox 350 3079 442 3162; x_wconf 88' lang='grc' dir='ltr'><strong><em>τείχη</em></strong></span> <span class='ocrx_word' id='word_1_227' title='bbox 468 3075 501 3153; x_wconf 89' lang='grc' dir='ltr'><strong><em>ἐς</em></strong></span> <span class='ocrx_word' id='word_1_228' title='bbox 525 3072 611 3160; x_wconf 89' lang='grc' dir='ltr'><strong><em>μέγα</em></strong></span> <span class='ocrx_word' id='word_1_229' title='bbox 635 3071 721 3154; x_wconf 78' lang='grc' dir='ltr'><strong><em>ὕψος</em></strong></span> <span class='ocrx_word' id='word_1_230' title='bbox 743 3062 844 3162; x_wconf 77' lang='grc' dir='ltr'><strong><em>ἦρτο,</em></strong></span> <span class='ocrx_word' id='word_1_231' title='bbox 868 3068 909 3139; x_wconf 81' lang='grc' dir='ltr'><strong><em>τό</em></strong></span> <span class='ocrx_word' id='word_1_232' title='bbox 927 3068 966 3138; x_wconf 79' lang='grc' dir='ltr'><strong><em>δέ</em></strong></span> <span class='ocrx_word' id='word_1_233' title='bbox 983 3065 1069 3158; x_wconf 90' lang='grc' dir='ltr'><strong><em>πρός</em></strong></span> 
     </span>
     <span class='ocr_line' id='line_1_30' title="bbox 98 3165 1070 3263; baseline -0.003 -21"><span class='ocrx_word' id='word_1_234' title='bbox 98 3173 278 3244; x_wconf 78' lang='grc' dir='ltr'><strong><em>θάλασσαν</em></strong></span> <span class='ocrx_word' id='word_1_235' title='bbox 296 3165 396 3263; x_wconf 81' lang='grc' dir='ltr'><strong><em>ἧττον</em></strong></span> <span class='ocrx_word' id='word_1_236' title='bbox 413 3171 555 3260; x_wconf 82' lang='grc' dir='ltr'><strong><em>όψοῦτο,</em></strong></span> <span class='ocrx_word' id='word_1_237' title='bbox 575 3177 611 3242; x_wconf 77' lang='grc' dir='ltr'><strong><em>οἵ</em></strong></span> <span class='ocrx_word' id='word_1_238' title='bbox 626 3199 662 3242; x_wconf 89' lang='grc' dir='ltr'><strong><em>τε</em></strong></span> <span class='ocrx_word' id='word_1_239' title='bbox 679 3173 808 3261; x_wconf 81' lang='grc' dir='ltr'><strong><em>λιμένες</em></strong></span> <span class='ocrx_word' id='word_1_240' title='bbox 827 3169 921 3252; x_wconf 84' lang='grc' dir='ltr'><strong><em>ἐντός</em></strong></span> <span class='ocrx_word' id='word_1_241' title='bbox 939 3177 1070 3258; x_wconf 87' lang='grc' dir='ltr'><strong><em>τείχους</em></strong></span> 
     </span>
     <span class='ocr_line' id='line_1_31' title="bbox 57 3265 1070 3365; baseline -0.008 -17"><span class='ocrx_word' id='word_1_242' title='bbox 57 3307 87 3348; x_wconf 83' lang='grc' dir='ltr'><strong><em>ω</em></strong></span> <span class='ocrx_word' id='word_1_243' title='bbox 100 3270 285 3365; x_wconf 85' lang='grc' dir='ltr'><strong><em>ἀμφότεροι</em></strong></span> <span class='ocrx_word' id='word_1_244' title='bbox 307 3275 452 3345; x_wconf 85' lang='grc' dir='ltr'><strong><em>κλειστολ</em></strong></span> <span class='ocrx_word' id='word_1_245' title='bbox 476 3271 638 3346; x_wconf 84' lang='grc' dir='ltr'><strong><em>ἀλύσεσιν</em></strong></span> <span class='ocrx_word' id='word_1_246' title='bbox 655 3265 743 3363; x_wconf 81' lang='grc' dir='ltr'><strong><em>ἦσαν</em></strong></span> <span class='ocrx_word' id='word_1_247' title='bbox 760 3274 817 3344; x_wconf 84' lang='grc' dir='ltr'><strong><em>καὶ</em></strong></span> <span class='ocrx_word' id='word_1_248' title='bbox 834 3277 872 3342; x_wconf 86' lang='grc' dir='ltr'><strong><em>αί</em></strong></span> <span class='ocrx_word' id='word_1_249' title='bbox 887 3272 985 3362; x_wconf 79' lang='grc' dir='ltr'><strong><em>χηλαὶ</em></strong></span> <span class='ocrx_word' id='word_1_250' title='bbox 1003 3267 1070 3341; x_wconf 85' lang='grc' dir='ltr'><strong><em>αύ-</em></strong></span> 
     </span>
    </p>
   </div>
   <div class='ocr_carea' id='block_1_3' title="bbox 170 3431 663 3573">
    <p class='ocr_par' dir='ltr' id='par_1_3' title="bbox 170 3431 663 3573">
     <span class='ocr_line' id='line_1_32' title="bbox 171 3431 663 3506; baseline 0.004 -18"><span class='ocrx_word' id='word_1_251' title='bbox 171 3442 202 3492; x_wconf 79' lang='grc'><strong><em>18</em></strong></span> <span class='ocrx_word' id='word_1_252' title='bbox 220 3431 435 3506; x_wconf 82' lang='grc' dir='ltr'><strong><em>προίστόρητυι]</em></strong></span> <span class='ocrx_word' id='word_1_253' title='bbox 454 3439 508 3492; x_wconf 84' lang='lat' dir='ltr'>vol.</span> <span class='ocrx_word' id='word_1_254' title='bbox 526 3439 548 3504; x_wconf 86' lang='lat'><strong><em>1,</em></strong></span> <span class='ocrx_word' id='word_1_255' title='bbox 567 3455 592 3504; x_wconf 86' lang='lat' dir='ltr'><strong><em>p.</em></strong></span> <span class='ocrx_word' id='word_1_256' title='bbox 605 3441 663 3492; x_wconf 77' lang='lat'><strong>606.</strong></span> 
     </span>
     <span class='ocr_line' id='line_1_33' title="bbox 170 3505 534 3573; baseline 0.011 -18"><span class='ocrx_word' id='word_1_257' title='bbox 170 3509 203 3558; x_wconf 76' lang='grc' dir='ltr'><strong><em>νο</em></strong></span> <span class='ocrx_word' id='word_1_258' title='bbox 221 3505 310 3573; x_wconf 71' lang='grc' dir='ltr'><strong><em>Δίων]</em></strong></span> <span class='ocrx_word' id='word_1_259' title='bbox 329 3507 347 3557; x_wconf 90' lang='lat'><strong><em>1.</em></strong></span> <span class='ocrx_word' id='word_1_260' title='bbox 368 3509 407 3565; x_wconf 76' lang='grc' dir='ltr'><strong><em>τι,</em></strong></span> <span class='ocrx_word' id='word_1_261' title='bbox 428 3510 534 3559; x_wconf 75' lang='grc' dir='ltr'><strong><em>ιο-ιι.</em></strong></span> 
     </span>
    </p>
   </div>
   <div class='ocr_carea' id='block_1_4' title="bbox 0 0 1299 3800">
    <p class='ocr_par' dir='ltr' id='par_1_4' title="bbox 0 0 1299 3800">
     <span class='ocr_line' id='line_1_34' title="bbox 0 0 1299 3800; baseline 0 0"><span class='ocrx_word' id='word_1_262' title='bbox 0 0 1299 3800; x_wconf 95' lang='lat' dir='ltr'><strong><em> </em></strong></span> 
     </span>
    </p>
   </div>
  </div>
 </body>
</html>
