2510 3834
403 179 474 230 mn.
486 181 533 232 v1.
552 180 631 233 οιε.
645 181 747 232 xvm.
1016 183 1056 246 51

80 327 263 410 προῦπτον
286 313 456 410 άνερράγη
486 321 542 390 καλ
565 315 743 409 ὁπόλεμος
767 317 895 412 ἤρξατο.
940 323 1057 413 θεηγή-

80 433 211 492 σασθαι
231 419 273 489 δὲ
288 417 411 491 τοῦτον
428 425 551 493 ἕκαστα
568 428 722 504 πλείονος
745 418 789 492 άν
805 423 934 512 γένοιτο
952 452 1056 515 κραγ-

79 517 263 614 ματείαςῆ
287 519 371 591 κατά
395 519 456 614 την
478 527 654 615 παροῦσαν
677 526 874 616 ἐγχείρησιν.
910 523 997 595 άλλά
1017 527 1057 596 τά

80 627 143 715 μὲν
161 624 251 694 ἄλλα
275 623 379 694 ἐᾶσαί
398 653 454 714 μοι
478 627 642 717 κέκριται,
667 622 754 715 μόνα
772 623 805 696 θ’
826 629 995 718 ἐπιτεμεῖν
1017 627 1057 697 τά

60 728 167 816 ιπερὶ
188 732 244 814 τῆς
266 721 426 808 ἁλώσεως
447 733 516 797 τῶν
537 723 776 818 Ἱεροσολύμων
805 724 926 799 αῦτοῐν.
971 725 1057 800 0232-

91 826 272 907 σιτυσιανὸς
296 824 363 915 γάρ
386 824 477 918 παρά
495 829 673 919 Νέρωνος,
699 826 868 918 μαθόντος
891 828 955 918 τὴν
974 829 1055 902 'Iov-

92 934 193 999 δαίων
215 925 445 1017 ἀποστασίαν,
476 927 538 1017 τὴν
560 934 621 1000 τοῦ
645 931 792 1019 πολέμου
816 935 983 1020 διοίκησιν
1003 959 1055 1002 ιιι-

85 1036 258 1118 στευθείς,
275 1023 317 1098 οῦ
335 1027 479 1121 πράτοις
496 1047 565 1112 τοῖς
578 1025 817 1122 Ἰεροσολύμοις
834 1036 1054 1123 προσέβαλεν,

82 1127 168 1202 άλλά
199 1128 260 1212 τάς
289 1128 356 1201 ὑπὸ
386 1129 449 1220 τὴν
484 1129 688 1223 μητρόπολιν
720 1141 863 1204 ἔσπευσε
892 1132 1055 1226 πρότερον

47 1262 69 1302 ιι
82 1235 175 1304 ἑλεῖν
193 1230 327 1319 πόλεις,
345 1235 401 1302 καὶ
418 1229 527 1314 οῦτως
544 1229 651 1321 αὐτὴν
669 1234 897 1323 χειρώσασθαι
913 1231 976 1323 τὴν
994 1265 1054 1324 μη-

80 1332 255 1422 τρόπολιν.
285 1331 484 1422 καταλαβών
502 1324 565 1406 οῦν
582 1333 645 1421 τὴν
657 1341 882 1423 Πτολεμαΐδα,
901 1337 957 1405 καὶ
974 1337 1054 1405 ἐνω-

80 1437 158 1518 θελς
176 1438 216 1506 ἐν
234 1431 321 1524 αὐτῇ
344 1439 391 1528 τῷ
415 1439 479 1530 υἱῷ
503 1442 590 1530 Τίτῳ
610 1438 643 1519 ἐξ
662 1432 913 1526 Ἀλεξανδρείας
937 1431 1088 1524 ἀφικοῦ

83 1541 176 1630 μένῳ
192 1537 253 1606 καλ
270 1536 308 1606 τὸ
324 1539 623 1608 πεντεκαιδέκατον
646 1533 756 1626 τάγμα
773 1543 954 1626 κομίζοντι,
979 1559 1055 1608 στα-

83 1638 176 1708 λέντι
204 1636 287 1728 παρ’
320 1633 425 1708 αότοῦ
457 1640 490 1721 ἐξ
523 1634 671 1728 Ἀχαίας,
702 1636 788 1710 ὅπου
818 1641 881 1709 τοῦ
907 1641 1054 1730 πολέμου

46 1736 270 1831 ιεστριιτηγός
293 1737 542 1829 κεχειροτόνητο
567 1736 656 1831 παρά
680 1743 855 1831 Νέρωνος,
880 1744 918 1811 ἐν
941 1737 1053 1834 Ἀχαίᾳ

82 1839 145 1930 γάρ
164 1838 352 1930 ἐτύγχανεν
370 1834 418 1911 τόν
436 1843 565 1922 ἐκεῖνος’
580 1837 634 1912 ὅτε
652 1838 673 1931 ἡ
691 1846 759 1913 τοῖν
774 1837 948 1913 Ἰουδαίων
959 1840 1053 1914 τάκο-

83 1947 205 2014 στασία
223 1942 436 2037 κατηγγέλθη
460 1937 570 2036 αὐτῷ,
593 1939 676 2012 κατά
698 1947 755 2032 τῆς
773 1951 954 2024 Γαλιλαίας
973 1941 1056 2034 πρό

83 2073 181 2134 τερον
199 2041 355 2134 ὥρμησε,
378 2037 494 2135 καλιῇ
510 2041 604 2114 πόλει
621 2049 690 2114 τοίυ
708 2041 920 2114 Ἰωταπάτων
937 2042 1053 2134 κράτη

83 2141 308 2235 προσβαλών,
326 2145 413 2215 καλέ
397 2146 451 2215 ἐπί
469 2141 717 2235 τεσσαράκοντα
734 2141 1053 2266 πολιορκήσοιςὴμέ-

45 2276 164 2338 ιορπς,
188 2257 319 2336 πορθεῖ
331 2241 454 2337 μέν’
412 2243 536 2336 αυτήν,
561 2250 654 2335 αἱρεῖ
676 2243 713 2315 δὲ
735 2241 847 2314 καὶ
815 2270 875 2313 τον
894 2239 1054 2332 Ἰιόσηπον

2 2391 3 2394 ¹
82 2353 336 2439 στρατηγοῦντα
353 2375 412 2436 της
423 2353 606 2430 Γαλιλαίας
624 2348 732 2417 καὶ
691 2375 750 2436 της
764 2375 780 2417 ε
783 2347 940 2445 ίρημέυης
951 2344 1053 2436 ὑπερ

81 2453 256 2539 μαχοῦνται
281 2441 418 2532 πόλεως.
462 2448 597 2528 ἐκεῖθεν
620 2449 659 2518 δέ
683 2445 762 2524 καθ’
788 2440 913 2538 ἐτέρων
935 2444 1052 2538 ἐχάρει
1102 2444 1105 2450 ’
1225 2453 1227 2458 ’

81 2556 262 2641 φρουρίων
278 2551 333 2620 καλ
352 2541 583 2640 πολισμάτων,
602 2553 658 2620 καλ
675 2579 715 2620 τοι
705 2547 795 2639 μέν
811 2547 992 2642 ὁμολογιηι,
1010 2548 1052 2618 τά
1106 2623 1109 2632 ,

82 2653 121 2723 δέ
150 2650 376 2746 πολιορκίμ”
356 2650 423 2722 υπὸ
447 2650 627 2742 Ρωμαίους
649 2658 818 2741 πεποίητο.
861 2653 917 2720 καλ
945 2657 1085 2720 ταῦταῑ)

47 2781 70 2822 ιε
82 2751 150 2843 ἤδη
169 2750 457 2844 κατεργασάμενος
479 2751 669 2843 ἡτοιμάζετο
692 2755 748 2823 καὶ
766 2747 852 2844 αὐτῇ
874 2773 984 2877 προσμ
986 2755 1052 2836 ίξιιι

82 2883 123 2945 τη
110 2854 363 2945 μητροπόλει,
383 2857 582 2981 διαμειμένη
595 2859 704 2937 κακῶς
724 2857 760 2924 ἐκ
776 2859 836 2924 τοῦ
851 2852 933 2944 πρὸς
951 2851 1050 2940 άλλη-

84 2965 165 3040 λους
182 2953 373 3041 στασιάζειν
389 2955 467 3038 τοῦς
485 2959 523 3027 ἐν
540 2953 682 3046 αῦτῇ,κ
662 2955 718 3025 καλ
737 2961 783 3037 είς
803 2957 986 3044 ἐμφυλίους
1000 2956 1052 3023 ἐκ·

83 3059 291 3146 κυλισθῆναι
312 3056 418 3149 μάχας
441 3059 498 3128 καὶ
510 3050 676 3146 άλληλωυ
693 3053 841 3145 σφαγάς,
865 3048 1053 3136 κάντεῦθεν

83 3157 120 3228 τό
144 3156 306 3284 μάχιμον
317 3165 588 3250 διαφθείρεσθαι.
632 3159 750 3247 ἐπέσχε
768 3157 806 3228 δέ
828 3185 874 3226 τω
863 3151 1052 3228 Οῦεσποι-

49 3283 72 3326 ο
83 3264 192 3354 σιανιῦ
210 3259 274 3348 τὴν
290 3258 398 3351 ὁρμὴν
416 3255 633 3349 άγγελθεὶς’
617 3289 635 3330 ο
654 3259 835 3350 Νέρων
793 3287 852 3347 της
869 3255 1052 3348 αῦταρχίας

84 3362 308 3444 ἐπιπεπτωκός
336 3363 454 3433 καὶ
415 3386 488 3451 της
498 3359 622 3450 Ῥάμης
646 3367 817 3481 λαθρμίως
849 3358 968 3447 ἐκθράς
996 3358 1050 3422 καλ
1154 3427 1157 3434 ⁴

84 3463 211 3534 ταυτὸν
227 3457 368 3535 άνελιόυ
405 3463 476 3534 εἶτα
494 3460 634 3550 Γάλβαν
647 3458 769 3550 μαθων
791 3482 974 3625 γινομενον
992 3447 1054 3518 αῦ-

464 3590 468 3599 .
884 3567 902 3604 ς
974 3569 977 3576 -
