2562 3814
217 161 260 225 96
549 160 620 212 Lm.
633 159 695 210 v11.
715 156 792 207 οΑΡ.
806 157 854 208 1v.

218 304 303 394 τέρφ
327 297 515 390 φρονήματι
544 295 712 388 χρεόμενος
744 299 889 378 ἐξίστατο
920 301 979 367 τού
1005 299 1184 386 δημοτικοῦ

219 405 275 472 καὶ
296 399 505 491 παρήλλαττε
529 401 655 480 καλεῖς
680 403 811 487 ε’παχθῆ
834 403 1019 487 μοναρχίαν
1042 400 1098 468 καὶ
1124 407 1187 468 λυ-

219 507 351 576 ποῦσαν
362 500 501 572 άπότού
512 499 677 590 σχήματος
691 499 811 580 ἑαυτὸν
825 497 1045 589 ἐσχημάτιζεν.
1064 497 1186 591 άλουρ-
1258 539 1262 544 ·

207 600 261 693 Ιγῆ
279 606 342 694 μὲν
358 603 423 692 γάρ
443 601 597 674 ἐνεδύετο
615 609 738 692 χιτῶνα
756 602 811 670 καὶ
824 598 988 690 τῆβεννον
1003 595 1186 690 ἠμπίσχετο

219 702 475 797 περιπόρφυρον
504 706 560 774 καὶ
585 711 733 784 πεδίλοις
764 703 916 793 ἐκέχρητο
947 705 1104 793 ἐρυθροῖς
1129 705 1214 774 καδτ

184 831 206 882 0
221 813 258 877 ἐν
274 805 390 900 θρόνῳ
408 805 576 900 ἀνακλίτφ
595 802 785 894 καθῆμενος
802 801 1028 895 ἐχρημάτιζεν
1046 793 1133 892 ῆσαν
1148 805 1188 874 δέ

219 911 296 998 περὶ
321 906 428 978 αύτδν
451 905 504 978 ἀεὶ
522 909 579 978 καὶ
596 911 664 977 τάν
686 909 774 976 νέων
797 912 934 994 συχνοί,
960 899 1020 985 οὓς
1036 908 1187 995 Κέλερας

219 1007 488 1101 προσηγόρευεν,
515 1003 535 1079 δ
552 1007 635 1080 κατὰ
651 1007 714 1096 τῆν
737 1013 805 1080 τῶν
823 1005 993 1096 Ῥωμαίων
1011 1004 1188 1078 διάλεκτον
1213 1019 1214 1022 ’

220 1119 320 1200 δηλοῖ
335 1111 413 1192 τούς
429 1127 557 1200 ταχεῖς,
584 1113 640 1180 καὶ
658 1107 811 1200 πρόσθεν
831 1107 981 1195 ἐβάδιζον
1001 1111 1106 1198 ἕτεροι
1125 1116 1187 1196 βα-

219 1220 369 1303 κτηρίαις
386 1211 445 1283 τὸν
465 1212 566 1302 ὄχλον
583 1209 813 1302 ἀνείργοντες,
837 1209 1062 1298 ὑπεζωσμένοι
1089 1209 1185 1298 ίμάν-
1199 1237 1228 1278 ιο

218 1343 287 1403 τας,
307 1311 391 1384 ὥστε
406 1319 550 1384 συνδεῖν
567 1308 626 1394 οδς
644 1317 884 1384 κελευσθῶσιυ.

291 1411 380 1488 Ἐπεὶ
400 1416 437 1484 δὲ
455 1423 653 1504 Νομίτωρος
670 1418 730 1484 τού
747 1411 885 1482 πάππου
903 1409 1007 1482 αὐτοῦ
1026 1415 1063 1481 ἐν
1078 1411 1184 1503 ’Ἀλβη

218 1514 488 1606 τελευτήσαντος,
509 1511 665 1608 Ῥωμύλῳ
678 1512 908 1604 προσηκούσης
926 1518 984 1602 τῆς
1001 1520 1183 1602 βασιλείας,

218 1613 318 1698 αὐτὸς
337 1623 384 1700 είς
397 1619 500 1707 μέσον
512 1623 616 1704 ἔθηκε
630 1613 692 1704 τῆν
705 1623 875 1688 πολιτείαν
888 1617 1108 1704 δημαγωγῶν,
1128 1619 1185 1686 καὶ

218 1714 292 1788 κατ’
320 1717 474 1788 ἐνιαυτὸν
497 1713 719 1790 ἀπεδείκνυεν
748 1715 893 1807 ἀρχοντα
916 1733 986 1797 τοῖς
1009 1723 1184 1806 Σαβίνοις,
1197 1745 1227 1784 ιε

219 1814 358 1910 ῆρέθισε
375 1817 454 1900 τούς
473 1821 509 1889 ἐν
524 1817 630 1910 Ῥεύμη
651 1817 816 1900 δυνατούς
834 1814 1058 1907 ἀβασίλευτον
1076 1825 1185 1906 ζητεῖν

184 1922 276 1991 Βκαὶ
299 1917 485 2010 αὐτόνομον
510 1927 688 1990 πολιτείαν.
730 1917 810 1990 οὐδὲ
840 1919 904 2010 γάρ
929 1925 964 1990 οί
985 1917 1186 2008 καλούμενοι

219 2028 387 2107 πατρίκιοι
405 2019 610 2113 πραγμάτων
626 2037 794 2111 μετεῖχον,
815 2018 890 2093 ἀλλ’
910 2019 1015 2110 ὄνομα
1032 2023 1089 2090 καὶ
1107 2024 1185 2110 σχῆ·

218 2152 263 2212 μα
280 2113 324 2212 ῆν
342 2121 473 2212 αύτολς,
493 2131 594 2204 ἔθους
614 2126 712 2193 ἕνεκα
729 2129 856 2212 μᾶλλον
873 2118 894 2211 ῆ
912 2121 1046 2212 γνύμης
1063 2120 1185 2212 ἀθροι-

219 2229 365 2315 ζομένοις
390 2233 436 2306 είς
454 2223 489 2294 τδ
517 2224 774 2316 βουλευτήριον·
801 2223 871 2294 εἶτα
890 2219 1060 2312 Ῥωμύλου
1077 2221 1180 2313 πράτ-
1196 2251 1226 2291 εο

218 2354 332 2406 τοντος
357 2323 526 2414 ῆκρούντο
554 2333 648 2416 σιγῇ,
679 2327 736 2394 καὶ
760 2325 797 2394 τδ
828 2323 892 2416 πρὸ
916 2329 984 2396 τῶν
1010 2323 1123 2394 ἀλλων
1146 2326 1184 2396 τὸ

219 2429 423 2514 δεδογμένον
442 2431 559 2521 ἐκείνφ
577 2438 704 2517 μαθεῖν
715 2428 817 2496 πλέον
829 2433 958 2517 ἔχοντες
976 2431 1045 2496 τῶν
1057 2430 1186 2496 λοιπῶν

218 2523 473 2614 ἀπηλλάττοντο.
509 2525 594 2600 ὅθεν
613 2526 720 2600 ἐδόκει
737 2527 800 2616 τῆν
817 2537 997 2618 γερουσίαν
1014 2537 1186 2618 προπηλα-

218 2635 337 2711 κίζειν·
359 2628 410 2700 διὸ
424 2626 509 2718 αὕτη
522 2627 668 2712 ὕποπτος
687 2633 801 2714 ἔδοξεν
818 2628 969 2720 ἀφανοῦς
981 2628 1051 2720 μετ’
1067 2628 1186 2720 ὀλίγον

217 2732 399 2819 γενομένου
412 2729 591 2821 Ῥωμύλου.
628 2733 758 2820 λέγεται
776 2729 840 2822 γάρ
856 2735 1033 2820 ἐκκλησίαν
1044 2728 1187 2820 άγοντος
1202 2759 1230 2799 τε

219 2827 324 2928 αύτού
341 2835 417 2924 περὶ
435 2831 471 2902 τὸ
490 2831 698 2922 καλούμενον
715 2833 821 2922 Αίγός
840 2837 912 2916 ἕλος
930 2837 990 2904 τού
1006 2833 1068 2924 μὲν
1085 2831 1186 2922 ἡλίου

217 2933 254 3004 τδ
277 2941 349 3022 φοῆς
375 2937 560 3024 ἐπιλιπεῖν,
589 2933 695 3005 νύκτα
719 2935 757 3006 δὲ
781 2951 959 3025 κατασχεῖν
983 2933 1125 3025 βροντάς
1147 2965 1187 3006 τε

219 3035 331 3117 δεινάς
350 3040 519 3125 συμβῆναι
541 3039 598 3106 καὶ
616 3036 720 3119 πνοάς
744 3034 878 3127 ἀνέμων
896 3035 997 3126 ζάλην
1022 3037 1187 3108 ἐλαυνού-
1275 3089 1277 3092 -

2 3207 4 3221 ,
219 3157 288 3216 σας.
326 3139 362 3207 ἐν
387 3139 423 3208 δὲ
447 3137 555 3233 τούτφ
579 3135 637 3209 τόν
661 3139 724 3228 μὲν
746 3136 846 3229 ὄχλον
868 3137 1026 3229 φεύγειν,
1050 3137 1128 3220 τούς
1148 3141 1187 3210 δὲ

2 3248 4 3252 ’
116 3238 385 3320 ΡΙυεοδννατοδς
403 3246 639 3331 συστραφῆναι
659 3238 729 3331 μετ’
750 3238 914 3330 ἀλλήλων.
950 3244 1009 3332 τῆς
1027 3236 1061 3312 δ’
1082 3243 1119 3312 ἐν
1136 3245 1184 3336 τῷ
1199 3265 1228 3307 το

218 3336 291 3430 άέρι
309 3345 452 3432 ταραχῆς
470 3340 673 3432 λωφησάσης
690 3345 746 3412 καὶ
764 3333 867 3426 αὖθις
885 3347 1018 3417 πολλοῆν
1031 3341 1117 3433 ὁμοῦ
1128 3370 1184 3432 γε·

216 3445 368 3531 νομένων
393 3451 563 3530 ζητεῖσθαι
586 3443 645 3515 τὸν
668 3448 822 3533 βασιλέα·
851 3442 929 3530 τούς
956 3445 992 3516 δὲ
1017 3444 1185 3529 δυνατούς
