2562 3814
434 217 505 268 Lm.
519 174 593 270 vm.
613 215 691 266 OAP.
704 217 727 270 1.
1006 216 1066 280 171

96 359 232 449 σπουδῇ
245 353 458 446 ἀφικόμενα,
474 357 532 426 καλ
549 353 586 426 τό
602 358 664 427 τοῦ
681 352 819 428 Ἀππίου
837 355 1067 447 στρατόπεδον

98 458 228 541 ἰδόντες
264 461 373 551 διπλῷ
406 455 618 551 σταυρώματι
652 461 954 548 καταχυρωμένον,
988 458 1067 541 τοὺς

99 559 265 652 στανροδς
295 557 490 630 ἇνέσπασάν
519 587 555 631 τε
585 561 640 630 καλ
673 558 898 650 διεφόρησαν,
931 564 968 631 ἐν
997 577 1066 643 τοῖς

100 659 212 746 ὅπλοις
228 673 403 732 ποιεῖσθαι
420 659 482 750 τὴν
497 665 616 732 ἐλττίδα
628 665 686 750 τῆς
700 669 865 750 σωτηρίας
878 659 955 744 τούς
968 687 1066 752 στρα-

68 793 82 834 ε
105 761 218 845 τιιότας
234 761 460 845 διδάσκοντες.
492 767 703 855 προσέβαλον
716 753 778 834 οὖν
791 779 860 846 τοϊς
878 771 1063 853 πολεμίοις·
1088 759 1090 766 “

109 861 170 934 κάν
185 863 286 959 τιν’τφ
310 863 411 950 λύκος
434 872 561 954 ἔλαφον
586 863 718 935 διώκων
742 873 790 947 είς
813 863 850 936 τό
874 872 1066 955 μεταίχμιον

107 964 264 1038 είσπεσάν
287 962 388 1047 αὐτὸς
411 967 474 1056 μέν
504 964 586 1056 πρός
614 965 692 1048 τοὺς
710 961 888 1056 Ῥωμαίους
918 963 1067 1058 ὁρμήσας

104 1072 255 1158 διεξῆλθε
281 1071 338 1140 καλ
360 1063 481 1149 αὐτοὺς
506 1067 733 1158 ἐκεθάρσυνε,
758 1068 940 1158 προσήκειν
962 1064 1100 1138 αὕτὸνο

99 1178 291 1259 νομίζοντας
309 1173 440 1251 ἑαυτοῖς
459 1168 504 1250 ὡς
523 1177 683 1256 λυκαίνης
696 1173 911 1259 θρεψαμένης
923 1170 982 1241 τόν
991 1165 1066 1241 Ῥω·

67 1270 221 1362 ιιμόλον,
247 1269 402 1362 καθάπερ
428 1269 612 1360 ἱστόρηται·
640 1269 661 1360 ἡ
687 1270 717 1340 δ’
745 1277 866 1360 ἔλαφος
884 1271 966 1363 πρὸς
989 1269 1066 1352 τούς

99 1376 228 1464 ἑτέρους
247 1371 427 1463 χωρήσασα
440 1371 618 1462 κατεκόπη,
636 1374 693 1442 καλ
706 1370 765 1444 τόν
778 1401 814 1442 τε
827 1370 936 1461 φόβον
954 1370 1066 1454 αὐτοῖς

96 1479 148 1544 καλ
165 1475 232 1564 τὴν
251 1483 436 1566 συντυχίαν
453 1480 512 1545 τοῦ
530 1473 662 1556 πάθους
680 1452 849 1544 κατέλιπεί
879 1473 1067 1562 συμπεσόν·

96 1605 161 1647 των
190 1568 266 1648 οὖν’
287 1581 354 1646 τῶν
385 1575 641 1665 στρατευμάτων
671 1573 688 1646 ό
719 1577 781 1665 μὲν
805 1573 959 1664 Μάξιμος
983 1580 1067 1668 ῥᾷον

96 1678 170 1760 τούς
201 1673 274 1748 κατ’
300 1674 403 1748 αότόν
427 1681 598 1767 ἐνίκησεν,
629 1675 746 1767 ἥττητο
772 1679 813 1748 δέ
834 1705 872 1766 με
897 1672 1064 1760 ὁΛέκιος.

64 1805 87 1846 ιι
100 1781 306 1870 ἐνθυμηθείς
326 1781 363 1850 δέ
380 1776 442 1867 τὴν
461 1784 614 1850 ἐπίδοσιν
630 1784 689 1850 τοῦ
716 1777 857 1870 πατρός,
881 1774 923 1867 ἣν
949 1776 1004 1850 διά
1028 1777 1065 1848 τό

100 1879 259 1954 ἐνύπνιον
277 1881 464 1970 ἐποιήσατο,
485 1879 605 1950 ἑαυτόν
621 1880 742 1970 ὁμοίως
761 1884 920 1968 ἐπέδωκε,
938 1879 983 1969 μή
1000 1909 1066 1950 τινι

102 1985 255 2071 περὶτῆς
279 1980 428 2072 πράξεως
454 1981 705 2071 κοινωσάμενος.
752 1983 827 2072 άρτι
861 1985 897 2052 δὲ
922 1989 1066 2070 ἔσφακτο

102 2084 155 2152 καλ
172 2089 207 2154 ol*
221 2085 479 2172 συντεταγμένοι
498 2082 589 2177 αὐτῷ
608 2083 645 2153 τό
669 2085 732 2172 μὲν
751 2087 882 2152 ἐκείνου
907 2089 999 2151 αίδοῖ
1023 2080 1066 2162 ὡς

101 2181 144 2253 δι’
163 2182 288 2268 αὐτοὺς
305 2183 471 2266 θανόντος
489 2187 682 2272 ἐθελοντοῦ,
700 2183 738 2253 τό
752 2186 790 2252 δέ
807 2177 863 2252 καλ
882 2185 992 2252 ἐλπίδι
1005 2185 1067 2252 τοῦ

65 2283 231 2369 απάντως
249 2291 286 2358 ἐκ
302 2287 424 2358 τούτου
440 2285 637 2376 κρατήσειν,
661 2289 720 2374 τῆς
737 2312 773 2354 τε
789 2288 902 2373 φυγῆς
926 2285 1066 2372 ἐπέσχον

98 2391 151 2457 καλ
180 2403 254 2470 τοϊς
283 2387 442 2459 διώκουσι
471 2395 558 2478 σφᾶς
582 2393 746 2476 γενναίως
771 2383 1097 2474 άντικατέστησαν.1)

95 2485 156 2558 κάν
168 2488 280 2584 τοότφ
295 2485 382 2560 καλό
401 2489 550 2580 Μάξιμος
563 2488 646 2560 κατά
660 2487 769 2560 νώτου
783 2515 819 2558 τε
832 2483 946 2570 αι’τοίς
963 2509 1064 2576 προσ-

97 2594 192 2662 έπεσε
223 2593 280 2660 καλ
309 2589 523 2681 παμπόλλους
557 2589 753 2680 ἐφόνευσεν·
792 2595 827 2661 ολ
852 2590 888 2660 δέ
918 2599 1065 2679 περιλει-

96 2694 242 2779 φθέντες
259 2691 564 2782 ἀποδιδράσκοντες
583 2689 827 2782 διεφθάρησαν.
854 2689 1008 2781 Μάξιμος
1027 2691 1064 2760 δὲ

63 2792 226 2883 ιιΦάβιος
246 2794 308 2864 τόν
329 2795 391 2884 μὲν
413 2799 474 2865 τοῦ
497 2794 624 2865 Δεκίου
647 2793 770 2884 νεκρόν
791 2797 976 2862 κατέκαυσε
1000 2791 1065 2862 σόν

97 2911 163 2977 τοῖς
199 2893 351 2985 σκύλοις,
387 2913 455 2976 τοῖς
492 2896 530 2965 δέ
565 2893 698 2986 είρήνης
734 2901 886 2982 δεηθεῖσι
918 2889 1065 2972 σπονδάς

99 2995 283 3086 ἐποιήσατο.

177 3104 234 3193 Τῷ
262 3098 291 3168 δ’
316 3100 390 3188 ἑξῆς
408 3106 474 3170 ἐτει
490 3088 590 3180 αὖθις
612 3115 681 3178 τοῖς
699 3103 883 3174 Σαυνίταις
902 3094 1056 3183 ἐπολέμη-

11 3289 12 3292 ,
100 3219 156 3270 σεν
168 3197 310 3282 Ἀτίλιος
323 3199 509 3289 Ῥήγουλος.
545 3202 600 3270 καλ
624 3205 721 3289 μέχρι
743 3200 806 3288 μέν
823 3225 911 3280 τινος
936 3195 1065 3288 ίσορρό-

11 3299 13 3346 1
66 3323 168 3382 ειτως
198 3301 373 3392 ἐμάχοντο·
422 3303 492 3372 ελτα
520 3300 758 3392 κρατησάντων
787 3302 856 3371 ταῖν
886 3302 1065 3373 Σαυνιτῶν

102 3391 201 3484 αὖθις
217 3409 253 3473 οί
262 3403 416 3494 Ῥωμαῖοι
434 3400 741 3494 άντεπεκράτησαν,
768 3404 825 3472 καλ
849 3399 981 3480 ἑλόντες
1005 3395 1065 3468 αὖ·

102 3501 177 3586 τοὺς
198 3499 373 3596 ὑπήγαγον
396 3503 463 3576 ὑπὸ
485 3504 544 3576 τόν
567 3503 683 3594 ζυγόν,
708 3505 764 3574 καλ
788 3497 894 3584 οὕτως
919 3497 1064 3588 άφῆκαν.
