2566 3800
398 173 469 224 Lm.
482 172 545 222 xn.
565 171 643 224 σεε.
657 171 784 227 xxx1v.
1010 173 1071 238 169

1 392 2 397 ρ
101 314 163 384 τόν
187 314 380 402 Μαξιμῖνον
407 311 604 404 ίστόρησαν,
635 319 671 383 αι’
700 313 737 383 δέ
763 311 847 383 κατά
871 319 1071 404 χριστιανεῦν

55 503 58 506 ¹
104 417 290 504 ἐκμανέντα
312 425 490 504 μετελθεῖν
511 410 614 485 αὐτόν
630 412 693 504 τήν
710 421 811 485 θείαν
828 415 1067 505 παραδεδώκα-

102 541 138 588 σι
156 521 267 605 δίκην.
315 519 409 597 ἕλκος
425 513 490 605 γὰρ
509 519 681 606 ἐνσκήψαν
698 511 803 586 αὐτοῦ
821 517 898 607 περὶ
915 513 975 587 τόν
992 524 1070 604 βου-

100 623 194 706 βώνα
212 619 268 687 καὶ
295 613 357 706 τήν
380 619 468 688 αίδώ
490 615 725 708 χαλεπώτατον
746 615 786 686 τά
809 623 867 706 τής
890 612 1070 700 ἀκολασίας

99 714 205 790 αὐτοῦ
226 717 467 806 ἐπιβόσκεσθαι
489 717 626 808 όργανα.
663 721 700 789 ἐκ
728 722 767 788 δέ
787 746 826 807 γε
848 721 907 807 τῆς
933 718 1066 808 σήψεως

97 817 227 891 τούτων
249 823 306 890 καὶ
330 817 502 909 σκώληκας
527 817 819 910 ἀναβράσσεσθαι,
843 823 900 890 καί
924 819 1011 891 είναι
1028 821 1065 892 τό

98 916 209 1002 πάθος
236 917 383 991 ἀνίατον.
430 927 553 1010 ίατρεῦν
578 921 614 991 δέ
638 919 717 1002 τοῦς
741 921 803 1010 μέν
827 917 975 992 αὐτόθεν
998 917 1065 992 ἀπ-

96 1020 319 1113 αγορεύοντας
342 1020 403 1110 τήν
421 1027 619 1113 ,ἐγχείρησιν
647 1020 745 1112 ώμώς
774 1018 1061 1114 ἀποσφάττεσθαι,

7 1163 34 1182 ·-
93 1122 172 1204 τοῦς
195 1120 228 1193 δ’
250 1126 496 1213 ἐπιχειροῦντας
518 1128 597 1214 μέν,
620 1121 665 1214 μή
683 1127 900 1216 δυναμένους
923 1125 955 1196 δ’
976 1125 1163 1208 ἀκέ-Ριςςε

58 1258 87 1299 ιο
100 1236 244 1314 σασθαι,
269 1236 462 1296 κτείνεσθαι
484 1221 712 1314 ἀπηυέστατα,
737 1223 788 1296 ὅτι
805 1226 850 1316 μή
868 1225 1068 1318 κατώρθουν

97 1323 256 1398 ἀδύνατα.
292 1325 355 1410 ὀψὲ
383 1325 423 1396 δ’.
437 1324 500 1397 οῦν
517 1325 730 1417 ὑποτοπήσαι
747 1325 806 1398 τόν
822 1325 993 1419 τύραννον
1012 1329 1067 1400 διόι

99 1427 175 1510 τοῦς
198 1426 338 1510 ἀδίκους
360 1427 488 1517 φόνους
518 1435 587 1499 τών
616 1426 675 1500 τόν
699 1427 847 1519 Χριστόν
877 1434 1069 1521 σεβομένων

98 1527 253 1600 τιννῦναι
271 1535 387 1618 δίκην,
412 1531 468 1598 καί
488 1531 649 1601 ἐκθέσθαι
666 1535 879 1620 θεσπίσματα
896 1535 1068 1622 πανταχοῦ

1 1672 2 1695 ;
102 1628 282 1702 κελεύοντα
305 1637 479 1722 παυθῆναι
502 1627 561 1702 τόν
584 1628 667 1702 κατά
689 1635 891 1723 χριστιανοῦν
909 1634 1067 1724 διωγμόν,

60 1759 87 1801 ιε
101 1734 157 1802 καὶ
174 1737 233 1820 ζῆν
251 1735 400 1812 ἐκείνους
430 1734 486 1802 καὶ
508 1730 713 1823 θρησκεύειν
730 1731 775 1814 ὡς
798 1733 989 1824 βούλοιντο,
1014 1733 1067 1806 εῦ-

1 1889 2 1892 ι
98 1839 222 1922 χεσθαί
236 1861 272 1904 τε
290 1831 375 1921 ὑπὲρ
394 1831 509 1904 αὐτοῦ.
535 1829 710 1904 κάνταῦθα
729 1835 767 1906 δὲ
789 1837 891 1907 διττοὶ
915 1839 1067 1925 λέγονται

99 1932 203 2023 λόγοι.
239 1933 257 2004 ὁ
281 1934 344 2024 μέν
368 1932 432 2024 γάρ
456 1931 688 2024 ἀπαλλαγῆναι
711 1941 772 2005 τοῦ
802 1935 935 2019 πάθους
965 1934 1068 2009 αὐτόν

98 2033 189 2125 παρὰ
206 2039 317 2106 πᾶσαν
336 2039 456 2106 ἐλπίδα
472 2044 596 2126 φησίν,
623 2031 683 2106 εἰτ’
703 2025 804 2117 αῦθις
823 2041 990 2125 ἐπεγεῖραι
1007 2037 1068 2110 τόν

99 2135 258 2226 διωγμόν,
276 2137 333 2208 καί
351 2134 563 2228 ἀδιόρθωτον
580 2153 704 2228 μεῖναι,
723 2139 785 2217 ἕως
803 2126 845 2208 οῦ
856 2140 918 2206 τοῦ
932 2141 969 2207 ἐν
982 2140 1067 2228 χειρὶ

56 2266 85 2308 εο
98 2245 218 2328 κυρίου
241 2245 403 2328 ποτηρίου
426 2239 486 2310 τὸν
508 2245 650 2328 τρυγίαν
675 2239 819 2322 ἐξέπιεν·
855 2235 873 2308 ὁ
900 2235 934 2306 δ’
957 2239 1067 2327 έτερος

93 2335 244 2440 ἀρνεῖται
261 2343 307 2433 τῷ
333 2335 450 2429 ἀσεβεῖ
479 2340 541 2430 τήν
562 2337 771 2431 ἀνάρρωσιν,
797 2333 841 2420 ώς
865 2343 902 2408 ἐκ
924 2344 982 2430 τῆς
1006 2345 1090 2410 εί-Β

97 2445 243 2532 ρημένης
259 2442 494 2532 τελευτήσαντι
506 2441 676 2514 νόσουκαὶ
686 2437 901 2530 ἀνενεγκόντι
920 2437 974 2511 διά
992 2437 1065 2511 στό·

98 2570 200 2632 ματος
223 2540 406 2632 σκώληκας.

35 2650 37 2652 ’
169 2641 206 2714 Ὁ
222 2643 285 2734 μέν
308 2633 371 2715 οῦν
397 2641 478 2715 καθ’
498 2648 557 2715 ἕνα
580 2643 704 2736 τρόπον
728 2648 795 2717 τών
820 2647 1067 2735 ἱστορηθέντων

57 2772 86 2813 εε
99 2751 217 2831 βιαίως
234 2741 399 2837 ἀπέρρηξε
416 2746 477 2834 τὴν
494 2744 589 2836 ζωήν.

167 2945 181 2993 1
200 2937 230 2994 οἱ
242 2939 276 2995 δὲ
295 2971 327 2980 -
347 2945 379 2994 16
397 2938 469 3008 ὑπὲρ
486 2934 594 3008 αὐτοῦ]
624 2944 730 2994 Eadem
749 2941 807 2992 fere
825 2941 911 2994 habet
930 2943 1067 2994 Eusebius

95 3011 169 3062 Ηίελ
191 3011 292 3062 eccles.
311 3012 329 3066 l.
349 3013 375 3076 8,
394 3028 418 3064 α.
432 3014 472 3072 16,
488 3015 528 3064 17.
575 3011 608 3060 25
627 3003 658 3062 ἐν
671 3005 705 3061 δέ
718 2999 853 3077 τῇῬώμη
867 3037 898 3046 -
911 3027 938 3076 p.
953 3012 1010 3073 171,
1023 3011 1065 3074 28,
1156 3047 1158 3050 -

94 3074 332 3145 λειτουργήματι]
352 3080 394 3130 De
406 3080 451 3130 his
463 3078 639 3144 Ducangius:
659 3077 759 3143 „Quae
772 3077 904 3142 deinceps
917 3077 1066 3140 adduntur,

97 3146 201 3196 absunt
220 3146 255 3196 ab
274 3161 328 3196 uno
349 3162 364 3197 0
380 3146 526 3200 codicibus
543 3145 628 3211 regiis
646 3150 676 3196 οῖ
693 3143 854 3210 ΟοΙοεεῖεο,
873 3145 1067 3197 deseribuntur

94 3228 164 3265 vero
179 3215 209 3263 in
221 3213 310 3264 tribus
327 3213 392 3265 aliis
408 3215 494 3280 regiis
515 3211 555 3280 [et
572 3209 623 3280 A]:
649 3218 732 3278 atque
750 3212 820 3262 haee
838 3214 949 3277 quidem
966 3227 1066 3278 suppo·

95 3281 189 3332 sititia
199 3295 252 3332 nec
262 3281 389 3332 Zonarae
399 3295 461 3334 σεεε
470 3281 642 3334 videntur“:.
652 3273 683 3333 ἐν
697 3275 730 3333 δέ
743 3279 777 3346 τῇ
785 3270 876 3348 Ῥώμη
887 3279 939 3348 τῆς
951 3279 1007 3332 τῶν
1019 3295 1067 3332 πι·

93 3347 170 3400 στῶν
183 3339 334 3414 ἐκκλησίας
346 3345 470 3416 προέστη
486 3341 559 3415 μετὰ
573 3349 778 3414 Μαρκελλῖνον
791 3339 822 3399 ἐν
836 3344 910 3401 ἐτεσι
928 3346 995 3400 δνολ
1011 3341 1066 3412 τήν

95 3415 281 3482 λειτουργίαν
294 3409 478 3481 ἐκπλήττοντα
490 3411 640 3482 Εὐσέβιος,
653 3405 688 3467 όν
701 3409 774 3482 μετὰ
787 3408 922 3468 ἐνιαυτὸν
933 3409 1066 3470 θανόντα

99 3477 259 3546 διεδέξατο
276 3476 455 3549 Μιλτιάδης.
467 3481 518 3536 καὶ
530 3475 578 3536 ἐπὶ
590 3479 722 3550 τέσσαρσι
734 3477 910 3551 προστάντος
923 3479 1067 3541 ἐνιαυτοῖς
