2538 3824
214 145 278 211 430
540 147 612 200 ατε.
624 147 659 200 x,
678 147 758 198 σεε.
768 147 854 202 xxx.
967 152 970 160 ·

193 275 382 377 ‘nominato
399 284 436 358 τό
454 285 655 375 Πηλούσιον.
691 281 761 355 ὁδ’
787 277 850 356 οῦν
871 283 1047 369 Ἀντοόνιος
1071 285 1178 376 ἀπιόν,
1266 377 1268 382 s

214 391 272 460 καὶ
288 387 350 477 τήν
366 393 427 458 τού
439 396 635 478 Πηλουσίου
649 385 836 476 κατάληψιν
849 386 962 478 γνούς,
981 389 1179 462 ἐπανελθῦυ
1267 385 1268 390 ¹

214 482 280 582 πρό
299 493 356 578 τής
370 489 620 580 Ἀλεξανδρείας
638 496 684 583 τῷ
700 497 843 577 Καίσαρι
856 487 1104 581 προῦπήντησε,
1123 493 1180 562 καὶ
1263 585 1265 590 ι

215 589 397 682 συμβαλών
413 607 484 674 τοῖς
503 595 639 662 ίππεύσι
652 589 852 681 κεκμηκόσιν
866 596 902 662 έκ
914 599 973 681 τής
987 591 1180 682 ὁδοιπορίας

215 697 357 783 ἐνίκησε.
401 691 465 764 κάκ
486 691 609 764 τούτου
633 690 891 784 ἀναθαρσήσας,
915 695 971 764 κἀλ
994 690 1045 765 ὅτι
1068 693 1202 778 τοξεύ-ει

213 819 316 888 μασιν
340 799 373 880 ές
395 793 432 866 τό
455 791 681 886 στρατόπεδον
704 799 765 868 τοῦ
789 803 966 885 Καίσαρος,
990 795 1180 886 γραμμάτια

214 905 352 988 έπεμψε,
370 895 476 968 πολλά
493 894 643 990 χρήματα
659 911 729 978 τολς
746 894 962 986 στρατιώταις
981 897 1180 988 ἐπαγγελλό-

213 1028 330 1089 μενος,
354 993 534 1089 προσέμιξέ
552 1000 608 1069 καλ
632 1005 678 1092 τῷ
701 1005 804 1093 πεζῷ,
829 1000 885 1069 καὶ
907 997 1044 1090 ήττήθη.
1081 998 1180 1071 καλό

213 1102 275 1191 μὲν
298 1102 497 1182 ἐλαττωθεὶς
521 1098 678 1172 ἀπέκλινε
701 1101 783 1190 πρὸς
806 1100 843 1170 τὰ
867 1099 1028 1172 ναυτικόν
1052 1104 1109 1172 καλ
1134 1101 1180 1183 ὡς

180 1200 438 1292 Βναυμαχήσων
461 1199 722 1293 παρεσκευάζετο
747 1197 768 1291 ἢ
791 1201 875 1289 πρὸς
903 1199 1050 1294 Ἰβηρίαν
1074 1213 1180 1274 πλευ·
1195 1233 1222 1272 ιο

213 1302 395 1395 σούμενος,
427 1311 556 1393 Ιγνοῦσα
582 1304 620 1374 δέ
641 1307 740 1374 τούτο
762 1299 783 1393 ή
808 1301 1006 1394 Κλεοπάτρα
1029 1303 1086 1388 τάς
1117 1306 1181 1396 μέν

212 1411 297 1488 ναῦς
321 1401 547 1496 αὐτομολῆσαι
572 1408 745 1505 ἐποίησεν,
777 1403 861 1492 αὐτὴ
886 1406 924 1476 δὲ
949 1413 997 1489 είς
1019 1406 1057 1478 τό
1080 1401 1182 1497 ήρίου
1267 1467 1268 1470 ¹

214 1511 330 1580 είσέδυ
347 1513 531 1596 αἰφνίδιον,
550 1504 595 1590 οῦς
611 1506 695 1596 τάχα
711 1505 771 1578 τόν
784 1505 964 1580 Ἀντοόνιον
981 1513 1182 1600 φοβουμένη

211 1605 420 1698 ὑπειληφότα
443 1613 669 1697 προδίδοσθαι
692 1605 774 1699 παρ’
799 1607 910 1699 αὐτῆς.
947 1607 1010 1680 δύο
1035 1610 1073 1681 δὲ
1090 1601 1183 1699 ἦσαν

213 1714 284 1782 ἐκεῖ
301 1707 366 1781 σύν
383 1707 468 1800 αύτή
486 1708 690 1801 θεράπαιναι
707 1711 764 1782 καλ
782 1709 945 1802 εὐνοῦχος
963 1706 1019 1794 εἷς.
1069 1718 1183 1782 είσελ-
1196 1739 1221 1780 ιι

211 1815 325 1885 θούσα
345 1808 383 1882 δέ
399 1811 457 1892 τάς
474 1813 536 1902 μὲν
552 1810 663 1902 θύρας
677 1814 887 1884 κατέκλεισεν
900 1811 1073 1902 ἀσφαλοῦς,
1092 1814 1180 1904 πρὸς

95 1914 98 1922 ’
212 1914 251 1984 δέ
273 1911 332 1985 τόν
350 1911 530 1986 Ἀντοόνιον
552 1913 630 1997 τοῦς
654 1910 926 2004 ἀπαγγελοῦντας
950 1919 1099 2006 ἔπεμψεν
1125 1913 1181 1988 ὅτι
1266 1963 1267 1980 2

211 2016 385 2105 τέθνηκεν.
422 2013 604 2098 πιστεύσας
630 2015 661 2086 δ’
689 2015 815 2100 ἐκεῖνός
832 2046 899 2088 τινι
915 2019 983 2088 τύν
1000 2015 1182 2107 παρόντων

212 2119 392 2209 ἐπέτρεψεν
415 2114 609 2190 ἀποκτεῖναι
634 2115 746 2190 αὐτόν.
783 2113 828 2200 ῦς
847 2115 880 2189 δ’
901 2122 1026 2202 ἐκεῖνος
1044 2118 1178 2190 σπασά-
1265 2157 1267 2198 ÷

209 2248 310 2309 μενος
333 2217 370 2290 τό
393 2223 488 2308 ξίφος
510 2219 631 2292 ἑαυτὸν
653 2217 908 2311 κατειργάσατο,
935 2211 1057 2310 “εύγε”
1079 2221 1175 2292 εἶπεν
1188 2246 1221 2290 εο

206 2312 392 2410 “οό”Εροις”
411 2328 509 2393 τούτο
525 2319 589 2414 γάρ
607 2311 650 2410 ήν
666 2319 772 2411 όνομοι
789 2329 835 2416 τῷ
853 2320 1026 2417 ἀνθροόπφ
1044 2317 1115 2394 “ῦτι
1132 2349 1176 2412 με
1264 2321 1267 2400 ,ἶ

176 2430 245 2493 Οτί
260 2423 322 2514 χρή
340 2439 450 2494 ποιεῖν
468 2418 667 2512 διδάσκεις,”
686 2425 742 2494 καλ
760 2421 884 2514 πλήξας
904 2419 1024 2496 ἑαυτόν
1040 2423 1099 2495 ’διά
1116 2429 1176 2514 τής
1265 2477 1266 2480 ,

210 2532 337 2606 κοιλίας
355 2531 403 2604 είς
420 2522 483 2613 τήν
500 2532 620 2612 κλίνην
637 2522 779 2615 ἀφῆκεν.
813 2515 866 2614 1ήν
883 2525 922 2596 δέ
939 2521 1003 2598 οῦκ
1020 2521 1177 2598 εύθυθά·
1265 2559 1266 2562 ’

208 2653 307 2710 νατος
337 2620 359 2716 ή
389 2624 509 2716 πληγή,
557 2627 711 2716 θορύβου
737 2628 774 2700 δέ
795 2630 978 2716 γενομένου
1002 2623 1130 2718 ᾔσθετο
1153 2622 1175 2718 ή

209 2725 415 2818 Κλεοπάτρα.
436 2730 492 2798 καὶ
508 2726 566 2812 τάς
582 2729 645 2820 μέν
661 2726 772 2821 θύρας
785 2725 847 2802 οῦκ
860 2725 1018 2824 άνέφξεν,
1035 2726 1176 2802 ἀνωθεν
1190 2755 1222 2799 τε

210 2829 248 2902 δὲ
265 2827 485 2922 προκύψασα,
509 2827 603 2902 οὔπω
626 2830 691 2923 γάρ
713 2830 754 2902 τά
777 2830 859 2921 πρὸς
882 2835 922 2922 τῇ
940 2827 1050 2926 ὀροφή
1069 2834 1176 2922 έξείρ-

207 2953 327 3023 γαστο,
351 2934 407 3004 καὶ
431 2935 589 3023 μαθοῦσα
606 2932 643 3004 τὸ
660 2930 816 3022 γεγονός,
841 2940 986 3024 κομίζειν
1010 2929 1115 3004 αῦτδν
1140 2936 1175 3016 ές

206 3033 266 3106 τὸν
288 3033 398 3124 τάφον
421 3037 583 3107 ἐκέλευσε.
625 3033 730 3124 γνούς
751 3035 789 3106 δέ
812 3031 965 3118 κάκεῖνος
988 3039 1037 3106 ἔτι
1063 3038 1174 3120 ζῶσαν

208 3133 332 3226 αάτήυ,
362 3133 542 3227 παρεκάλει
565 3143 769 3228 κομισθῆναι
793 3138 880 3226 ἐκεῖ,
911 3139 968 3208 καλ
998 3139 1174 3227 κομισθεὶς

208 3253 335 3326 σειραῖς
358 3239 414 3307 καὶ
431 3242 608 3331 καλῳδίοις
626 3237 797 3311 ἀνείλκετο
814 3233 895 3326 παρ’
914 3236 1017 3328 αὐτῆς
1034 3239 1091 3310 καλ
1109 3235 1171 3310 δύο
1189 3263 1222 3307 οο
1263 3293 1265 3304 ,

208 3337 276 3402 τύν
299 3342 554 3426 θεραπαινίδων
577 3336 691 3428 αύτής.
745 3344 906 3432 δεξαμένη
936 3341 973 3411 δὲ
995 3336 1099 3411 αύτόν
1120 3345 1172 3410 αἴ-

209 3460 286 3521 ματι
303 3439 518 3528 πεφυρμένον
534 3439 591 3508 καὶ
610 3446 905 3534 δυσθανατοῦντα,
929 3441 1006 3526 τοῦς
1024 3441 1172 3522 πέπλους
1262 3525 1264 3536 A

1264 2717 1266 2762 λ
