<?xml version="1.0" encoding="UTF-8"?>
<!DOCTYPE html PUBLIC "-//W3C//DTD XHTML 1.0 Transitional//EN"
    "http://www.w3.org/TR/xhtml1/DTD/xhtml1-transitional.dtd">
<html xmlns="http://www.w3.org/1999/xhtml" xml:lang="en" lang="en">
 <head>
  <title>
</title>
<meta http-equiv="Content-Type" content="text/html;charset=utf-8" />
  <meta name='ocr-system' content='tesseract 3.04.00' />
  <meta name='ocr-capabilities' content='ocr_page ocr_carea ocr_par ocr_line ocrx_word'/>
</head>
<body>
  <div class='ocr_page' id='page_1' title='image "./iannoutouznapae01canggoog_0421.png"; bbox 0 0 2538 3824; ppageno 0'>
   <div class='ocr_carea' id='block_1_1' title="bbox 206 137 848 200">
    <p class='ocr_par' dir='ltr' id='par_1_1' title="bbox 206 137 848 200">
     <span class='ocr_line' id='line_1_1' title="bbox 206 137 848 200; baseline -0.019 1"><span class='ocrx_word' id='word_1_1' title='bbox 206 138 271 200; x_wconf 81' lang='grc'><strong><em>414</em></strong></span> <span class='ocrx_word' id='word_1_2' title='bbox 534 139 606 193; x_wconf 87' lang='lat' dir='ltr'><strong>LIB.</strong></span> <span class='ocrx_word' id='word_1_3' title='bbox 617 139 652 192; x_wconf 88' lang='lat' dir='ltr'><strong><em>X.</em></strong></span> <span class='ocrx_word' id='word_1_4' title='bbox 671 137 748 189; x_wconf 77' lang='lat' dir='ltr'><strong>OAP.</strong></span> <span class='ocrx_word' id='word_1_5' title='bbox 761 140 848 191; x_wconf 86' lang='lat' dir='ltr'>XXV.</span> 
     </span>
    </p>
   </div>
   <div class='ocr_carea' id='block_1_2' title="bbox 115 275 1266 3526">
    <p class='ocr_par' dir='ltr' id='par_1_2' title="bbox 115 275 1266 3526">
     <span class='ocr_line' id='line_1_2' title="bbox 208 275 1174 372; baseline 0.001 -24"><span class='ocrx_word' id='word_1_6' title='bbox 208 276 302 371; x_wconf 77' lang='grc' dir='ltr'><strong><em>αὑτῷ</em></strong></span> <span class='ocrx_word' id='word_1_7' title='bbox 325 276 523 368; x_wconf 71' lang='grc' dir='ltr'>συγγνώμης</span> <span class='ocrx_word' id='word_1_8' title='bbox 548 275 686 366; x_wconf 80' lang='grc' dir='ltr'><strong><em>ἠξίωσε,</em></strong></span> <span class='ocrx_word' id='word_1_9' title='bbox 717 275 774 360; x_wconf 84' lang='grc' dir='ltr'><strong><em>τάς</em></strong></span> <span class='ocrx_word' id='word_1_10' title='bbox 797 276 830 350; x_wconf 87' lang='grc' dir='ltr'><strong><em>δ’</em></strong></span> <span class='ocrx_word' id='word_1_11' title='bbox 858 275 1056 360; x_wconf 76' lang='grc' dir='ltr'><strong><em>ἀντιστάσας</em></strong></span> <span class='ocrx_word' id='word_1_12' title='bbox 1080 276 1174 372; x_wconf 79' lang='grc' dir='ltr'><strong><em>αὑτῷ</em></strong></span> 
     </span>
     <span class='ocr_line' id='line_1_3' title="bbox 208 383 1026 462; baseline 0.002 -12"><span class='ocrx_word' id='word_1_13' title='bbox 208 383 413 452; x_wconf 73' lang='grc' dir='ltr'><strong><em>ἐδικαίωσεν.</em></strong></span> <span class='ocrx_word' id='word_1_14' title='bbox 1024 459 1026 462; x_wconf 54' lang='grc'><strong><em>,</em></strong></span> 
     </span>
     <span class='ocr_line' id='line_1_4' title="bbox 287 479 1175 572; baseline -0.003 -16"><span class='ocrx_word' id='word_1_15' title='bbox 287 486 333 556; x_wconf 75' lang='lat' dir='ltr'><strong><em>Ol</em></strong></span> <span class='ocrx_word' id='word_1_16' title='bbox 347 488 544 572; x_wconf 78' lang='grc' dir='ltr'><strong><em>στρατιῶται</em></strong></span> <span class='ocrx_word' id='word_1_17' title='bbox 558 482 596 552; x_wconf 74' lang='grc' dir='ltr'><strong><em>δὲ</em></strong></span> <span class='ocrx_word' id='word_1_18' title='bbox 609 482 812 552; x_wconf 82' lang='grc' dir='ltr'><strong><em>ἐστασίασάν</em></strong></span> <span class='ocrx_word' id='word_1_19' title='bbox 823 510 859 553; x_wconf 87' lang='grc' dir='ltr'><strong><em>τε</em></strong></span> <span class='ocrx_word' id='word_1_20' title='bbox 873 483 928 552; x_wconf 84' lang='grc' dir='ltr'><strong><em>καί</em></strong></span> <span class='ocrx_word' id='word_1_21' title='bbox 943 479 1175 572; x_wconf 76' lang='grc' dir='ltr'><strong><em>ἐθρασύνοντο</em></strong></span> 
     </span>
     <span class='ocr_line' id='line_1_5' title="bbox 115 578 1175 674; baseline 0 -20"><span class='ocrx_word' id='word_1_22' title='bbox 115 601 118 615; x_wconf 83' lang='grc'><strong>’</strong></span> <span class='ocrx_word' id='word_1_23' title='bbox 206 585 263 654; x_wconf 84' lang='grc' dir='ltr'><strong><em>καί</em></strong></span> <span class='ocrx_word' id='word_1_24' title='bbox 286 582 523 674; x_wconf 75' lang='grc' dir='ltr'><strong><em>συλλεγόμενοι</em></strong></span> <span class='ocrx_word' id='word_1_25' title='bbox 545 579 650 674; x_wconf 80' lang='grc' dir='ltr'><strong><em>ᾔτουν</em></strong></span> <span class='ocrx_word' id='word_1_26' title='bbox 673 587 809 666; x_wconf 83' lang='grc' dir='ltr'><strong><em>ἕκαστος</em></strong></span> <span class='ocrx_word' id='word_1_27' title='bbox 831 578 851 653; x_wconf 80' lang='grc' dir='ltr'>ὃ</span> <span class='ocrx_word' id='word_1_28' title='bbox 873 581 1000 654; x_wconf 90' lang='grc' dir='ltr'><strong><em>ἐπόθει.</em></strong></span> <span class='ocrx_word' id='word_1_29' title='bbox 1047 587 1108 656; x_wconf 81' lang='grc' dir='ltr'><strong><em>τοῦ</em></strong></span> <span class='ocrx_word' id='word_1_30' title='bbox 1134 585 1175 654; x_wconf 78' lang='grc' dir='ltr'><strong><em>δὲ</em></strong></span> 
     </span>
     <span class='ocr_line' id='line_1_6' title="bbox 207 683 1203 776; baseline 0 -20"><span class='ocrx_word' id='word_1_31' title='bbox 207 691 376 774; x_wconf 89' lang='grc' dir='ltr'><strong><em>Καίσαρος</em></strong></span> <span class='ocrx_word' id='word_1_32' title='bbox 395 689 431 757; x_wconf 93' lang='grc' dir='ltr'><strong><em>ἐν</em></strong></span> <span class='ocrx_word' id='word_1_33' title='bbox 448 683 608 776; x_wconf 78' lang='grc' dir='ltr'><strong><em>ὀλιγωρίᾳ</em></strong></span> <span class='ocrx_word' id='word_1_34' title='bbox 625 689 714 773; x_wconf 76' lang='grc' dir='ltr'><strong><em>σφᾶς</em></strong></span> <span class='ocrx_word' id='word_1_35' title='bbox 730 689 944 774; x_wconf 77' lang='grc' dir='ltr'><strong><em>ποιουμένου,</em></strong></span> <span class='ocrx_word' id='word_1_36' title='bbox 963 683 1008 767; x_wconf 75' lang='grc' dir='ltr'><strong><em>ὡς</em></strong></span> <span class='ocrx_word' id='word_1_37' title='bbox 1020 684 1065 774; x_wconf 86' lang='grc' dir='ltr'><strong><em>μή</em></strong></span> <span class='ocrx_word' id='word_1_38' title='bbox 1082 714 1203 767; x_wconf 80' lang='grc' dir='ltr'><strong><em>τινοςε</em></strong></span> 
     </span>
     <span class='ocr_line' id='line_1_7' title="bbox 206 781 1176 878; baseline 0.002 -22"><span class='ocrx_word' id='word_1_39' title='bbox 206 792 367 876; x_wconf 74' lang='grc' dir='ltr'><strong><em>πολεμίου</em></strong></span> <span class='ocrx_word' id='word_1_40' title='bbox 385 785 562 878; x_wconf 88' lang='grc' dir='ltr'><strong><em>παρόντος,</em></strong></span> <span class='ocrx_word' id='word_1_41' title='bbox 579 789 793 876; x_wconf 85' lang='grc' dir='ltr'><strong><em>ἐπηπείλουν.</em></strong></span> <span class='ocrx_word' id='word_1_42' title='bbox 829 781 874 868; x_wconf 71' lang='grc' dir='ltr'><strong><em>οἱς</em></strong></span> <span class='ocrx_word' id='word_1_43' title='bbox 889 783 922 856; x_wconf 89' lang='grc' dir='ltr'><strong><em>δ’</em></strong></span> <span class='ocrx_word' id='word_1_44' title='bbox 936 785 1039 858; x_wconf 75' lang='grc' dir='ltr'><strong><em>οὐδὲν</em></strong></span> <span class='ocrx_word' id='word_1_45' title='bbox 1052 787 1176 878; x_wconf 80' lang='grc' dir='ltr'><strong><em>ἤνυον,</em></strong></span> 
     </span>
     <span class='ocr_line' id='line_1_8' title="bbox 172 884 1175 983; baseline -0.001 -22"><span class='ocrx_word' id='word_1_46' title='bbox 172 895 265 978; x_wconf 85' lang='grc' dir='ltr'><strong><em>Βτής</em></strong></span> <span class='ocrx_word' id='word_1_47' title='bbox 282 895 456 979; x_wconf 75' lang='grc' dir='ltr'><strong><em>στρατείας</em></strong></span> <span class='ocrx_word' id='word_1_48' title='bbox 480 884 653 978; x_wconf 74' lang='grc' dir='ltr'><strong><em>ἀφεθῆναι</em></strong></span> <span class='ocrx_word' id='word_1_49' title='bbox 669 887 787 978; x_wconf 79' lang='grc' dir='ltr'><strong><em>ἠξίουν</em></strong></span> <span class='ocrx_word' id='word_1_50' title='bbox 803 893 905 983; x_wconf 80' lang='grc' dir='ltr'><strong><em>θυμῷ</em></strong></span> <span class='ocrx_word' id='word_1_51' title='bbox 922 893 978 960; x_wconf 81' lang='grc' dir='ltr'><strong><em>καί</em></strong></span> <span class='ocrx_word' id='word_1_52' title='bbox 995 896 1074 980; x_wconf 77' lang='grc' dir='ltr'><strong><em>βοή·</em></strong></span> <span class='ocrx_word' id='word_1_53' title='bbox 1109 889 1175 978; x_wconf 90' lang='grc' dir='ltr'><strong><em>λή-</em></strong></span> 
     </span>
     <span class='ocr_line' id='line_1_9' title="bbox 206 986 1174 1082; baseline -0.001 -21"><span class='ocrx_word' id='word_1_54' title='bbox 206 1003 334 1074; x_wconf 74' lang='grc' dir='ltr'><strong><em>ψεσθαι</em></strong></span> <span class='ocrx_word' id='word_1_55' title='bbox 350 989 414 1081; x_wconf 83' lang='grc' dir='ltr'><strong><em>γάρ</em></strong></span> <span class='ocrx_word' id='word_1_56' title='bbox 431 988 578 1080; x_wconf 77' lang='grc' dir='ltr'><strong><em>ἤλπισαν</em></strong></span> <span class='ocrx_word' id='word_1_57' title='bbox 594 986 616 1059; x_wconf 80' lang='grc' dir='ltr'><strong><em>ὑ</em></strong></span> <span class='ocrx_word' id='word_1_58' title='bbox 633 987 785 1082; x_wconf 76' lang='grc' dir='ltr'><strong><em>ἀπῄτουν</em></strong></span> <span class='ocrx_word' id='word_1_59' title='bbox 803 991 859 1061; x_wconf 78' lang='grc' dir='ltr'><strong><em>διὰ</em></strong></span> <span class='ocrx_word' id='word_1_60' title='bbox 877 990 939 1080; x_wconf 86' lang='grc' dir='ltr'><strong><em>τήν</em></strong></span> <span class='ocrx_word' id='word_1_61' title='bbox 956 989 1099 1080; x_wconf 84' lang='grc' dir='ltr'><strong><em>ἀπειλήν</em></strong></span> <span class='ocrx_word' id='word_1_62' title='bbox 1111 994 1174 1080; x_wconf 82' lang='grc' dir='ltr'><strong><em>της</em></strong></span> 
     </span>
     <span class='ocr_line' id='line_1_10' title="bbox 207 1091 1172 1183; baseline 0.001 -21"><span class='ocrx_word' id='word_1_63' title='bbox 207 1096 479 1182; x_wconf 77' lang='grc' dir='ltr'><strong><em>ἐγκαταλείφεως.</em></strong></span> <span class='ocrx_word' id='word_1_64' title='bbox 533 1091 551 1162; x_wconf 88' lang='grc' dir='ltr'><strong><em>ό</em></strong></span> <span class='ocrx_word' id='word_1_65' title='bbox 582 1093 620 1162; x_wconf 75' lang='grc' dir='ltr'><strong><em>δὲ</em></strong></span> <span class='ocrx_word' id='word_1_66' title='bbox 642 1102 776 1180; x_wconf 82' lang='grc' dir='ltr'><strong><em>Καίσαρ</em></strong></span> <span class='ocrx_word' id='word_1_67' title='bbox 798 1092 844 1181; x_wconf 84' lang='grc' dir='ltr'><strong><em>μή</em></strong></span> <span class='ocrx_word' id='word_1_68' title='bbox 868 1098 942 1164; x_wconf 81' lang='grc' dir='ltr'><strong><em>δεῖν</em></strong></span> <span class='ocrx_word' id='word_1_69' title='bbox 965 1099 1108 1183; x_wconf 79' lang='grc' dir='ltr'><strong><em>νομίζων</em></strong></span> <span class='ocrx_word' id='word_1_70' title='bbox 1135 1097 1172 1176; x_wconf 83' lang='grc' dir='ltr'><strong><em>ἐξ</em></strong></span> 
     </span>
     <span class='ocr_line' id='line_1_11' title="bbox 204 1191 1215 1284; baseline 0 -20"><span class='ocrx_word' id='word_1_71' title='bbox 204 1191 351 1284; x_wconf 86' lang='grc' dir='ltr'><strong><em>ἀυάγκης</em></strong></span> <span class='ocrx_word' id='word_1_72' title='bbox 367 1193 428 1268; x_wconf 86' lang='grc' dir='ltr'><strong><em>τὸν</em></strong></span> <span class='ocrx_word' id='word_1_73' title='bbox 444 1191 589 1284; x_wconf 74' lang='grc' dir='ltr'><strong><em>ἄρχοντα</em></strong></span> <span class='ocrx_word' id='word_1_74' title='bbox 605 1212 675 1275; x_wconf 75' lang='grc' dir='ltr'><strong><em>τοῖς</em></strong></span> <span class='ocrx_word' id='word_1_75' title='bbox 692 1193 852 1284; x_wconf 76' lang='grc' dir='ltr'><strong><em>ὑπηκόοις</em></strong></span> <span class='ocrx_word' id='word_1_76' title='bbox 865 1192 1030 1284; x_wconf 89' lang='grc' dir='ltr'><strong><em>ὑπείκειν,</em></strong></span> <span class='ocrx_word' id='word_1_77' title='bbox 1048 1191 1174 1284; x_wconf 83' lang='grc' dir='ltr'><strong><em>εὑλογά</em></strong></span> <span class='ocrx_word' id='word_1_78' title='bbox 1188 1227 1215 1265; x_wconf 87' lang='lat'><strong><em>10</em></strong></span> 
     </span>
     <span class='ocr_line' id='line_1_12' title="bbox 204 1295 1174 1385; baseline 0.002 -19"><span class='ocrx_word' id='word_1_79' title='bbox 204 1325 240 1368; x_wconf 86' lang='grc' dir='ltr'><strong><em>τε</em></strong></span> <span class='ocrx_word' id='word_1_80' title='bbox 265 1295 388 1380; x_wconf 85' lang='grc' dir='ltr'><strong><em>αὑτοὺς</em></strong></span> <span class='ocrx_word' id='word_1_81' title='bbox 417 1295 534 1380; x_wconf 78' lang='grc' dir='ltr'><strong><em>ἀξιοῦν</em></strong></span> <span class='ocrx_word' id='word_1_82' title='bbox 562 1303 627 1385; x_wconf 85' lang='grc' dir='ltr'><strong><em>ἐφη</em></strong></span> <span class='ocrx_word' id='word_1_83' title='bbox 650 1298 706 1366; x_wconf 76' lang='grc' dir='ltr'><strong><em>καί</em></strong></span> <span class='ocrx_word' id='word_1_84' title='bbox 734 1299 829 1385; x_wconf 78' lang='grc' dir='ltr'><strong><em>διῆκε</em></strong></span> <span class='ocrx_word' id='word_1_85' title='bbox 851 1301 984 1384; x_wconf 77' lang='grc' dir='ltr'><strong><em>πρῶτον</em></strong></span> <span class='ocrx_word' id='word_1_86' title='bbox 1007 1297 1069 1384; x_wconf 75' lang='grc' dir='ltr'><strong><em>μὲν</em></strong></span> <span class='ocrx_word' id='word_1_87' title='bbox 1092 1296 1174 1380; x_wconf 90' lang='grc' dir='ltr'><strong><em>τοὺς</em></strong></span> 
     </span>
     <span class='ocr_line' id='line_1_13' title="bbox 206 1393 1266 1492; baseline 0 -24"><span class='ocrx_word' id='word_1_88' title='bbox 206 1401 260 1468; x_wconf 81' lang='grc' dir='ltr'><strong><em>ἐπί</em></strong></span> <span class='ocrx_word' id='word_1_89' title='bbox 276 1396 335 1470; x_wconf 89' lang='grc' dir='ltr'><strong><em>τόν</em></strong></span> <span class='ocrx_word' id='word_1_90' title='bbox 351 1395 529 1470; x_wconf 73' lang='grc' dir='ltr'><strong><em>’Λντώνιον</em></strong></span> <span class='ocrx_word' id='word_1_91' title='bbox 546 1393 640 1492; x_wconf 73' lang='grc' dir='ltr'><strong><em>αὑτῷ</em></strong></span> <span class='ocrx_word' id='word_1_92' title='bbox 657 1397 978 1488; x_wconf 82' lang='grc' dir='ltr'><strong><em>συστρατεύσαντας,</em></strong></span> <span class='ocrx_word' id='word_1_93' title='bbox 996 1397 1040 1480; x_wconf 75' lang='grc' dir='ltr'><strong><em>ὥς</em></strong></span> <span class='ocrx_word' id='word_1_94' title='bbox 1059 1399 1097 1468; x_wconf 73' lang='grc' dir='ltr'><strong><em>δὲ</em></strong></span> <span class='ocrx_word' id='word_1_95' title='bbox 1113 1401 1173 1469; x_wconf 79' lang='grc' dir='ltr'><strong><em>καλ</em></strong></span> <span class='ocrx_word' id='word_1_96' title='bbox 1264 1479 1266 1484; x_wconf 39' lang='grc'><strong><em>,</em></strong></span> 
     </span>
     <span class='ocr_line' id='line_1_14' title="bbox 204 1497 1174 1590; baseline 0.001 -21"><span class='ocrx_word' id='word_1_97' title='bbox 204 1506 239 1570; x_wconf 88' lang='grc' dir='ltr'><strong><em>οί</em></strong></span> <span class='ocrx_word' id='word_1_98' title='bbox 253 1497 347 1570; x_wconf 78' lang='grc' dir='ltr'><strong><em>ἄλλοι</em></strong></span> <span class='ocrx_word' id='word_1_99' title='bbox 366 1503 541 1587; x_wconf 78' lang='grc' dir='ltr'><strong><em>ἐνέκειντο,</em></strong></span> <span class='ocrx_word' id='word_1_100' title='bbox 560 1502 615 1569; x_wconf 80' lang='grc' dir='ltr'><strong><em>καί</em></strong></span> <span class='ocrx_word' id='word_1_101' title='bbox 632 1498 710 1582; x_wconf 86' lang='grc' dir='ltr'><strong><em>τοὺς</em></strong></span> <span class='ocrx_word' id='word_1_102' title='bbox 729 1502 869 1570; x_wconf 80' lang='grc' dir='ltr'><strong><em>δέκατον</em></strong></span> <span class='ocrx_word' id='word_1_103' title='bbox 882 1509 953 1582; x_wconf 88' lang='grc' dir='ltr'><strong><em>ἐτος</em></strong></span> <span class='ocrx_word' id='word_1_104' title='bbox 967 1521 1174 1590; x_wconf 89' lang='grc' dir='ltr'><strong><em>στρατευσα-</em></strong></span> 
     </span>
     <span class='ocr_line' id='line_1_15' title="bbox 204 1597 1169 1690; baseline 0.001 -19"><span class='ocrx_word' id='word_1_105' title='bbox 204 1606 326 1689; x_wconf 83' lang='grc' dir='ltr'><strong><em>μένους</em></strong></span> <span class='ocrx_word' id='word_1_106' title='bbox 350 1608 531 1690; x_wconf 82' lang='grc' dir='ltr'><strong><em>διαφῆκεν,</em></strong></span> <span class='ocrx_word' id='word_1_107' title='bbox 557 1599 662 1672; x_wconf 81' lang='grc' dir='ltr'><strong><em>είπιδν</em></strong></span> <span class='ocrx_word' id='word_1_108' title='bbox 686 1597 731 1683; x_wconf 74' lang='grc' dir='ltr'><strong><em>ὥς</em></strong></span> <span class='ocrx_word' id='word_1_109' title='bbox 756 1601 872 1674; x_wconf 80' lang='grc' dir='ltr'><strong><em>οὐδενὶ</em></strong></span> <span class='ocrx_word' id='word_1_110' title='bbox 892 1601 939 1672; x_wconf 80' lang='grc' dir='ltr'><strong><em>ἔτ’</em></strong></span> <span class='ocrx_word' id='word_1_111' title='bbox 961 1599 1073 1672; x_wconf 75' lang='grc' dir='ltr'><strong><em>αὑτων</em></strong></span> <span class='ocrx_word' id='word_1_112' title='bbox 1091 1598 1169 1674; x_wconf 76' lang='grc' dir='ltr'><strong><em>οὐδ’</em></strong></span> 
     </span>
     <span class='ocr_line' id='line_1_16' title="bbox 204 1698 1211 1793; baseline 0.005 -23"><span class='ocrx_word' id='word_1_113' title='bbox 204 1698 246 1772; x_wconf 86' lang='grc' dir='ltr'><strong><em>ἀν</em></strong></span> <span class='ocrx_word' id='word_1_114' title='bbox 270 1701 311 1772; x_wconf 83' lang='grc' dir='ltr'><strong><em>τὰ</em></strong></span> <span class='ocrx_word' id='word_1_115' title='bbox 334 1703 475 1792; x_wconf 83' lang='grc' dir='ltr'><strong><em>μάλιστα</em></strong></span> <span class='ocrx_word' id='word_1_116' title='bbox 501 1701 688 1792; x_wconf 77' lang='grc' dir='ltr'><strong><em>ἐθελήσωσι</em></strong></span> <span class='ocrx_word' id='word_1_117' title='bbox 714 1701 879 1793; x_wconf 83' lang='grc' dir='ltr'><strong><em>χρήσεται.</em></strong></span> <span class='ocrx_word' id='word_1_118' title='bbox 921 1699 941 1774; x_wconf 75' lang='grc' dir='ltr'><em>ὃ</em></span> <span class='ocrx_word' id='word_1_119' title='bbox 963 1702 1171 1786; x_wconf 76' lang='grc' dir='ltr'><strong><em>ἀκούσαντες</em></strong></span> <span class='ocrx_word' id='word_1_120' title='bbox 1185 1735 1211 1775; x_wconf 86' lang='lat'><strong><em>15</em></strong></span> 
     </span>
     <span class='ocr_line' id='line_1_17' title="bbox 203 1801 1172 1900; baseline 0.002 -26"><span class='ocrx_word' id='word_1_121' title='bbox 203 1801 307 1874; x_wconf 75' lang='grc' dir='ltr'><strong><em>οὐδὲν</em></strong></span> <span class='ocrx_word' id='word_1_122' title='bbox 333 1809 381 1875; x_wconf 81' lang='grc' dir='ltr'><strong><em>ἔτι</em></strong></span> <span class='ocrx_word' id='word_1_123' title='bbox 408 1808 630 1894; x_wconf 76' lang='grc' dir='ltr'><strong><em>ἐφθέγξαντο,</em></strong></span> <span class='ocrx_word' id='word_1_124' title='bbox 664 1804 748 1875; x_wconf 81' lang='grc' dir='ltr'><strong><em>ἀλλὰ</em></strong></span> <span class='ocrx_word' id='word_1_125' title='bbox 781 1807 956 1895; x_wconf 81' lang='grc' dir='ltr'><strong><em>προσέχειν</em></strong></span> <span class='ocrx_word' id='word_1_126' title='bbox 989 1803 1080 1900; x_wconf 74' lang='grc' dir='ltr'><strong><em>αὐτῷ</em></strong></span> <span class='ocrx_word' id='word_1_127' title='bbox 1112 1802 1172 1898; x_wconf 84' lang='grc' dir='ltr'><strong><em>ήρ·</em></strong></span> 
     </span>
     <span class='ocr_line' id='line_1_18' title="bbox 203 1909 309 1989; baseline 0 -13"><span class='ocrx_word' id='word_1_128' title='bbox 203 1909 309 1989; x_wconf 89' lang='grc' dir='ltr'><strong><em>ξαντο.</em></strong></span> 
     </span>
     <span class='ocr_line' id='line_1_19' title="bbox 281 2005 1171 2102; baseline 0.002 -23"><span class='ocrx_word' id='word_1_129' title='bbox 281 2010 349 2079; x_wconf 84' lang='grc' dir='ltr'><strong><em>Καὶ</em></strong></span> <span class='ocrx_word' id='word_1_130' title='bbox 366 2005 440 2078; x_wconf 88' lang='grc' dir='ltr'><strong><em>τότε</em></strong></span> <span class='ocrx_word' id='word_1_131' title='bbox 457 2008 520 2098; x_wconf 74' lang='grc' dir='ltr'><strong><em>μέν</em></strong></span> <span class='ocrx_word' id='word_1_132' title='bbox 537 2007 577 2078; x_wconf 86' lang='grc' dir='ltr'><strong><em>τά</em></strong></span> <span class='ocrx_word' id='word_1_133' title='bbox 596 2013 634 2078; x_wconf 87' lang='grc' dir='ltr'><strong><em>ἐν</em></strong></span> <span class='ocrx_word' id='word_1_134' title='bbox 650 2011 691 2098; x_wconf 79' lang='grc' dir='ltr'><strong><em>τη</em></strong></span> <span class='ocrx_word' id='word_1_135' title='bbox 709 2016 851 2101; x_wconf 81' lang='grc' dir='ltr'><strong><em>Σικελίᾳ</em></strong></span> <span class='ocrx_word' id='word_1_136' title='bbox 870 2006 1014 2102; x_wconf 80' lang='grc' dir='ltr'><strong><em>διςόκησε</em></strong></span> <span class='ocrx_word' id='word_1_137' title='bbox 1032 2007 1171 2098; x_wconf 79' lang='grc' dir='ltr'><strong><em>καλιήν</em></strong></span> 
     </span>
     <span class='ocr_line' id='line_1_20' title="bbox 169 2107 1167 2200; baseline -0.004 -16"><span class='ocrx_word' id='word_1_138' title='bbox 169 2108 338 2200; x_wconf 77' lang='grc' dir='ltr'><strong><em>ΟΛιβόην</em></strong></span> <span class='ocrx_word' id='word_1_139' title='bbox 363 2112 524 2199; x_wconf 82' lang='grc' dir='ltr'><strong><em>ἑκατέραν</em></strong></span> <span class='ocrx_word' id='word_1_140' title='bbox 547 2113 677 2199; x_wconf 77' lang='grc' dir='ltr'><strong><em>πέμψας</em></strong></span> <span class='ocrx_word' id='word_1_141' title='bbox 701 2107 820 2199; x_wconf 78' lang='grc' dir='ltr'><strong><em>ἀμαχεὶ</em></strong></span> <span class='ocrx_word' id='word_1_142' title='bbox 837 2108 1084 2199; x_wconf 75' lang='grc' dir='ltr'><strong><em>παρεστήσατο,</em></strong></span> <span class='ocrx_word' id='word_1_143' title='bbox 1109 2114 1167 2180; x_wconf 82' lang='grc' dir='ltr'><strong><em>καὶ</em></strong></span> 
     </span>
     <span class='ocr_line' id='line_1_21' title="bbox 202 2207 1264 2303; baseline -0.001 -21"><span class='ocrx_word' id='word_1_144' title='bbox 202 2218 236 2282; x_wconf 90' lang='grc' dir='ltr'><strong><em>οί</em></strong></span> <span class='ocrx_word' id='word_1_145' title='bbox 266 2215 303 2282; x_wconf 88' lang='grc' dir='ltr'><strong><em>ἐν</em></strong></span> <span class='ocrx_word' id='word_1_146' title='bbox 332 2218 372 2302; x_wconf 77' lang='grc' dir='ltr'><strong><em>τῇ</em></strong></span> <span class='ocrx_word' id='word_1_147' title='bbox 399 2211 504 2302; x_wconf 73' lang='grc' dir='ltr'><strong><em>Ῥώμη</em></strong></span> <span class='ocrx_word' id='word_1_148' title='bbox 535 2209 659 2293; x_wconf 81' lang='grc' dir='ltr'><strong><em>πολλός</em></strong></span> <span class='ocrx_word' id='word_1_149' title='bbox 689 2207 782 2303; x_wconf 77' lang='grc' dir='ltr'><strong><em>αὑτῷ</em></strong></span> <span class='ocrx_word' id='word_1_150' title='bbox 811 2210 907 2300; x_wconf 84' lang='grc' dir='ltr'><strong><em>τιμάς</em></strong></span> <span class='ocrx_word' id='word_1_151' title='bbox 943 2215 1162 2302; x_wconf 78' lang='grc' dir='ltr'><strong><em>ἐψηφίσαντο·</em></strong></span> <span class='ocrx_word' id='word_1_152' title='bbox 1178 2239 1205 2281; x_wconf 78' lang='grc' dir='ltr'><strong><em>το</em></strong></span> <span class='ocrx_word' id='word_1_153' title='bbox 1263 2233 1264 2236; x_wconf 75' lang='grc'>’</span> 
     </span>
     <span class='ocr_line' id='line_1_22' title="bbox 201 2310 1167 2402; baseline -0.001 -17"><span class='ocrx_word' id='word_1_154' title='bbox 201 2316 325 2396; x_wconf 81' lang='grc' dir='ltr'><strong><em>Σέξτος</em></strong></span> <span class='ocrx_word' id='word_1_155' title='bbox 349 2314 388 2382; x_wconf 72' lang='grc' dir='ltr'><strong><em>δὲ</em></strong></span> <span class='ocrx_word' id='word_1_156' title='bbox 411 2317 447 2384; x_wconf 85' lang='grc' dir='ltr'><strong><em>ἐκ</em></strong></span> <span class='ocrx_word' id='word_1_157' title='bbox 470 2318 529 2401; x_wconf 85' lang='grc' dir='ltr'><strong><em>τής</em></strong></span> <span class='ocrx_word' id='word_1_158' title='bbox 547 2311 729 2402; x_wconf 81' lang='grc' dir='ltr'><strong><em>Μεσσήνης</em></strong></span> <span class='ocrx_word' id='word_1_159' title='bbox 752 2312 931 2402; x_wconf 81' lang='grc' dir='ltr'><strong><em>ἀναχθείς,</em></strong></span> <span class='ocrx_word' id='word_1_160' title='bbox 952 2310 1167 2400; x_wconf 84' lang='grc' dir='ltr'><strong><em>ὑποτοπήσας</em></strong></span> 
     </span>
     <span class='ocr_line' id='line_1_23' title="bbox 204 2411 1166 2504; baseline 0.003 -21"><span class='ocrx_word' id='word_1_161' title='bbox 204 2415 241 2484; x_wconf 74' lang='grc' dir='ltr'><strong><em>δὲ</em></strong></span> <span class='ocrx_word' id='word_1_162' title='bbox 259 2418 446 2504; x_wconf 75' lang='grc' dir='ltr'><strong><em>διωχθῆναι</em></strong></span> <span class='ocrx_word' id='word_1_163' title='bbox 471 2411 566 2502; x_wconf 80' lang='grc' dir='ltr'><strong><em>ήκαλ</em></strong></span> <span class='ocrx_word' id='word_1_164' title='bbox 584 2421 794 2504; x_wconf 73' lang='grc' dir='ltr'><strong><em>προδοθῆναι</em></strong></span> <span class='ocrx_word' id='word_1_165' title='bbox 811 2413 878 2486; x_wconf 87' lang='grc' dir='ltr'><strong><em>ὑπό</em></strong></span> <span class='ocrx_word' id='word_1_166' title='bbox 895 2418 963 2487; x_wconf 76' lang='grc' dir='ltr'><strong><em>των</em></strong></span> <span class='ocrx_word' id='word_1_167' title='bbox 981 2412 1166 2504; x_wconf 86' lang='grc' dir='ltr'><strong><em>συνόντων,</em></strong></span> 
     </span>
     <span class='ocr_line' id='line_1_24' title="bbox 201 2513 1167 2606; baseline 0.002 -20"><span class='ocrx_word' id='word_1_168' title='bbox 201 2533 341 2603; x_wconf 83' lang='grc' dir='ltr'><strong><em>προεῖπε</em></strong></span> <span class='ocrx_word' id='word_1_169' title='bbox 363 2517 426 2604; x_wconf 74' lang='grc' dir='ltr'><strong><em>μὲν</em></strong></span> <span class='ocrx_word' id='word_1_170' title='bbox 444 2515 500 2586; x_wconf 86' lang='grc' dir='ltr'><strong><em>διόι</em></strong></span> <span class='ocrx_word' id='word_1_171' title='bbox 517 2522 576 2588; x_wconf 81' lang='grc' dir='ltr'><strong><em>τοῦ</em></strong></span> <span class='ocrx_word' id='word_1_172' title='bbox 593 2515 759 2606; x_wconf 86' lang='grc' dir='ltr'><strong><em>πελάγους</em></strong></span> <span class='ocrx_word' id='word_1_173' title='bbox 777 2516 951 2606; x_wconf 87' lang='grc' dir='ltr'><strong><em>πλεὺσειν,</em></strong></span> <span class='ocrx_word' id='word_1_174' title='bbox 978 2513 1167 2605; x_wconf 82' lang='grc' dir='ltr'><strong><em>ἀποσβέσας</em></strong></span> 
     </span>
     <span class='ocr_line' id='line_1_25' title="bbox 202 2613 1263 2710; baseline 0 -24"><span class='ocrx_word' id='word_1_175' title='bbox 202 2617 241 2686; x_wconf 71' lang='grc' dir='ltr'><strong><em>δὲ</em></strong></span> <span class='ocrx_word' id='word_1_176' title='bbox 258 2614 317 2688; x_wconf 89' lang='grc' dir='ltr'><strong><em>τόν</em></strong></span> <span class='ocrx_word' id='word_1_177' title='bbox 334 2616 464 2705; x_wconf 87' lang='grc' dir='ltr'><strong><em>πυρσὸν</em></strong></span> <span class='ocrx_word' id='word_1_178' title='bbox 486 2613 527 2690; x_wconf 80' lang='grc' dir='ltr'><strong><em>δν</em></strong></span> <span class='ocrx_word' id='word_1_179' title='bbox 545 2624 581 2688; x_wconf 91' lang='grc' dir='ltr'><strong><em>αί</em></strong></span> <span class='ocrx_word' id='word_1_180' title='bbox 598 2623 815 2707; x_wconf 88' lang='grc' dir='ltr'><strong><em>στρατηγίδες</em></strong></span> <span class='ocrx_word' id='word_1_181' title='bbox 831 2617 975 2710; x_wconf 85' lang='grc' dir='ltr'><strong><em>τριήρεις</em></strong></span> <span class='ocrx_word' id='word_1_182' title='bbox 993 2617 1038 2699; x_wconf 75' lang='grc' dir='ltr'><strong><em>ὡς</em></strong></span> <span class='ocrx_word' id='word_1_183' title='bbox 1055 2622 1112 2689; x_wconf 83' lang='grc' dir='ltr'><strong><em>καὶ</em></strong></span> <span class='ocrx_word' id='word_1_184' title='bbox 1130 2625 1168 2689; x_wconf 94' lang='grc' dir='ltr'><strong><em>αί</em></strong></span> <span class='ocrx_word' id='word_1_185' title='bbox 1261 2645 1263 2686; x_wconf 71' lang='grc' dir='ltr'><strong><em>ι</em></strong></span> 
     </span>
     <span class='ocr_line' id='line_1_26' title="bbox 202 2717 1205 2810; baseline 0 -22"><span class='ocrx_word' id='word_1_186' title='bbox 202 2722 315 2788; x_wconf 77' lang='grc' dir='ltr'><strong><em>λοιπαί</em></strong></span> <span class='ocrx_word' id='word_1_187' title='bbox 329 2717 446 2803; x_wconf 77' lang='grc' dir='ltr'><strong><em>αὑταῖς</em></strong></span> <span class='ocrx_word' id='word_1_188' title='bbox 460 2723 648 2809; x_wconf 80' lang='grc' dir='ltr'><strong><em>ἐφέπωνται</em></strong></span> <span class='ocrx_word' id='word_1_189' title='bbox 660 2728 852 2810; x_wconf 90' lang='grc' dir='ltr'><strong><em>φαίνουσιν,</em></strong></span> <span class='ocrx_word' id='word_1_190' title='bbox 868 2727 914 2805; x_wconf 85' lang='grc' dir='ltr'><strong><em>είς</em></strong></span> <span class='ocrx_word' id='word_1_191' title='bbox 924 2729 1167 2810; x_wconf 87' lang='grc' dir='ltr'><strong><em>Κεφαλληνίαν</em></strong></span> <span class='ocrx_word' id='word_1_192' title='bbox 1179 2748 1205 2788; x_wconf 80' lang='grc' dir='ltr'><strong><em>ιε</em></strong></span> 
     </span>
     <span class='ocr_line' id='line_1_27' title="bbox 201 2819 1262 2912; baseline 0.008 -22"><span class='ocrx_word' id='word_1_193' title='bbox 201 2826 441 2893; x_wconf 88' lang='grc' dir='ltr'><strong><em>κατέπλευσεν·</em></strong></span> <span class='ocrx_word' id='word_1_194' title='bbox 487 2829 573 2894; x_wconf 76' lang='grc' dir='ltr'><strong><em>ἔνθα</em></strong></span> <span class='ocrx_word' id='word_1_195' title='bbox 596 2825 652 2892; x_wconf 81' lang='grc' dir='ltr'><strong><em>καί</em></strong></span> <span class='ocrx_word' id='word_1_196' title='bbox 676 2828 712 2893; x_wconf 89' lang='grc' dir='ltr'><strong><em>οί</em></strong></span> <span class='ocrx_word' id='word_1_197' title='bbox 732 2825 842 2894; x_wconf 80' lang='grc' dir='ltr'><strong><em>λοιποὶ</em></strong></span> <span class='ocrx_word' id='word_1_198' title='bbox 865 2819 947 2893; x_wconf 88' lang='grc' dir='ltr'><strong><em>κατά</em></strong></span> <span class='ocrx_word' id='word_1_199' title='bbox 970 2820 1075 2912; x_wconf 86' lang='grc' dir='ltr'><strong><em>τόχην</em></strong></span> <span class='ocrx_word' id='word_1_200' title='bbox 1097 2820 1166 2894; x_wconf 87' lang='grc' dir='ltr'><strong><em>ὑπό</em></strong></span> <span class='ocrx_word' id='word_1_201' title='bbox 1261 2833 1262 2898; x_wconf 77' lang='grc' dir='ltr'>ἶ</span> 
     </span>
     <span class='ocr_line' id='line_1_28' title="bbox 200 2915 1262 3018; baseline 0.002 -26"><span class='ocrx_word' id='word_1_202' title='bbox 200 2930 360 3014; x_wconf 75' lang='grc' dir='ltr'><strong><em>χειμῶνος</em></strong></span> <span class='ocrx_word' id='word_1_203' title='bbox 378 2924 573 3008; x_wconf 83' lang='grc' dir='ltr'><strong><em>ἐκπεσόντες</em></strong></span> <span class='ocrx_word' id='word_1_204' title='bbox 589 2915 689 3012; x_wconf 74' lang='grc' dir='ltr'><strong><em>αὖθις</em></strong></span> <span class='ocrx_word' id='word_1_205' title='bbox 707 2918 800 3018; x_wconf 77' lang='grc' dir='ltr'><strong><em>αὑτῷ</em></strong></span> <span class='ocrx_word' id='word_1_206' title='bbox 818 2927 1047 3012; x_wconf 87' lang='grc' dir='ltr'><strong><em>συνεγένοντο.</em></strong></span> <span class='ocrx_word' id='word_1_207' title='bbox 1079 2945 1165 3013; x_wconf 84' lang='grc' dir='ltr'><strong><em>συγ·</em></strong></span> <span class='ocrx_word' id='word_1_208' title='bbox 1261 2927 1262 2930; x_wconf 63' lang='grc'>’</span> 
     </span>
     <span class='ocr_line' id='line_1_29' title="bbox 201 3016 1167 3114; baseline 0.004 -20"><span class='ocrx_word' id='word_1_209' title='bbox 201 3028 341 3106; x_wconf 85' lang='grc' dir='ltr'><strong><em>καλέσας</em></strong></span> <span class='ocrx_word' id='word_1_210' title='bbox 364 3016 427 3095; x_wconf 81' lang='grc' dir='ltr'><strong><em>οὖν</em></strong></span> <span class='ocrx_word' id='word_1_211' title='bbox 450 3023 573 3107; x_wconf 87' lang='grc' dir='ltr'><strong><em>αότοὺς</em></strong></span> <span class='ocrx_word' id='word_1_212' title='bbox 596 3029 652 3096; x_wconf 79' lang='grc' dir='ltr'><strong><em>καὶ</em></strong></span> <span class='ocrx_word' id='word_1_213' title='bbox 674 3024 709 3096; x_wconf 83' lang='grc' dir='ltr'><strong><em>τό</em></strong></span> <span class='ocrx_word' id='word_1_214' title='bbox 733 3028 969 3114; x_wconf 80' lang='grc' dir='ltr'><strong><em>στρατιωτικὸν</em></strong></span> <span class='ocrx_word' id='word_1_215' title='bbox 990 3023 1167 3098; x_wconf 78' lang='grc' dir='ltr'><strong><em>ἀποδυσό-</em></strong></span> 
     </span>
     <span class='ocr_line' id='line_1_30' title="bbox 200 3125 1261 3218; baseline 0.003 -23"><span class='ocrx_word' id='word_1_216' title='bbox 200 3154 298 3212; x_wconf 86' lang='grc' dir='ltr'><strong><em>μενος</em></strong></span> <span class='ocrx_word' id='word_1_217' title='bbox 322 3132 451 3216; x_wconf 79' lang='grc' dir='ltr'><strong><em>ένδυμα</em></strong></span> <span class='ocrx_word' id='word_1_218' title='bbox 468 3125 552 3197; x_wconf 85' lang='grc' dir='ltr'><strong><em>ἀλλα</em></strong></span> <span class='ocrx_word' id='word_1_219' title='bbox 568 3155 605 3198; x_wconf 89' lang='grc' dir='ltr'><strong><em>τε</em></strong></span> <span class='ocrx_word' id='word_1_220' title='bbox 623 3128 695 3198; x_wconf 86' lang='grc' dir='ltr'><strong><em>είπε</em></strong></span> <span class='ocrx_word' id='word_1_221' title='bbox 713 3131 769 3198; x_wconf 81' lang='grc' dir='ltr'><strong><em>καλ</em></strong></span> <span class='ocrx_word' id='word_1_222' title='bbox 786 3126 837 3198; x_wconf 87' lang='grc' dir='ltr'><strong><em>ότι</em></strong></span> <span class='ocrx_word' id='word_1_223' title='bbox 854 3125 974 3218; x_wconf 84' lang='grc' dir='ltr'><strong><em>ἀθρόοι</em></strong></span> <span class='ocrx_word' id='word_1_224' title='bbox 990 3129 1052 3217; x_wconf 76' lang='grc' dir='ltr'><strong><em>μὲν</em></strong></span> <span class='ocrx_word' id='word_1_225' title='bbox 1069 3125 1166 3209; x_wconf 82' lang='grc' dir='ltr'><strong><em>ὄντες</em></strong></span> <span class='ocrx_word' id='word_1_226' title='bbox 1260 3207 1261 3210; x_wconf 10' lang='lat'>¹</span> 
     </span>
     <span class='ocr_line' id='line_1_31' title="bbox 201 3221 1261 3322; baseline 0.005 -30"><span class='ocrx_word' id='word_1_227' title='bbox 201 3221 241 3292; x_wconf 84' lang='grc' dir='ltr'><strong><em>οό</em></strong></span> <span class='ocrx_word' id='word_1_228' title='bbox 265 3225 422 3315; x_wconf 90' lang='grc' dir='ltr'><strong><em>λήσουσι,</em></strong></span> <span class='ocrx_word' id='word_1_229' title='bbox 454 3232 697 3310; x_wconf 76' lang='grc' dir='ltr'><strong><em>σκεδασθέντες</em></strong></span> <span class='ocrx_word' id='word_1_230' title='bbox 726 3231 765 3300; x_wconf 77' lang='grc' dir='ltr'><strong><em>δέ</em></strong></span> <span class='ocrx_word' id='word_1_231' title='bbox 789 3228 859 3322; x_wconf 77' lang='grc' dir='ltr'><strong><em>ῥᾴω</em></strong></span> <span class='ocrx_word' id='word_1_232' title='bbox 884 3227 1078 3318; x_wconf 86' lang='grc' dir='ltr'><strong><em>ποιήσονται</em></strong></span> <span class='ocrx_word' id='word_1_233' title='bbox 1101 3228 1165 3318; x_wconf 83' lang='grc' dir='ltr'><strong><em>τήν</em></strong></span> <span class='ocrx_word' id='word_1_234' title='bbox 1178 3256 1204 3296; x_wconf 80' lang='grc' dir='ltr'><strong><em>ιο</em></strong></span> <span class='ocrx_word' id='word_1_235' title='bbox 1258 3233 1261 3322; x_wconf 67' lang='lat' dir='ltr'>j</span> 
     </span>
     <span class='ocr_line' id='line_1_32' title="bbox 168 3321 1260 3421; baseline 0.01 -29"><span class='ocrx_word' id='word_1_236' title='bbox 168 3321 384 3412; x_wconf 80' lang='grc' dir='ltr'><strong><em>Βδιάφευξιν.</em></strong></span> <span class='ocrx_word' id='word_1_237' title='bbox 420 3326 484 3397; x_wconf 86' lang='grc' dir='ltr'><strong><em>κάκ</em></strong></span> <span class='ocrx_word' id='word_1_238' title='bbox 506 3328 626 3400; x_wconf 84' lang='grc' dir='ltr'><strong><em>τούτου</em></strong></span> <span class='ocrx_word' id='word_1_239' title='bbox 649 3327 760 3402; x_wconf 87' lang='grc' dir='ltr'><strong><em>ἀλλων</em></strong></span> <span class='ocrx_word' id='word_1_240' title='bbox 783 3329 904 3402; x_wconf 85' lang='grc' dir='ltr'><strong><em>ἀλλοσε</em></strong></span> <span class='ocrx_word' id='word_1_241' title='bbox 926 3329 1163 3421; x_wconf 82' lang='grc' dir='ltr'><strong><em>ἀποχωρησάν-</em></strong></span> <span class='ocrx_word' id='word_1_242' title='bbox 1258 3335 1260 3382; x_wconf 58' lang='lat'><em>³</em></span> 
     </span>
     <span class='ocr_line' id='line_1_33' title="bbox 202 3422 1260 3526; baseline 0.015 -35"><span class='ocrx_word' id='word_1_243' title='bbox 202 3452 269 3493; x_wconf 91' lang='grc' dir='ltr'><strong><em>των</em></strong></span> <span class='ocrx_word' id='word_1_244' title='bbox 286 3422 384 3508; x_wconf 85' lang='grc' dir='ltr'><strong><em>αὑτός</em></strong></span> <span class='ocrx_word' id='word_1_245' title='bbox 403 3430 435 3508; x_wconf 87' lang='grc' dir='ltr'><strong><em>ἐς</em></strong></span> <span class='ocrx_word' id='word_1_246' title='bbox 453 3427 514 3516; x_wconf 85' lang='grc' dir='ltr'><strong><em>τὴν</em></strong></span> <span class='ocrx_word' id='word_1_247' title='bbox 526 3427 647 3500; x_wconf 86' lang='grc' dir='ltr'><strong><em>Ἀσίαν</em></strong></span> <span class='ocrx_word' id='word_1_248' title='bbox 666 3431 868 3524; x_wconf 75' lang='grc' dir='ltr'><strong><em>έπεραιοόθη,</em></strong></span> <span class='ocrx_word' id='word_1_249' title='bbox 887 3433 1021 3524; x_wconf 72' lang='grc' dir='ltr'><strong><em>γνώμης</em></strong></span> <span class='ocrx_word' id='word_1_250' title='bbox 1039 3430 1086 3504; x_wconf 71' lang='grc' dir='ltr'><strong><em>οὑν</em></strong></span> <span class='ocrx_word' id='word_1_251' title='bbox 1103 3428 1163 3522; x_wconf 82' lang='grc' dir='ltr'><strong><em>ὑρ-</em></strong></span> <span class='ocrx_word' id='word_1_252' title='bbox 1257 3501 1260 3526; x_wconf 42' lang='lat'><em>2</em></span> 
     </span>
    </p>
   </div>
   <div class='ocr_carea' id='block_1_3' title="bbox 0 0 1274 3824">
    <p class='ocr_par' dir='ltr' id='par_1_3' title="bbox 0 0 1274 3824">
     <span class='ocr_line' id='line_1_34' title="bbox 0 0 1274 3824; baseline 0 0"><span class='ocrx_word' id='word_1_253' title='bbox 0 0 1274 3824; x_wconf 95' lang='lat' dir='ltr'><strong><em> </em></strong></span> 
     </span>
    </p>
   </div>
  </div>
 </body>
</html>
