2562 3814
411 159 481 209 τιν.
496 159 555 210 vn.
576 158 655 211 εει).
669 159 742 210 m.
756 161 816 212 xx.
1041 157 1102 221 145

128 304 235 372 ταῦτα
254 299 419 386 ἐτέτακτο,
442 292 506 370 κάν
521 301 557 370 έν
580 315 653 380 ταῖς
670 295 787 390 άργαίς
805 291 893 386 ήσαν
912 293 975 370 κάν
998 295 1102 388 άπηλ·

129 400 294 492 λάγήσαυ.
332 407 364 471 εί
385 397 449 490 γάρΙ
474 429 523 482 τις
549 405 585 472 ἐκ
606 409 754 491 μείζονος
778 398 880 490 άρχής
906 408 958 482 είςΙ
976 395 1102 471 ὑποδε-

130 507 272 592 εστέραυ
291 503 444 591 κατέστη,
461 500 499 572 τά
518 509 576 592 τῆς
594 506 756 593 προτέρας
774 498 902 591 άξίωμα
921 501 1010 594 εἶχεν
1027 498 1102 572 άκέ·

131 635 238 695 ραιον.
282 599 331 684 εἷς
356 606 398 673 δέ
416 632 477 692 τις,
502 597 543 674 δν
569 614 733 694 πρίγκιπα
756 605 819 692 μὲν
842 611 900 692 τῆς
925 611 1103 694 γερουσίας

106 704 321 795 εάυόμαζον,
353 707 480 794 λέγοιτο
505 701 537 776 δ’
562 701 605 777 άν
628 705 710 776 καθ’
727 703 894 795 Ἕλληνας
914 704 1101 796 πρόκριτος,

138 805 340 896 συμπάντων
358 824 492 898 προεῖχε
516 806 575 878 τὸν
593 807 714 897 χρόνον
739 799 779 877 δν
802 816 1036 899 προεκρίνετο,
1060 806 1101 877 οὐ

134 905 200 998 γάρ
218 905 273 978 διά
290 915 370 997 βίον
388 937 436 992 τις
461 916 509 990 είς
526 913 623 980 τοῦτο
648 916 902 1000 προεχειρίζετο,
927 911 983 979 καὶ
1002 910 1102 998 προέ-

130 1037 214 1099 φερε
231 1014 301 1080 τῶν
318 1008 430 1081 ἄλλων
452 1015 498 1104 τῷ
522 1009 697 1100 άξιεάματι,
723 1009 764 1080 οὐ
789 1009 935 1100 μήνκαὶ
960 1009 1102 1099 δυνάμει

130 1112 250 1203 έχρήτό
268 1139 344 1182 τινι.

17 1233 24 1243 ·
90 1243 117 1282 ιο
207 1211 342 1301 Χρόνου
358 1243 420 1302 μεν
437 1205 500 1283 οὖν
517 1241 593 1282 τινα
608 1211 746 1302 εἰρήνην
764 1209 845 1303 πρὸς
863 1209 1025 1300 ἀλλήλους
1044 1189 1155 1326 καὶ20

129 1315 214 1405 πρὸς
232 1311 311 1395 τούς
334 1323 524 1405 περιοίκους
541 1315 685 1403 ήγαγον
712 1314 783 1403 ειτα
807 1319 907 1441 λιμοῦ
925 1276 1134 1435 ἐπικρατή-Ο

130 1436 271 1504 σαντος,
298 1413 383 1487 ὥστε
399 1408 492 1498 τινάς
511 1419 616 1486 καὶί
585 1446 600 1487 ε
603 1424 632 1498 ίς
649 1415 708 1488 τὸν
725 1414 874 1505 ποταμὸν
891 1409 1029 1495 έαυτοάς
1049 1418 1101 1544 έμ-

129 1526 253 1606 βαλεῖν
270 1546 315 1606 μη
303 1515 554 1642 φέροντας
520 1546 579 1589 τον
602 1516 717 1608 λιμόν,
745 1521 954 1588 ἐστασίασαν.
991 1517 1075 1586 οί
1040 1545 1102 1605 μεν

129 1619 196 1710 γάρ
215 1616 293 1700 τούς
308 1615 474 1710 εὐπόρους
493 1617 537 1702 ὡς
555 1623 632 1710 περὶ
649 1618 707 1691 τόυ
725 1636 819 1691 σῖτον
827 1641 1100 1706 κακουργουντας

89 1750 118 1790 15
132 1725 170 1791 έν
190 1727 280 1813 αἰτίᾳ
298 1731 400 1792 πεποί
399 1749 540 1810 ήντο,ο
523 1727 558 1792 οί
574 1723 611 1791 δὲ
629 1751 705 1804 τους
728 1723 871 1811 πένητας
896 1717 940 1803 άς
957 1719 1019 1810 τήν
1036 1726 1100 1810 γῆν

129 1851 178 1913 μη
167 1792 423 1912 βουλομένους
444 1821 647 1912 ἐργάζεσθαι.
691 1821 774 1894 ίδων
801 1825 837 1894 δὲ
858 1851 955 1894 τουτο
981 1820 1099 1894 Σπού-

129 1953 203 2013 ριος
222 1921 370 2012 Μάλιος,
394 1921 480 2014 άνήρ
499 1923 619 2006 ίππεύς
637 1923 810 2013 πλούσιος,
834 1931 1010 2014 τυραννίδι
1029 1927 1099 1993 ἑπι-

130 2032 324 2116 κεχείρηκε,
356 2027 412 2096 καί
437 2043 531 2097 σίτου
560 2032 596 2097 έκ
624 2032 681 2114 τής
708 2028 892 2114 περιχώρου
919 2023 1101 2115 πριάμευος

129 2125 269 2210 πολλοῖς
287 2128 348 2216 μέν
363 2131 584 2217 ἐπευωνίζων,
603 2136 738 2208 πολλοῖς
757 2127 794 2196 δὲ
813 2128 868 2195 καὶ
886 2141 1008 2215 προῖκα
1029 2127 1098 2193 ἐδί-

90 2258 118 2298 εο
132 2236 209 2318 δον,
227 2225 291 2300 κάκ
302 2226 423 2299 τούτου
436 2230 580 2320 συχνοὺς
592 2225 946 2320 προσοικειωσάμενος,
964 2223 1050 2296 ὅπλα
1065 2252 1101 2295 τε
1133 2242 1135 2245 ’

131 2337 311 2420 έπορίσατο
334 2333 391 2401 καὶ
409 2333 592 2423 φρουρούς·
618 2333 674 2401 καὶ
693 2328 874 2421 ἐκράτησεν
898 2324 946 2400 άν,
962 2331 1021 2418 τής
1040 2324 1101 2398 πό-

130 2442 239 2518 λεως,
265 2439 296 2501 εί
313 2430 358 2522 μή
377 2431 562 2513 Μινούκιος
581 2429 806 2522 Αὐγουρῖνος,
831 2427 916 2521 άνήρ
940 2425 1134 2522 εάπατρί-Ι)

131 2541 208 2623 δης,
229 2537 283 2602 ἐπὶ
300 2538 341 2625 τή
359 2541 529 2628 σιτοδοσίᾳ
547 2538 744 2624 τεταγμένος
762 2536 818 2604 καὶ
832 2531 1027 2623 αίτιάμενος
1046 2533 1099 2602 ἐπὶ

130 2643 174 2725 τῇ
194 2641 355 2728 σιτοδεία,
375 2635 559 2726 εἰσήγγειλε
576 2644 616 2728 τῇ
635 2643 740 2727 βουλή
754 2635 790 2706 ιδ
808 2635 1044 2726 πραττόμενον.
1080 2631 1101 2720 ή

91 2765 119 2804 εε
133 2739 173 2808 δέ
191 2745 352 2826 γερουσία
375 2744 533 2828 μαθοῦσα
550 2738 586 2809 τὸ
604 2732 741 2862 μήνυμα
767 2735 952 2829 δικτάτωρα
970 2763 1103 2828 παραυ-

131 2845 211 2909 τίκα
231 2843 329 2908 ἐν’
285 2868 330 2932 τςο
349 2847 517 2935 συνεδρίω
536 2837 654 2912 άυείπε
671 2840 729 2912 τὸν
747 2847 909 2910 Κοΐντιον
930 2835 989 2908 τὸν
1006 2833 1096 2907 Λοά-
1097 2847 1204 2900 W1130

132 2969 209 3011 κτον
227 2937 286 3010 τάν
303 2940 497 3031 Κικιυάτου,
515 2945 572 3012 καὶ
588 2971 694 3014 ταυτα
708 2936 902 3029 παρήλικα”
885 2967 965 3009 οντα
976 2933 1103 3025 ὀγδο-

132 3039 338 3131 ηκοντούτης
362 3043 426 3132 γάρ
450 3035 503 3132 ήν.
539 3041 636 3114 κάκεῑ
656 3042 717 3132 τήν
742 3041 872 3132 ἡμέραν
895 3043 1006 3112 πάσαν
1023 3035 1102 3109 άυά-

132 3153 250 3216 λωσαν
275 3144 545 3234 συγκαθήμενοι,
571 3143 614 3228 ὥς
638 3175 670 3217 τι
696 3144 737 3233 δή
765 3140 1063 3234 βουλευόμενοι,”
1049 3171 1103 3214 ινα

92 3271 120 3314 εο
133 3244 180 3337 μή
199 3245 237 3318 τδ
256 3245 394 3336 γεγονὸς
414 3247 604 3340 έκφοιτήσή.
640 3245 759 3328 νυκτὸς
785 3243 816 3316 δ’
838 3243 856 3316 6
884 3243 1047 3340 δικτάτωρ
1065 3244 1101 3316 τὸ

206 3479 275 3546 Gap.
293 3483 334 3536 20.
363 3481 462 3532 Dionis
477 3481 620 3534 Historiae
638 3482 780 3533 Romanae
798 3481 864 3532 libri
881 3481 991 3548 perditi.

178 3581 304 3618 τοτιειε
317 3582 350 3620 ιι.
629 3609 631 3614 .
922 3561 962 3634 10
