2566 3800
222 115 283 180 176
543 115 614 166 Lm.
633 114 711 168 xm.
730 113 808 164 cAP.
827 113 863 164 11.

221 257 279 325 καὶ
295 255 358 344 την
371 254 502 325 τούτων
515 260 703 342 θεραπείαν
716 250 1001 342 ἆπαγορεύεσθαι,
1016 243 1095 340 εὗρε
1107 254 1192 337 τούς

118 361 332 446 αΙΙΙσίερεῑς
349 363 411 428 τού
431 359 468 426 έν
484 361 531 450 τῳ”
545 361 748 447 Καπιτωλίῳ
762 353 846 436 Διός
864 351 928 424 αύκ
940 353 1050 436 άλλως
1068 355 1193 443 λέγον-

220 488 279 542 τας
296 458 475 542 τεύξεσθαι
486 463 669 546 θεραπείας
687 454 795 528 αύτόν
813 463 846 526 εί
861 454 906 545 μὴ
927 458 965 524 έν
982 461 1116 526 παίδων
1130 486 1191 547 νη-

220 569 309 632 πίων
324 567 372 630 ἔτι
384 559 550 650 άτμίζοντι
562 558 720 630 λούσαιτο
734 562 857 647 αἵματι.
882 555 1004 628 αὐτίκα
1019 565 1138 628 τοίνυν
1153 564 1192 630 ἐκ

221 663 330 751 πάσης
343 667 403 750 τῆς
416 659 478 731 ύπ’
495 663 626 731 ἐκεῖνον
642 659 753 749 χώρας
772 664 919 747 συνῆκτο
936 657 977 728 τά
995 659 1112 748 νήπια,
1131 663 1217 732 καὶτ
1239 669 1242 674 '

221 763 327 890 ἡμέρα
352 763 473 853 ὥριστο
498 768 557 850 τῆς
574 761 704 832 τούτων
728 763 871 850 σφαγῆς.
906 761 963 832 καὶ
987 757 1006 830 6
1030 763 1192 850 βασιλεύς

221 865 321 957 ἀπῄει
333 864 408 936 τότε
425 869 473 958 τῷ
492 868 605 954 αἵματι
621 868 690 933 τῶν
707 868 841 934 παίδων
860 861 1065 951 λουσόμενος
1083 866 1189 946 είς
1151 894 1192 936 το

121 978 209 1033 ΡΠ4
221 967 443 1039 Καπιτωλιον.
475 969 514 1036 αί
529 965 567 1036 δὲ
583 964 714 1035 τούτων
731 965 870 1091 μητέρες
887 963 1065 1054 προϊόντος
1083 963 1194 1037 αύτοῦ

188 1049 344 1158 Αγοεράς
374 1065 502 1156 ἠφίουν
528 1065 646 1156 φωνάς
670 1067 728 1136 καὶ
752 1063 930 1150 ύλόλυζον.
966 1057 1016 1136 ὧν
1038 1063 1193 1150 άνούσας

125 1229 131 1235 .
223 1167 397 1252 έκεῖνος”
374 1196 474 1259 ηρετο
496 1175 532 1238 τί
551 1197 612 1238 του
599 1167 763 1290 θρήνου
780 1166 818 1237 τό
839 1177 964 1256 αίτιον,
990 1167 1048 1236 καλ
1064 1168 1193 1258 μαθων
1206 1200 1233 1240 ιο

220 1271 280 1353 τάς
303 1271 458 1397 μητέρας
459 1281 616 1395 θρηνεῖν
632 1275 701 1340 τῶν
718 1274 869 1359 βρεφῶν,
893 1264 1007 1360 ὥσπερ
1027 1273 1063 1339 έκ
1080 1271 1193 1360 μέθης

221 1371 429 1462 ἀνενεγκόν,
449 1369 509 1440 “vo
499 1370 598 1460 μέν
620 1376 680 1459 τῆς
706 1367 880 1496 πράξεως”
908 1367 1047 1441 είπεν“
1050 1369 1193 1444 ἀνόσιον

221 1475 410 1565 πρόδηλον,
435 1469 562 1560 άδηλον
586 1473 629 1542 δέ
649 1501 688 1559 γε
711 1471 749 1542 τό
773 1469 1000 1574 Ιάποτέλεσμα·
1024 1477 1058 1542 εί
1072 1473 1193 1544 δὲκαὶ

219 1583 320 1646 τοῦτο
344 1568 389 1663 ἦν
413 1573 529 1680 άναμῳ
532 1580 665 1662 ίβολον,
691 1587 850 1665 κρεῖσσον
874 1562 1015 1662 πάσχειν
1039 1575 1097 1664 έμε
1113 1591 1192 1658 ταῖς

219 1678 332 1758 νόσοις
355 1673 675 1763 ταλαιπωρούμενον
691 1670 713 1763 6
730 1673 904 1745 τοσούτων
926 1681 1065 1766 βρεφῶν
1081 1705 1186 1748 κατα-
1206 1705 1231 1750 ιι

220 1787 421 1866 ψηφιεῖσθαι
444 1773 614 1846 άπάλειαν
636 1777 693 1845 καὶ
717 1779 867 1868 ῥομφαίᾳ
892 1776 999 1865 λύπης
1028 1778 1088 1859 τάς
1118 1783 1193 1850 τοῖν

219 1879 374 1968 μητέρων
398 1875 514 1948 αύτων
538 1877 690 1948 διελάσαι
707 1873 846 1966 ψυχάς.”
882 1879 939 1948 καὶ
956 1883 1062 1948 ταύτα
1081 1881 1193 1952 είπιδν

221 1983 430 2069 ἐπανῆλθεν,
455 1977 668 2068 ἀποδοθῆναι
684 1993 757 2060 ταῖς
780 1978 924 2070 μητράσι
940 1977 1132 2071 προστάξας
1151 1982 1192 2052 τά

218 2081 339 2171 νήπια,
357 2081 413 2151 καὶ
430 2081 582 2174 χρήματα
600 2081 638 2150 δὲ
656 2085 800 2169 δοθῆναι
817 2077 948 2170 αύταϊς,
966 2077 1015 2152 ἵν’
1033 2079 1193 2174 άντίρρο·

220 2211 285 2254 πον
312 2187 444 2267 ἕξουσιν
474 2181 578 2271 ἢκαὶ
602 2187 804 2254 διπλασίονα
825 2180 888 2271 τὴν
911 2183 1037 2274 χαράν,
1070 2183 1120 2254 ὅτι
1151 2213 1230 2256 τε-εο

219 2292 326 2370 ζῶντα
342 2285 384 2355 τά
403 2291 526 2373 ἔκγονα
544 2283 747 2373 άπειλήῳασι
764 2285 822 2353 καὶ
839 2284 890 2354 ὅτι
908 2285 965 2354 ἐπὶ
981 2283 1112 2367 τούτοις
1132 2289 1193 2356 καὶ

184 2413 207 2464 Β
219 2387 371 2478 χρήματα
405 2385 658 2475 προσειλήφασι.
710 2391 818 2456 ταῦτα
852 2385 891 2455 δέ
931 2389 1194 2482 διαπραξαμένῳ

218 2486 342 2566 νυκτός
373 2483 467 2578 α’ύτῳ
503 2485 664 2573 ἐδοξάτην
681 2485 799 2576 άνδρε
833 2488 1038 2583 παρεστάναι
1072 2490 1191 2578 διττιό,

219 2588 349 2676 Πέτρος
369 2583 529 2658 εἶναικαὶ
547 2591 686 2668 Παύλος
704 2588 857 2675 λέγοντες
875 2592 910 2659 oc
925 2586 1106 2660 ἀπόστολοι
1125 2599 1193 2662 τοῦ

220 2692 380 2778 Χριστοῦ,
403 2688 460 2756 καί
480 2684 536 2758 “el
557 2687 763 2778 σωματικῆς”
790 2695 908 2777 ἔλεγον
933 2687 1012 2760 “nal
1030 2699 1195 2782 ψυχικῆς,
1208 2723 1232 2764 ετ

217 2788 334 2878 ὑγείας
357 2788 473 2878 βούλει
495 2803 630 2880 τυχεῖν,
661 2789 721 2860 τόν
752 2792 936 2862 ἐπίσκοπον
964 2793 1196 2882 μετακάλεσαι

220 2899 446 2982 Σίλβεστρον,
471 2889 626 2972 κάκεῖνός
652 2912 705 2962 σοι
729 2893 785 2960 καὶ
808 2891 872 2981 την
895 2892 1006 2983 λύμην
1031 2889 1196 2968 άκέσεται

217 3001 277 3081 τῆς
294 2991 416 3084 σαρκός
434 2993 491 3062 καὶ
504 2998 587 3081 ζωῆς
605 2988 806 3082 άνωλέθρου
824 2995 1020 3077 καταξιάσει
1037 2989 1104 3066 σε.”
1134 3001 1196 3068 ἐπὶ
1272 3003 1273 3024 ’

217 3095 348 3176 τούτοις
374 3091 393 3164 6
416 3093 577 3180 βασιλεύς
599 3101 662 3164 τού
685 3093 799 3165 ύπνου
830 3092 1024 3184 ἀνενεγκόν
1055 3098 1197 3172 στέλλει

217 3193 297 3274 τούς
331 3196 651 3284 μεταπεμωομένους
682 3195 749 3266 σύν
780 3201 875 3266 αίδοϊ
898 3197 973 3268 τόν
989 3200 1194 3272 ἐπίσκοπον.
1208 3231 1232 3271 ω
1270 3267 1273 3316 ,

217 3294 274 3358 καὶ
306 3298 568 3389 παραγενομένῳ
594 3324 641 3390 τῳ
668 3301 748 3391 ίερῳ
774 3298 1042 3394 22266696‘5
996 3297 1085 3371 ἐίπέ
1106 3301 1191 3391 μοι”
1272 3357 1273 3390 ,

220 3391 314 3475 ἔφη,
316 3391 499 3482 ἐπίσκοπε,
513 3367 759 3487 θρησιίεύονται
773 3397 854 3490 παρ’
869 3398 953 3490 ύμίν
966 3402 1043 3472 θεοὶ
1053 3405 1195 3494 Πέτρος
1218 3393 1273 3782 j
