2586 3800
201 128 262 194 102
541 127 613 181 Lm.
625 129 687 180 ΧΠ.
707 125 784 178 οεε.
798 128 845 180 lx.

200 267 376 360 ἐσχηκότος
395 265 576 355 ὁἈλβῑνος
595 265 735 356 ἡττήθη,
754 265 926 338 πεσόντων
943 268 1005 356 μὲν
1021 265 1171 356 άμφοτέ·

200 383 315 461 ρωθεν
328 365 498 460 Ῥωμαίων
516 366 635 459 σχεδόν
652 363 928 457 ὑπερβαινόντων
940 371 998 440 καί
1010 365 1170 460 ἀριθμόν,

198 477 258 544 τοῦ
277 472 316 543 δὲ
329 467 487 560 Ἀλβίνου
506 469 628 542 ἑαυτὸν
645 468 832 552 ἀνελόντος.
869 459 1055 565 ᾦκειμένφ
1074 475 1171 543 ἐπεν·

199 572 374 666 τρυφήσας
391 572 410 644 ὃ
429 577 582 664 Σευῆρος
600 569 936 662 καὶγλωσσαλγήσας
952 569 990 643 τό
1007 573 1071 663 μέν
1087 569 1170 644 άλλο

200 681 295 765 σῶμα
326 680 467 766 ῥιφῆναι
494 677 665 763 ἐκέλευσε,
701 671 763 763 την
793 672 945 763 κεφαλὴν
966 670 1010 744 ,δ’
1043 678 1076 757 ἐς
1107 674 1197 764 τὴντ

164 773 325 868 ΒῬύμην
343 785 473 857 στείλας
491 773 739 866 ἀνεσταύρωσε.
775 778 833 846 καὶ
857 772 1002 857 πολλούς
1024 781 1093 848 τῶν
1110 781 1169 866 της

199 885 377 970 γερουσίας
394 875 579 967 άπέκτεινε,
597 876 691 960 τινὰς
710 877 748 948 δέ
765 880 822 948 καλ
839 871 996 949 άπέλνσε.

276 977 375 1052 Meto}
397 984 502 1050 ταῦτα
528 981 565 1051 δὲ
588 977 671 1052 κατά
701 982 770 1050 τῶν
793 976 947 1070 Πάρθων
971 980 1169 1069 ἐστράτευσε

199 1081 262 1172 τὴν
285 1087 550 1171 Μεσοποταμίαν
575 1081 730 1154 ἑλόντων.
775 1083 832 1152 καὶ
857 1090 958 1152 πλοῖα
982 1104 1168 1154 κατασκευ-

200 1183 282 1265 άσας
313 1186 350 1255 ἐν
378 1190 426 1278 τῷ
452 1181 616 1276 Εὐφράτῃ
652 1179 715 1271 τήν
738 1209 776 1254 τε
793 1181 1002 1254 Σελεύκειαν
1025 1184 1082 1253 καὶ
1103 1183 1166 1272 τὴν
1182 1215 1210 1256 ιο

199 1288 390 1374 ’Βαβυλύνα
408 1290 647 1374 ἐκλειφθεῖσαν
665 1292 771 1372 ἔλαβε.
794 1287 850 1355 καὶ
867 1286 929 1374 τὴν
942 1291 1168 1375 Κτησιφῶντα

201 1387 288 1458 ἔλων
308 1387 489 1478 διαρπάσαι
505 1403 575 1468 τοῖς
592 1384 807 1476 στρατιώταις
826 1390 946 1477 ἐφῆκε,
971 1383 1115 1468 πολλούς
1132 1414 1168 1458 τε

200 1487 314 1562 ἀνεῖλε
331 1492 388 1560 καὶ
405 1491 529 1574 ζῶντας
546 1495 701 1570 πλείονας
720 1484 818 1560 εἷλεν.
850 1485 929 1560 ούτε
947 1487 985 1558 δέ
1001 1485 1062 1560 τόν
1080 1485 1167 1559 θύο-

201 1589 358 1680 λόγαισον
383 1593 541 1674 ἐπεδίωξε
564 1589 623 1661 τόν
645 1593 715 1662 τοῖν
738 1589 892 1689 Πάρθων
922 1584 1168 1679 ἡγεμονεύοντα

199 1687 466 1782 ἀναχωρήσαντα
489 1697 623 1782 οἴκαδε,
650 1691 728 1762 ούτε
750 1690 813 1781 τὴν
835 1695 1063 1781 Κτησιφῶντα
1088 1719 1167 1762 κατ-
1183 1723 1208 1764 ιε

200 1795 313 1882 ἐσχεν,
338 1789 412 1862 ἀλλ’
441 1790 543 1886 η’όχετο
567 1789 679 1884 ὥσπερ
697 1799 755 1864 ἵνα
773 1790 942 1884 ὃιαρτιάση
966 1791 1092 1882 ταύτην
1109 1792 1169 1882 μό·

198 1921 260 1965 νον
279 1892 515 1985 ἐστρατενκαός.

271 1993 327 2067 Ἐν
352 1987 436 2090 ᾆδε
460 1999 628 2086 ἐπολέμει,
659 1993 788 2086 ἄνδρας
812 1994 875 2068 δύο
897 1995 1069 2068 άπέκτεινε
1099 2001 1168 2067 τῶν

166 2106 187 2157 0
201 2100 388 2188 ἐπιφανῶν,
400 2098 459 2170 τόν
471 2099 534 2189 μέυ
540 2105 694 2188 Κρίσπον
701 2095 842 2170 Ἰούλιον
855 2101 1090 2189 χιλιαρχοῦντα
1098 2101 1166 2168 των

200 2198 417 2291 δορυφόρων,
436 2197 488 2271 ότι
504 2198 628 2289 ἤχθετο
644 2203 687 2290 τῇ
703 2205 765 2270 τού
784 2202 931 2290 πολέμου
948 2197 1090 2270 κακύσει
1105 2206 1207 2270 καίεο

198 2330 230 2370 τι
248 2305 305 2373 καί
322 2303 594 2393 παρεφθέγξατο,
613 2304 670 2372 καὶ
693 2299 752 2372 τόν
769 2300 1044 2393 κατηγορήσαντα
1062 2295 1164 2372 αὐτοῦ

198 2401 405 2491 στρατιώτην
422 2409 593 2492 χιλίαρχον
611 2399 787 2486 άπέἐειξεν
803 2399 878 2475 ἄντ’
898 2401 1020 2474 αὐτοῦ·
1053 2401 1111 2473 τὸν
1129 2404 1167 2472 δὲ
1278 2459 1279 2482 2

198 2512 342 2590 Λαῑτον,
366 2499 418 2572 ὅτι
435 2501 592 2594 φρόνημα
610 2504 677 2594 εἶχε
695 2507 751 2575 καὶ
768 2503 819 2576 ὅτι
836 2503 905 2575 ύπό
921 2507 990 2575 ταῖν
1007 2527 1167 2594 στρατιω-
1278 2515 1279 2524 ³

198 2606 267 2674 τῶν
283 2599 449 2692 ἠγαπᾶτο,
475 2606 531 2675 καὶ
549 2601 611 2676 ούκ
629 2601 737 2687 άλλως
761 2605 979 2693 στρατεύσειν
1002 2613 1119 2694 ἔλεγον
1137 2613 1170 2675 εί
1278 2609 1279 2614 ’

197 2701 243 2794 μὴ
261 2714 383 2788 Λαίτος
401 2702 513 2778 αύτύν
529 2701 653 2796 ἡγοῖτο.
690 2711 745 2778 καὶ
770 2705 832 2778 τόν
849 2707 957 2797 φόνον
974 2703 1079 2779 αύτού
1095 2722 1168 2788 τοῖς
1181 2737 1207 2778 ετ
1277 2743 1278 2800 χ

198 2804 414 2897 στρατιύταις
439 2813 649 2899 προσῆπτεν,
679 2807 730 2879 ὅτι
753 2807 875 2903 φθόνῳ
900 2807 1005 2881 αύτόν
1035 2805 1169 2880 άνελύν
1276 2801 1278 2876 ἶ

197 2904 260 2979 ούκ
278 2908 345 3000 εἶχε
363 2911 474 2999 λέγειν
491 2917 612 2982 αίτίαν.

274 3011 359 3082 Εἶτα
383 3014 436 3082 ἐπὶ
461 3009 502 3082 τά
515 3009 620 3101 ’Ἁτρα
643 3009 850 3100 ἐστράτευσε.
886 3010 981 3092 πόλις
1005 3013 1169 3082 δὲταῦτα

195 3106 366 3202 Ἀράβιος,
406 3117 443 3184 ἐν
472 3102 496 3202 ᾖ
518 3112 625 3184 πολλά
647 3141 684 3185 τε
706 3110 791 3184 άλλα
814 3113 990 3184 άπέκειντο
1016 3111 1169 3202 χρήματα

197 3212 254 3279 καὶ
270 3211 312 3280 τά
328 3217 388 3283 τοῦ
402 3207 517 3284 Ἡλίου
535 3215 573 3284 δέ
587 3211 799 3305 άναθήματα,
818 3206 846 3310 ᾦ
859 3209 879 3304 ἡ
893 3213 988 3296 πόλις
1001 3211 1167 3285 άπέκειτο.
1185 3243 1214 3284 ιο
1261 3246 1265 3261 ·

197 3307 300 3379 ούβέν
318 3313 356 3382 δὲ
372 3312 517 3401 άνύσας,
536 3321 644 3386 καίτοι
661 3313 698 3387 τό
717 3314 808 3397 ἐκτός
825 3332 933 3407 τεῖχος
950 3312 1170 3406 καθῃρηκώς,
1259 3387 1260 3402 ,

164 3423 190 3474 D
201 3409 257 3474 καὶ
273 3415 415 3493 πολλοὺς
432 3416 501 3482 τοῖν
519 3419 654 3486 οἰκείων
671 3414 864 3507 ἀποβαλων,
881 3416 1088 3510 άνεχωρησε·
1108 3419 1171 3488 καί
