2538 3824
207 227 272 292 436
508 228 582 282 τιιε.
593 228 626 277 x.
644 226 723 278 σεε.
737 227 853 281 xxxn.

292 370 405 438 Ταῦτα
428 366 491 456 μέν
513 357 576 437 οὖν
599 375 637 438 ἕν
658 394 695 438 τε
714 374 754 458 τῇ
772 373 925 460 βασιλείμ
944 369 999 437 καὶ
1015 369 1058 457 τή
1076 372 1169 456 δημο-

210 477 329 562 κρατίηι
359 484 432 550 ταῖς
462 497 498 539 τε
528 474 741 550 δυναστείαις
771 469 871 538 πέντε
901 470 958 538 καὶ
989 478 1094 538 είκοσι
1119 469 1170 538 καὶ

210 574 420 694 ἑπτακοσίοις
438 576 547 643 ἔτεσιν
564 568 711 662 έπραξάν
728 599 764 640 τε
785 565 935 662 Ρωμαῖοι
961 572 1017 640 καὶ
1034 575 1171 659 ἔπαθον,

133 739 136 743 ,
210 677 247 744 ἐκ
266 673 304 743 δὲ
321 671 442 743 τούτου
459 684 703 764 μοναρχεῖσθαι
726 661 828 754 αὖθις
851 667 997 762 ἀκριβως
1023 667 1204 762 ἤρξαντο,

209 782 318 844 καίτοι
340 779 401 846 τοῦ
429 781 594 865 Καίσαρος
617 772 658 844 τά
683 801 720 844 τε
742 769 829 844 ὅπλα
854 776 1064 844 καταθέσθαι
1094 780 1172 860 βου·
1198 803 1211 842 τ

210 878 393 966 λουομένου
417 878 473 956 καὶ
496 882 538 967 τῇ
561 883 723 968 γερουσίᾳ
745 877 801 944 καί
827 904 874 970 τω
859 873 1022 970 δήμῳέ
1022 877 1174 964 πιτρεψαι

209 977 251 1048 τά
268 975 455 1068 πράγματα.
504 977 568 1067 τήν
585 979 700 1067 μέντοι,
715 973 854 1067 γνάμην
870 979 917 1072 τῷ
939 973 1103 1068 Ἀγρίππᾳ
1121 979 1175 1045 καὶ

99 1087 256 1174 Ῥῖῖσῖτῷ
275 1077 450 1172 Μαικήνᾳ,
469 1075 519 1162 οἷς
538 1082 692 1150 ἐπίστευε
709 1077 749 1149 τά
766 1073 956 1170 ἀπόρρητα,
975 1075 1175 1166 κοινωσάμε·
1223 1137 1225 1143 .

210 1210 280 1272 νος,
298 1178 360 1271 τήν
378 1181 441 1271 μὲν
456 1176 641 1270 Ἀγρίππου
654 1179 793 1270 γνώμην
805 1177 1061 1270 ἀποτρέπονσαν
1074 1175 1178 1250 αὐτὸν

202 1291 268 1373 ’τῆς
285 1289 467 1376 μοναρχίας
485 1279 646 1374 εὕρηκεν*
683 1279 702 1352 ὁ
722 1283 760 1352 δὲ
778 1280 957 1372 Μαικήνας
980 1277 1178 1352 τούναντίον
1193 1313 1218 1352 ιο

210 1383 460 1473 συνεβούλευεν
484 1382 593 1474 άπαν,
619 1383 725 1454 εἰπάν
748 1379 813 1474 ήδη
836 1382 898 1472 τήν
922 1389 1106 1473 μοναρχίαν
1124 1385 1179 1452 ε’πὶ

211 1484 299 1558 πολδ
327 1491 493 1574 διοικῆσαι
524 1481 644 1574 αὐτόν’,
676 1487 732 1556 καὶ
763 1481 948 1574 ἀναγκαῖον
971 1483 1059 1556 εἶναι
1082 1490 1181 1555 δυεῖν

210 1586 368 1679 θάτερον,
387 1582 408 1676 ή
425 1601 539 1676 μεῖναι
558 1589 697 1656 ἐπὶτῶν
715 1585 830 1658 αὐτῶν
842 1580 863 1677 ἢ
876 1583 1062 1658 ἀπολέσθαι
1075 1591 1182 1656 ταῦτα

162 1703 165 1710 ’
212 1691 406 1780 προέμενον.
454 1704 524 1770 τοῖς
548 1685 611 1777 γάρ
635 1683 722 1771 ἅπαξ
746 1686 998 1778 μοναρχήσασιν
1021 1684 1182 1777 ἀσφαλῶς

212 1796 405 1860 ἰδιωτεῦσαι
430 1787 517 1859 εἶναι
540 1785 718 1861 ἀδύνατον.
772 1785 918 1862 ὑπέθετο
950 1791 988 1860 δὲ
1011 1791 1066 1859 καὶ
1089 1786 1182 1870 ὅπως
1197 1819 1221 1858 1⁵

212 1889 372 1980 ἀσφαλῶς
389 1919 426 1962 τε
445 1893 501 1961 καί
519 1897 657 1973 δικαίως
674 1888 783 1982 ἀρξει,
807 1890 890 1982 πρὸς
909 1891 946 1962 δὲ
963 1893 1019 1961 καὶ
1036 1888 1183 1980 ἀνεπαχ-

212 1999 303 2083 θῶς,
326 1990 435 2064 πολάν
459 2000 654 2074 κατατείνας
678 1991 779 2081 λόγον
803 1995 880 2084 περὶ
897 1995 955 2082 της
972 1987 1182 2076 ἀποθέσεως.

214 2097 268 2180 ἐπὶ
292 2098 374 2166 πάσι
403 2095 442 2166 δὲ
471 2099 574 2166 ταῦτα
605 2092 773 2184 ἐπήγαγεν
799 2089 854 2164 “el
880 2092 943 2165 ὅσα
966 2091 1081 2185 ἕτερόν
1104 2115 1184 2165 ’τινα

178 2194 360 2288 Βάρξαντά
383 2200 450 2268 σου
465 2211 575 2268 ποιεῖν
593 2195 751 2292 ἐβούλου,
778 2199 883 2266 ταῦτα
900 2193 998 2279 αὐτὸς
1016 2193 1182 2284 αὐτεπάγ-

213 2309 328 2388 γελτος
352 2297 525 2390 πράττεις,
538 2294 627 2368 οὕτε
649 2327 692 2368 τι»
705 2292 906 2388 ἀμαρτήσεις
924 2299 979 2367 καὶ
997 2295 1103 2369 πάντα
1121 2325 1184 2366 κα·
1199 2327 1225 2366 το

212 2397 409 2490 πορθήσεις,
426 2395 547 2489 ἥδιστά
564 2427 600 2468 τε
618 2401 674 2470 καὶ
690 2395 937 2480 ἀκινδυνότατα
955 2395 1088 2488 ζήσεις3’

196 2519 198 2522 ’
293 2506 339 2571 Ol
358 2499 420 2588 μὲν
443 2490 505 2570 οὖν
528 2504 631 2570 ταῦτα
654 2505 701 2595 τῷ
730 2508 872 2592 Καίσαρι
896 2499 1187 2589 συνεβούλευσαν,

213 2598 232 2671 ὁ
258 2601 294 2671 δὲ
318 2598 418 2692 ἀμφω
442 2601 506 2691 μέν
528 2604 584 2672 καὶ
602 2600 775 2693 ἐθαύμασε
793 2603 849 2672 καὶ
867 2601 1047 2694 έπήνεσεν,
1076 2607 1187 2673 είλετο

215 2703 253 2774 δέ
270 2709 330 2783 τοῦ
348 2701 530 2793 Μαικήνου
548 2703 610 2794 τήν
628 2702 839 2795 συμβουλήν·
879 2706 935 2774 καὶ
953 2701 1030 2776 οὔτε
1042 2703 1106 2792 τήν
1124 2731 1186 2794 μο-

214 2811 357 2895 ναρχίαν
381 2800 526 2876 ἀπέθετο
552 2807 608 2876 καί
626 2803 688 2894 τήν
705 2804 1024 2900 τοῦαὐτοκράτορος
1042 2826 1186 2896 προσει-
1198 2827 1229 2866 2⁵

214 2905 314 2997 λήφει
333 2910 518 2998 ἐπίκλησιν,
547 2904 587 2978 οὐ
606 2905 668 2996 τήν
687 2911 741 2978 ἐπὶ
758 2915 868 2989 νίκαις
886 2904 969 2980 κατά
986 2907 1024 2978 τὸ
1041 2903 1187 2999 ἀρχαῖον

216 3009 398 3098 διδομένην
411 3015 489 3098 τισί,
507 3006 632 3098 ταύτην
645 3007 709 3101 γάρ
723 3007 882 3091 πολλάκις
897 3006 1078 3098 ἐπεκλήθη,
1098 3005 1188 3078 ἀλλά

213 3107 276 3197 τήν
293 3109 330 3180 τὸ
348 3107 467 3200 κράτος
471 3118 712 3237 σημαίνουσαν
724 3141 760 3183 το
750 3109 953 3200 βασίλειον.
989 3139 1035 3206 τω
1021 3105 1086 3179 δ’
1108 3111 1189 3232 ἕξης

215 3213 318 3277 ἔτει”
298 3237 394 3304 εκτον
410 3205 616 3301 υπάτευσεν,
640 3209 859 3303 Ἀγρίππα
823 3242 855 3284 οι
873 3209 1117 3304 συνάρχοντος,
1144 3206 1189 3280 ὃν

215 3301 533 3396 υπερβαλλόντωςέ
532 3319 626 3402 τίμα,
662 3314 777 3385 καὶ
742 3343 804 3404 την
827 3309 983 3404 ἀδελφήν
1005 3311 1098 3407 αάτω
1119 3309 1188 3400 τήν
1205 3333 1238 3376 ³⁰

184 3401 390 3492 θὈκταβίαν
414 3431 589 3481 συνωκισε.
642 3417 762 3484 καὶ
722 3444 781 3504 της
804 3421 981 3507 γερουσίας
1004 3415 1189 3504 πρόκριτος

218 3503 424 3596 mame
408 3537 426 3577 ο
450 3509 651 3602 Καῖσαρ,
627 3542 672 3596 ως
696 3518 798 3588 έν
755 3545 796 3646 τη
819 3513 953 3677 ἀκριβεῖ
975 3521 1188 3607 δημοκρατία
1258 3545 1260 3598 3

1218 3619 1260 3810 λ
