2538 3824
196 169 261 234 444
504 173 576 228 LIB.
589 173 623 222 X.
643 171 720 224 oAP.
731 171 858 224 XXXIV.

271 309 457 400 Ἀγρίππας
482 311 520 382 δὲ
542 309 688 401 νοσήσας
713 314 750 382 ἑν
774 315 956 403 Καμπανίᾳ
978 305 1169 382 ἀπέθανεν·

198 403 240 484 οὗ
263 408 432 504 ὁΚαίσαρ
455 411 726 504 παραγενόμενος
749 409 787 483 τό
809 439 845 483 τε
862 415 965 502 ’σῶμα
990 409 1095 482 αὐτού
1120 418 1169 494 εἰς

197 513 259 602 τήν
279 509 407 604 Ῥώμην
425 511 557 602 ἐκόμισε
575 517 631 584 καί
650 518 687 586 ἐν
703 517 746 605 τῇ
761 511 868 607 ἀγορᾷ
885 515 1092 604 προθέμενος
1111 511 1169 584 λό-

197 720 277 806 τελή
301 714 476 806 ἐποιήσατο
500 719 557 788 καί
582 721 619 788 ἐν
641 721 688 811 τῷ
713 719 834 788 ἑαυτοῦ
857 723 1009 810 μνημείῳ
1028 722 1198 800 ἔδαψενε

197 818 216 890 ὁ
235 819 274 889 δὲ
290 822 352 888 τοῦ
365 814 550 910 Ἀγρίππου
568 817 718 900 δάνατος
735 816 850 889 κοινόν
867 847 899 888 τι
916 835 985 900 τοῖς
998 816 1172 907 Ῥωμαίοις

198 921 325 1001 πένθος
344 921 483 1008 ἐγένετο.
520 918 561 990 τό
585 948 622 992 τε
644 919 708 1010 γὰρ
731 917 817 991 ἀλλα
839 917 973 1010 ἀριστος
996 922 1064 989 τῶν
1085 914 1170 990 καθ’

165 1020 325 1092 Βὲαυτδυ
347 1019 543 1112 ἀνθρώπων
568 1023 699 1112 ἐγένετο
728 1023 785 1092 καὶ
814 1027 855 1113 τῇ
883 1024 945 1092 τοῦ
967 1017 1172 1109 Αὐγούστου

199 1130 297 1216 φιλία
320 1121 403 1214 πρὸς
426 1121 464 1194 τδ
491 1127 622 1194 ἐκείνου
646 1127 702 1193 καὶ
725 1121 808 1212 πρὸς
825 1121 862 1192 τὸ
880 1127 977 1212 κοινῇ
995 1124 1172 1212 συμφέρον

200 1227 368 1315 ἐκέχρητο,
386 1227 443 1294 καί
460 1231 573 1296 πᾶσαν
586 1222 648 1314 τήν
662 1227 784 1295 ἑαυτοῦ
798 1231 922 1314 σοφίαν
935 1225 991 1293 καὶ
1005 1221 1171 1314 ἀνδρείαν
1185 1261 1219 1300 10

202 1333 250 1408 εἰς
274 1324 316 1396 τά
340 1329 594 1398 λυσιτελέστατα
625 1327 781 1416 παρέχων
808 1330 854 1418 τῷ
878 1333 1025 1413 Καίσαρι
1056 1327 1172 1395 πᾶσαν

199 1427 263 1517 τήν
280 1426 360 1516 παρ’
388 1430 519 1498 ἐκείνου
536 1429 594 1497 καί
613 1426 762 1518 δυ’ναμιν
779 1429 835 1498 καί
853 1427 952 1517 τιμήν
971 1433 1018 1508 εἰς
1035 1426 1070 1496 τδ
1089 1426 1178 1508 τούς-

199 1527 322 1610 ἀλλους
336 1525 524 1620 εὐεργετεῖν
537 1525 731 1618 ἀνήλισκεν·
759 1525 844 1600 ὅθεν
862 1527 936 1600 οὔτ’
957 1523 1049 1620 αὐτῷ
1069 1530 1173 1617 ἐπαχ-

199 1629 264 1719 θής
274 1627 351 1701 οὔτε
360 1645 429 1712 τοῖς
438 1627 548 1712 ἀλλοις
558 1633 745 1719 ἐπίφθονος
756 1630 961 1720 ἐχρημάτισε.
979 1627 1100 1700 τούτου
1110 1656 1174 1718 με·

198 1729 433 1821 ταλλάξαντος,
448 1734 520 1801 ἐπεὶ
528 1733 696 1821 σννεργού
709 1730 791 1822 πρὸς
804 1732 845 1801 τά
857 1729 1034 1822 πράγματα
1049 1735 1170 1820 ε’δεῑτο,
1188 1763 1222 1804 15

199 1829 259 1902 τδν
294 1833 449 1922 Τιβέριον
479 1835 536 1904 καί
566 1831 659 1904 ἀκων
689 1838 899 1924 προσείλετο·
952 1838 986 1904 οί
1014 1829 1078 1923 γάρ
1108 1836 1174 1902 τοῦ

197 1927 383 2024 Ἀγρίππου
401 1938 481 2024 υίοί,
500 1941 634 2024 ἔγγονοι
651 1929 685 2004 δ’
704 1932 822 2023 αὐτοῦ,
841 1939 878 2005 ἐν
894 1932 1014 2005 παισὶν
1032 1942 1078 2004 ἔτι
1097 1936 1172 2003 ἐτέ-

200 2044 292 2106 λουν.
328 2037 384 2106 καί
409 2031 606 2119 ἀποσπάσας
633 2039 764 2108 ἐκείνου
789 2035 852 2124 τήν
876 2051 1032 2124 γυναῖκα,
1058 2045 1174 2123 θυγα-

198 2137 277 2227 τέρα
298 2128 407 2208 οὖσαν
428 2134 614 2228 Ἀγρίπτιου
635 2140 668 2221 ἐξ
693 2133 795 2227 ἀλλης
821 2143 975 2228 γαμετῆς,
1001 2133 1064 2225 τήν
1084 2131 1175 2206 Ἰου-

198 2244 277 2310 λίαν
302 2236 394 2333 αίιτςό
418 2237 609 2328 ἐνεγύησεν.
651 2237 722 2310 είτα
748 2236 804 2309 διιί
826 2267 864 2309 τε
888 2237 1009 2310 τούτου
1031 2238 1086 2307 καί
1109 2236 1173 2306 διά
1191 2271 1227 2311 τε

165 2343 261 2409 0τοῦ
295 2337 457 2429 Δρούσου
487 2343 543 2410 καὶ
580 2337 637 2410 διά
667 2346 842 2422 Πείσωνος
877 2345 1027 2412 Λουκίου
1062 2335 1176 2430 πολλοὶ

198 2446 268 2514 τοῖν
298 2443 412 2510 ἕδνων
439 2438 640 2529 ὑπηγάγετο.
689 2440 851 2532 ἀργύριον
878 2442 919 2512 δὲ
941 2449 1000 2530 τῆς
1025 2467 1062 2510 τε
1086 2447 1177 2528 βου-

199 2546 258 2627 λῆς
277 2543 334 2610 καί
348 2547 409 2612 τοῦ
423 2539 531 2631 δήμου
545 2549 594 2624 εἰς
613 2540 744 2625 εἰκόνας
761 2541 865 2614 αὐτοῦ
883 2539 1176 2632 συνενεγκάντων,

199 2643 320 2711 ἑαυτοῦ
347 2643 410 2731 μὲν
437 2638 604 2734 οὐδεμίαν
635 2651 793 2734 ἔστησεν,
825 2640 967 2733 Ὑγιείας
997 2645 1034 2714 δὲ
1065 2647 1178 2731 δημο-

198 2747 274 2824 σίας
298 2745 355 2814 καί
374 2741 547 2834 Ὁμονοίας
574 2747 631 2816 καί
649 2744 797 2836 Εἰρήνης
822 2745 954 2828 εἰκόνας
979 2741 1172 2834 εἰργάσατο.
1193 2777 1229 2819 2⁵

197 2845 254 2914 καλ
289 2849 327 2916 ἐν
361 2845 447 2936 αὐτῇ
480 2851 521 2938 τῇ
555 2844 671 2939 πρώτη
705 2853 766 2919 τοῦ
801 2853 896 2932 ἔτους
929 2843 1037 2939 ἡμέρη
1074 2843 1179 2938 αὐτῷ

197 2948 315 3041 ἐκείνω
339 2945 531 3036 προσιόντες
554 2955 591 3019 οἰ
609 2951 671 3038 μὲν
694 2958 830 3038 πλεῖον,
861 2955 897 3021 οἰ
918 2947 950 3018 δ’
976 2938 1076 3038 ήττον
1099 2950 1179 3016 ἐδί-
1267 2981 1268 2984 “

197 3053 315 3138 δοσαν,
333 3044 437 3132 καλός
450 3053 644 3139 προστιθεὶς
661 3048 778 3143 ἕτερον
789 3057 950 3122 τοσοῦτον
962 3045 983 3139 ή
997 3050 1053 3119 καί
1066 3049 1180 3120 πλέον

196 3145 393 3240 ἀπεδίδου,
427 3147 469 3221 οὐ
499 3150 613 3241 μόνοις
642 3168 712 3235 τοίς
741 3160 957 3242 βουλευταῖς,
993 3146 1077 3221 ἀλλά
1111 3152 1181 3222 καὶ

196 3265 266 3328 τοῖς
288 3247 408 3332 ἀλλοις.
456 3254 601 3340 τέθνηκε
624 3255 662 3324 δὲ
684 3249 759 3325 τότε
782 3255 840 3324 καὶ
862 3248 884 3341 ή
907 3249 1037 3344 ἀδελφή
1062 3244 1181 3321 αὐτοῦ
1196 3283 1230 3325 ιο

94 3343 392 3437 ΨΙΗΘδΟκταβία,
426 3353 484 3420 καί
509 3351 610 3434 αὐτός
633 3382 669 3424 τε
693 3350 746 3425 ἐπ’
771 3351 858 3445 αὐτῇ
880 3361 1025 3448 δημοσίᾳ
1047 3379 1176 3440 προτε-

197 3451 299 3535 θείση
324 3448 497 3540 ἐπιτάφιον
522 3451 595 3522 εἰπε
618 3457 674 3525 καί
696 3453 715 3526 ὁ
741 3461 907 3547 Δροῦσος·
947 3459 1004 3528 καὶ
1028 3458 1063 3526 οἰ
1082 3461 1179 3542 βου-
