2546 3822
76 360 141 423 μοι.
169 332 264 420 μέχρι
281 330 394 420 μέντοι
410 329 483 400 τότε
501 331 556 400 καλ
574 335 633 410 τίς
650 336 719 399 τῶν
737 335 939 420 χριστιαυοὸν
955 339 1044 419 δρη-

76 439 189 512 σκείας
207 426 296 518 ήσαν
309 429 462 520 ἀμύητοι,
476 431 563 518 ἀλση
581 431 619 500 δέ
637 432 693 498 καὶ
710 431 794 511 ὕλας
814 433 968 519 ἐσέβοντο
985 431 1042 499 καὶ
1054 449 1081 497 D
1113 488 1116 493 .
1154 457 1157 463 ·

75 533 116 604 τά
135 535 262 622 δένδρα
279 532 409 611 τούτοις
429 535 462 614 ἐξ
481 530 639 620 ἀφελείας
653 539 859 623 βαρβαρικῆς
877 538 924 612 είς
942 530 1046 611 θεούς

78 637 277 723 ἐνομίζοντο.
311 627 546 714 Ίουστινιανδς
573 633 611 702 δὲ
634 642 830 722 μεταθεῖναι
855 638 943 720 σφοῖς
961 630 1046 720 πρδς

11 743 13 748 ’
50 734 252 822 εεύσέβειαν
270 733 472 822 σπούδασμα
486 743 594 821 ἔθετο,
612 735 669 806 καὶ
686 742 816 814 στείλας
831 732 911 822 παρ’
931 729 1047 811 αὐτοῖς

78 835 191 926 λερούς
209 834 337 922 ἀνδρας
356 832 399 902 δι’
419 833 535 904 αύτεδν
556 842 603 916 είς
624 839 806 923 ἐπίγνωσιν
824 833 949 914 αύτούς
967 861 1046 922 μετ-

75 937 198 1026 ήνεγκε
223 942 285 1004 τού
309 941 406 1006 θεοῦ.
444 935 515 1006 εἶτα
539 937 596 1005 καλ
619 947 718 1006 θεῖον
743 940 780 1006 ἐν
795 935 972 1024 Ἀβασχοϊς
989 940 1047 1023 τής

75 1036 241 1108 θεοτόκου
267 1039 420 1127 ἐδείματο
444 1039 581 1126 τέμενος
611 1039 667 1106 καὶ
692 1043 792 1128 λερελς
819 1039 1047 1124 ἐγκατέστησε,

81 1140 138 1209 καλ
157 1135 264 1218 οὕτως
283 1143 330 1217 είς
348 1137 417 1224 ήδη
435 1138 475 1207 τά
494 1145 564 1208 τῶν
582 1145 783 1228 χριστιανῶν
802 1137 928 1218 αύτούς
946 1135 1048 1225 μετή-

37 1275 64 1316 10
79 1266 183 1328 χαχεν
202 1241 324 1308 ἐκτῶν
342 1239 432 1307 πάνυ
451 1245 676 1329 βαρβαρικῶν.
713 1243 877 1310 ἐντεῦθεν
903 1236 964 1307 ἀπ’
984 1235 1048 1307 ού-

80 1339 176 1420 δενδς
190 1337 386 1430 ἀρχομένων
399 1339 652 1428 τοῖνἈβασχοΞν
669 1345 704 1410 ολ
720 1349 869 1428 βασιλεῖς
878 1337 1049 1426 Ῥωμαίων
1145 1359 1148 1365 ·

82 1449 239 1512 ἔστελλον
256 1439 431 1529 ἄρχοντας,
446 1443 502 1510 καὶ
516 1439 578 1512 ὑπ’
601 1445 740 1512 ἐκείνων
753 1439 869 1521 αὐτοῖς
888 1444 1049 1529 διῃτῶντο

79 1542 121 1611 τοὶ
139 1541 326 1630 πράγματα.
363 1543 587 1631 χωρησάντων
605 1543 643 1612 δέ
660 1549 729 1612 τάν
752 1543 983 1629 στελλομένων
1002 1545 1049 1620 είς

1 1693 2 1696 ¹
81 1642 211 1723 ἀδικίας
236 1643 293 1710 καὶ
316 1644 605 1732 τυραννικώτερον
622 1646 804 1733 χρωμένων
822 1642 949 1726 αύτοίς,
977 1646 1048 1710 δεί-
1247 1719 1249 1724 ,

38 1783 65 1824 15
82 1765 200 1826 σαντες
225 1741 270 1832 μή
296 1743 406 1832 πάντη
424 1749 627 1814 δουλωθοὸσι
640 1742 821 1833 Ῥωμαίοις,
840 1741 1040 1832 ἀφίστανται
1049 1757 1148 1810 P11101

81 1847 138 1915 καὶ
168 1839 281 1913 ούκέτι
311 1845 468 1931 δέχεσθαι
497 1841 643 1932 ἄρχοντα
669 1843 831 1934 Ῥωμαίου
858 1843 1046 1932 ἐβούλοντο.
1059 1829 1084 1878 A

28 1983 31 1990 ·
83 1944 138 2016 διά
156 1949 255 2014 τοῦτο
273 1952 434 2014 τίσασθαι
447 1945 561 2015 θέλων
574 1942 700 2026 αύτούς
718 1945 736 2017 ὁ
756 1947 952 2035 ριυότμητος
967 1942 1049 2016 Ἰου-

83 2043 264 2132 στινιανός,
282 2047 411 2115 στέλλει
426 2045 486 2115 τόν
505 2046 696 2134 σπαθάριον
715 2050 843 2118 Λέοντα
868 2045 952 2134 πρὸς
969 2044 1049 2126 τούς

80 2147 258 2233 Ἀλανούς,
285 2143 346 2226 ούς
360 2144 543 2234 Ἀλβανούς
568 2145 795 2234 ὁΠροκόπιος
813 2146 944 2234 γράφει,
969 2146 1051 2235 χρή

41 2289 70 2329 20
83 2268 165 2338 μασι
194 2254 359 2326 πλείστοις
383 2248 466 2316 κατὰ
492 2253 561 2316 τάν
581 2245 754 2334 Ἀβασγων
779 2244 912 2336 ὁμόρων
942 2241 1052 2314 ὄντων

84 2346 201 2430 αὐτοῖς
208 2400 218 2436 ,
244 2344 380 2416 ὁπλίσαι
404 2348 543 2428 τούτους
561 2347 776 2436 βουλόμενος.
812 2352 883 2416 ἐκεῖ
897 2353 1014 2416 τοίνυν
1033 2343 1051 2414 ὁ

87 2452 185 2522 Λέων
202 2448 401 2538 γενόμενος,
425 2451 482 2518 καὶ
500 2448 648 2538 συχνούς
666 2455 841 2539 διατρίψας
866 2446 1052 2532 ἐνιαυτούς,

84 2551 148 2634 ὀψέ
165 2551 222 2620 καλ
245 2545 342 2639 μόλις
367 2550 611 2639 ἐπανελήλυθε,
636 2551 719 2640 μήτε
742 2549 802 2620 τὸν
815 2546 1053 2620 Ἰουστινιανδν

87 2651 249 2739 εὑρηκώς,
276 2650 424 2742 ἀνήρητο
447 2651 530 2740 γάρ,
556 2652 638 2740 μήτε
661 2650 812 2739 μήντὸν
839 2647 1050 2736 Φιλιππικόν,

47 2786 76 2828 25
90 2751 262 2840 καθῄρητο
280 2752 346 2840 ηάρ
364 2760 547 2842 πηρωθείς,
563 2751 607 2834 ἀς
626 2764 764 2841 εἴρηται,
778 2753 835 2822 καὶ
852 2749 893 2820 τά
911 2749 1052 2838 ὄμματα,

88 2850 260 2941 πρόσεισιν
283 2845 346 2920 οὖν
366 2851 527 2945 Ἀρτεμίρι
553 2853 766 2941 βασιλεύοντι
783 2853 868 2921 τότε.
905 2848 922 2919 ὁ
942 2847 981 2918 δέ
998 2850 1055 2916 καὶ

87 2951 277 3043 προσήκατο
300 2947 406 3021 αύτόν
431 2947 580 3041 εύμενῶς
604 2955 661 3034 καὶ
685 2951 871 3043 στρατηγὸν
894 2955 956 3020 τού
988 2955 1055 3018 τοῖν

85 3050 306 3126 Ἀυατολικάν
337 3055 584 3143 προεχειρίσατο
614 3055 768 3142 θέματος.
817 3051 926 3144 τούτῳ
956 3055 1088 3137 χούν,Β

90 3153 134 3238 ἀς
153 3166 291 3244 είρηται,
311 3159 418 3242 δήδεν
435 3151 589 3243 ἀμύνων,
613 3153 736 3245 ἀντήρε
754 3170 849 3244 χεῖρα
866 3150 950 3222 κατά
970 3159 1055 3220 Θεο-

45 3293 75 3334 30
90 3262 229 3343 δοσίον,
260 3256 316 3324 καὶ
345 3261 415 3326 τοῖν
445 3255 624 3345 σκήπτρων
649 3257 791 3345 γέγονεν
815 3251 997 3344 ἐγκρατής,
1029 3249 1056 3320 ἀν’

413 191 483 245 τεο.
502 192 560 244 xv.
580 152 657 243 c'ff.
676 193 698 242 1.
977 187 1040 252 335
1258 190 1271 402 η

1256 545 1272 598 ‘1

90 3404 291 3412 “m-...a—

159 3477 191 3539 19
209 3483 384 3554 Προκόπιος]
404 3488 489 3538 Immo
509 3503 618 3552 semper
632 3476 773 3547 Ἅλανούς.
