2566 3812
167 61 250 131 200·
469 67 541 118 Lm.
555 67 630 121 vm.
649 66 727 121 OAP.
739 65 788 118 ιιι.
803 69 836 120 x,

169 209 225 278 καί
244 210 440 280 ἐσπείσαντο
456 202 517 296 ίίν,
544 212 576 276 εί
592 207 647 277 καί
664 204 807 298 δἹέραν
824 210 1003 297 συμβῆναι
1010 201 1139 296 ήθέλη-

170 333 239 380 σεν.
281 304 298 379 ὁ
325 308 362 378 δέ
386 303 512 390 ύπατος
535 305 691 399 φρουράν
716 309 753 378 έν
775 311 817 400 τή
841 305 1008 399 Μεσσήνῃ
1034 336 1139 379 κατα-

170 405 278 481 λιποδν
302 405 513 480 ἀπέπλευσεν
536 415 583 492 είς
607 407 644 480 τὸ
658 403 797 499 Ῥήγιον.

250 516 294 584 Ol
312 505 461 601 Ῥωμαῖοι
487 511 541 600 δέ,
561 511 632 582 ἐπεὶ
650 509 691 580 τὰ
714 509 906 602 Τυρσηνικίι
923 508 1139 600 καθειστήκει

170 615 227 684 καὶ
251 611 291 683 τδι
315 615 351 684 έν
374 617 415 702 τῇ
437 607 557 705 Ἰταλίᾳ
580 608 727 702 ἀκριβῶς
751 610 927 704 είρήνουν,
950 609 992 682 τδι
1016 612 1054 682 δέ
1071 618 1167 683 τῶντ

170 718 414 807 Καρχηδονίων
433 715 487 792 ἐπὶ
504 715 607 784 πλέον
624 721 822 805 συνίστατο,
841 711 940 805 ἄμφω
958 710 1035 796 τούς
1052 711 1139 784 ύποί-

171 844 250 898 τους
276 818 309 896 ές
325 813 387 904 τήν
405 821 568 887 Σικελίαν
587 817 822 905 ἐκστρατεῦσαι
847 817 1036 886 ἐκέλευσαν.
1080 843 1140 886 πε-

173 919 375 1008 ραιωθέντες
399 906 463 987 ούν
485 914 505 987 ὅ
526 945 562 988 τε
588 914 742 1008 Μάξιμος
763 913 952 1008 Οὐαλέριος
976 919 1032 986 καί
1048 911 1141 988 Ὀτα-

173 1025 276 1101 κίλιος
295 1015 467 1112 Κράσσος,
485 1019 541 1088 καί
556 1017 613 1089 διδι
631 1021 689 1108 τής
709 1017 815 1108 νήσου
833 1017 919 1109 ὁμοῦ
936 1045 972 1088 τε
990 1019 1046 1089 καὶ
1064 1019 1142 1108 διχή

175 1117 406 1212 πορευόμενοι,
420 1117 565 1202 πολλούς
578 1113 737 1214 ὁμολογία
754 1119 1014 1212 παρεστήσαντο.
1042 1117 1087 1202 ὦς
1102 1120 1139 1190 δέ
1153 1148 1180 1188 ιο

73 1222 217 1298 ΡΙεεστόι
234 1228 338 1293 πλείω
357 1218 540 1316 ᾠκείωντο,
559 1219 641 1312 πρδς
658 1220 716 1304 τὰς
729 1220 951 1310 Συρακούσας
970 1215 1140 1312 ὥρμησαν.

173 1326 230 1394 καὶ
261 1317 413 1414 δἸέραν
442 1325 609 1413 φοβηθείς
635 1322 916 1415 διεκηρυκεύσατο
942 1329 1056 1412 σφίσιή
1084 1319 1142 1406 τδις

174 1422 287 1508 πόλεις
304 1452 340 1496 τε
357 1419 396 1507 δίς
413 1419 586 1516 ἆφήρηντο
603 1419 786 1508 ἀποδιδούς
803 1427 860 1496 καὶ
877 1421 1027 1516 χρήματα
1044 1423 1142 1496 ὑπισ-

173 1523 357 1618 χνούμενος
387 1527 444 1596 καὶ
474 1523 552 1608 τούς
582 1523 812 1616 αἰχμαλώτους
836 1529 1037 1618 ἐλευθερῶν.
1085 1525 1143 1596 καί

175 1634 297 1717 ἔτυχεν
316 1629 370 1698 έπί
394 1623 523 1707 τούτοις
552 1633 726 1699 σπονδῶν·
766 1631 805 1699 οί
824 1626 888 1719 γὰρ
912 1625 1035 1698 ύπατοι
1059 1631 1142 1720 ῥᾷον
1156 1651 1182 1692 1⁵

174 1726 245 1819 μετ’
269 1723 375 1800 αύτού
391 1730 686 1820 καταστρέψασθαι
702 1726 780 1810 τούς
797 1734 1051 1820 Καρχηδονίους
1069 1726 1144 1800 ένό-

175 1851 288 1920 μισαν.
326 1825 515 1918 συμβάντες
535 1825 569 1900 δ’
588 1827 679 1925 αύτῷ
708 1829 792 1921 πρδς
815 1827 875 1914 τδς
897 1829 1013 1912 λοιπὰς
1030 1827 1144 1914 πόλεις

174 1928 241 2002 ὑπὸ
260 1937 505 2022 Καρχηδονίων
518 1933 773 2023 φρουρουμένας
788 1930 978 2025 ἐτρέποντο.
1006 1934 1144 2002 καὶτῶν
1238 1970 1241 1976 -

175 2033 238 2124 μέν
267 2030 380 2104 ἄλλων
403 2029 703 2124 ἀπεκρούσθησαν,
727 2033 890 2122 ’Ἐχεσταν
920 2037 952 2104 δ’
985 2035 1144 2105 ἑκουσίαν

177 2141 306 2224 ἔλαβον.
344 2133 400 2206 διδ
416 2163 480 2225 γαρ
497 2133 560 2224 τήν
577 2134 660 2225 πρὸς
673 2130 853 2225 Ῥαμαίους
870 2140 1048 2206 οίκείωσιν.
1055 2139 1091 2204 οί
1106 2137 1143 2205 έν
1156 2161 1183 2202 ευ

142 2231 281 2365 Βαύτη,
306 2231 371 2308 απὸ
394 2241 455 2308 τοῦ
473 2243 614 2308 Αἰνείου
632 2238 784 2326 λέγοντες
802 2237 995 2327 μεμονέναι,
1025 2255 1143 2327 προσε

73 2315 336 2436 χρῃὸῧχύρησαν
353 2335 484 2426 αύτοίς,
502 2333 580 2420 τούς
597 2344 853 2463 Καρχηδονίους
870 2335 1109 2428 φονεύσαντες.

126 2449 167 2514 10
254 2441 322 2510 Καὶ
336 2442 371 2509 οί
380 2436 478 2528 μὲν“
455 2465 576 2510 νπατοι
594 2437 701 2510 διδ
667 2468 726 2511 τον
742 2442 888 2530 χειμῶνα
907 2436 1005 2522 είς
971 2468 1008 2510 το
1016 2435 1145 2529 Ῥήγιον

177 2537 329 2630 ἇπήραν,
352 2540 580 2631 Καρχηδόνιοι
605 2541 642 2612 δέ
667 2547 716 2623 είς
733 2538 913 2631 Σαρδοδ
881 2571 918 2612 το
936 2550 1054 2612 πλεῖον
1072 2538 1146 2611 έκό·

175 2663 279 2734 μισαν
295 2647 356 2712 τού
370 2645 533 2734 στρατοῦ,
551 2648 586 2714 ’ίν
588 2639 754 2714 ’ἐκεῖθεν
770 2672 811 2736 τη
800 2640 926 2733 ’Ῥώμη
945 2646 1143 2732 έπίθανται,
1157 2666 1183 2708 τε

177 2745 234 2814 καὶ
256 2737 278 2833 ή
301 2745 415 2814 τέλεον
437 2741 532 2816 οὕτω·
548 2750 607 2834 τῆς
625 2751 783 2827 Σικελίας
808 2743 1013 2833 έκστήσωσιν
1031 2739 1051 2832 ἢ
1070 2750 1147 2815 δια·

177 2847 430 2934 περαιωθέντας
453 2843 718 2938 ἀσθενεστέρους
736 2843 929 2935 ποιήσασιν.
971 2840 1048 2916 ἀλλ’
1068 2839 1147 2916 οὔτε

176 2945 298 3020 τούτου
321 2943 399 3019 οὔτε
415 2946 483 3038 μήν
501 2951 632 3020 ἐκείνου
652 2950 825 3038 έπέτυχον·
859 2953 895 3018 οί
915 2947 980 3038 μδρ
994 2946 1147 3037 Ῥωμαῖοι

177 3048 240 3137 τήν
253 3077 289 3120 τε
302 3055 432 3121 οἰκείαν
446 3045 642 3140 ἐφύλαττον,
656 3051 714 3120 καὶ
728 3047 907 3140 ἀξιόμαχον
921 3055 969 3132 είς
983 3055 1147 3120 Σικελίαν

180 3147 327 3240 δύναμιν
358 3157 511 3241 ἔπεμψαν
540 3150 621 3242 μετὰ
652 3157 867 3241 Ποστουμίου
895 3147 1052 3240 Ἀλβίνου
1089 3150 1146 3220 καὶ
1159 3175 1186 3218 ιο

248 3382 315 3448 Cap.
335 3385 375 3434 10.
396 3383 494 3435 Dionis
511 3384 654 3438 Historiae
672 3383 815 3436 Romanae
832 3383 897 3436 libri
915 3343 1032 3450 perditi*
