2510 3834
178 142 220 205 22
469 140 600 194 L1ss.v1.
619 140 861 195 cAP.v11.v111.

179 281 289 379 λόγων
318 275 566 371 ἀκροασάμενος
595 287 740 373 Καίσαρι
770 278 945 370 πρόσεισιν
974 281 1017 364 ὡς
1048 281 1090 372 66
1113 313 1146 354 τι

180 385 285 467 λίξωυ
302 380 391 476 αὐτῷ
409 379 583 472 σωτήριον.
618 379 694 452 ὅδὲ
711 379 839 474 βραδδς
858 389 905 465 είς
923 381 1032 456 πάντα
1049 384 1146 473 χενό-
1235 444 1239 449 ,

180 513 297 575 μενος,
315 485 434 554 καί
388 511 456 554 των
473 479 619 572 6666’
578 487 682 556 αυτοῦ
698 512 731 554 τι
749 484 1067 574 προσαγγελλόντων
1084 515 1145 558 κα

180 584 346 676 τεφρόνει.
391 581 468 654 οὔτε
497 583 570 684 γάρ
592 611 637 675 πρ
641 589 752 674 ἔσβεσε
775 583 913 676 τάχιστα
943 586 1145 678 ἐχρημάτιζε,
1246 603 1249 612 ”

180 691 346 776 λέγων,“
332 715 386 758 ινα
410 715 455 776 μη
444 675 680 758 ἐπανιόντων
697 685 871 777 συντόμως
890 692 1099 779 προσίοιεν“
1079 717 1146 762 ετε-
1159 717 1174 758 ε

147 810 235 882 Οροι
258 791 315 858 καὶ
338 785 433 878 όχλος
458 785 548 881 αὐτῷ
572 794 715 876 γίνοιτο,
739 785 817 858 οὔτε
839 785 907 878 μὴν
930 787 1070 880 ἡγεμόσι
1090 793 1147 862 καί
1247 841 1248 844 ¹

182 889 372 981 ἐπιτρόποις
395 883 476 979 παρ’
502 886 609 960 αὐτοῦ
633 899 782 960 σταλεῖσι
814 887 1033 980 διαδόχους’
1014 919 1147 963 αυτικα·
1187 947 1194 954 -

181 998 294 1081 θίστα,
315 997 345 1062 εί
361 991 406 1080 66
424 988 594 1080 φθάσαιεν
611 989 876 1080 τελευτήσαντες.
907 997 1005 1064 τοῦτο
1024 993 1063 1063 δὲ
1075 1019 1152 1064 not-¹

182 1109 234 1165 εϊυ
252 1100 377 1184 ἔφασκε
395 1099 587 1184 προμηθείᾳ
609 1096 678 1162 τῶν
695 1088 876 1215 ὑπηκόων,
899 1097 957 1164 ἵνα
975 1091 1148 1218 μάτάρκως

181 1199 227 1290 τά
252 1191 362 1288 χρόνῳ
387 1191 522 1284 σχόντες
544 1197 675 1283 κερδῶν
699 1191 903 1285 ἀμβλύτεροι
926 1193 1007 1285 πρὸς
1030 1191 1148 1286 άδτκῆ-
1160 1225 1188 1265 ιο

181 1325 268 1386 ματα
293 1294 369 1366 είευ.
412 1292 622 1386 παράδειγμά
645 1325 681 1366 τε
703 1303 911 1387 τραυματίαν
935 1289 1148 1392 πεποίητο
1120 1327 1147 1366 ω

181 1413 278 1523 μυῖριι
301 1394 545 1486 περιεκάθηντο
557 1395 625 1522 τάς
648 1395 792 1487 πληγάς,
819 1404 880 1468 καί
899 1426 949 1480 τις
972 1405 1148 1490 οίκτείρων

183 1498 287 1572 αὐτόν
304 1495 506 1570 άποδιάκειν
524 1495 628 1580 αὐτάς
646 1501 825 1590 ἐπεχείρει,
843 1495 1091 1590 άποτρίψαννος
1110 1501 1147 1572 δὲ

184 1603 315 1672 ἐκείνου
332 1597 430 1690 ἤρετο
447 1597 509 1687 τὴν
527 1605 639 1670 αίτίαν
655 1593 673 1669 6
688 1597 822 1672 διώκειν
838 1597 896 1682 τάς
914 1608 1014 1726 μυίας
1028 1600 1147 1690 πειρά·

176 1730 299 1828 μενος,
324 1729 341 1770 o
330 1695 402 1770 δέ
423 1727 461 1790 χε
477 1699 718 1790 τραυματίας“
723 1691 822 1824 αχῖται
841 1697 926 1790 μίν”
944 1699 1068 1790 άπεκρί
1067 1732 1146 1774 υατο
1161 1731 1187 1772 15

176 1801 262 1872 “606
285 1808 421 1892 αἵματος
445 1803 688 1890 ἐμπλησθεῖσαι
717 1799 758 1872 06
781 1801 873 1874 πάνυ
895 1833 951 1892 μοι
975 1801 1021 1874 δι’
1045 1800 1147 1894 όχλου

185 1892 785 1992 660,60'660006602606616,
809 1903 924 1993 ἥξουσι
943 1915 1072 1989 υεαλελς
1090 1907 1150 1979 καὶ,

183 2003 405 2095 λιμάττουσαι
428 2002 557 2094 μᾶλλόν
574 2033 620 2127 με
642 2001 880 2094 ὀδυνήσουσιΫ
922 2010 980 2096 τῆς
1005 2007 1043 2078 δὲ
1065 2005 1148 2096 πρὸς

147 2114 287 2178 Βταῦτα
305 2110 512 2200 βραδυτητος
529 2113 589 2176 τοῦ
612 2113 731 2199 Τιβερί
729 2135 770 2179 ου
716 2110 844 2178 ίκαὶ
867 2105 944 2178 τόδε
964 2107 1148 2199 μαρτύριον

182 2205 232 2280 ὅτι
251 2207 312 2280 660
329 2211 386 2279 καί
405 2218 532 2280 είκοσιν
550 2209 603 2276 ἐπί
617 2215 674 2296 τῆς
693 2204 872 2301 αὐταρχίας
890 2206 1017 2289 άνάσας
1037 2210 1147 2278 ἐνιαυ-
1162 2239 1192 2280 ευ

182 2307 259 2390 τοὺς
291 2309 354 2380 δυό
383 2325 471 2388 τοῖς
485 2306 613 2380 Ἰίουδα
612 2337 660 2390 οις
688 2311 870 2400 ἐξέπεμψεν
898 2305 1057 2400 ἄρξοντας
1087 2314 1148 2380 τοῦ

183 2417 307 2492 ἔθνους
338 2406 469 2498 αὐτῶν,
499 2407 629 2498 Γράτου
656 2438 693 2480 τε
718 2413 775 2482 καὶ
797 2410 955 2483 Πιλάτου.
999 2415 1148 2493 τοιοῦτος

183 2501 247 2582 οὖν
271 2509 448 2602 τυγχάνων
472 2509 553 2580 ἐν“
531 2531 656 2582 απασιν
678 2511 759 2583 οὐδὲ
788 2509 846 2584 τόν
870 2509 1023 2602 Εὔτυχον
1053 2509 1148 2600 ἠξίου
1232 2519 1234 2522 ’

185 2608 384 2704 ἀκροάσεως.

148 2717 168 2784 8
258 2709 439 2839 Ἀχρίππας
459 2710 550 2782 δὲ
513 2741 574 2839 πχν
587 2711 771 2790 Ἀντωνίαυ
790 2716 916 2786 ἱκέτευε
934 2713 1148 2806 παρασκευαί·
1161 2743 1194 2784 εε

183 2838 239 2884 σαι
262 2813 323 2886 τὸν
345 2822 499 2904 Καίσαρα
522 2812 754 2938 ἀκροάσασθαι
778 2819 838 2886 τοῦ
860 2814 1025 2908 Εὐτύχου.
1067 2811 1110 2906 6
1112 2813 1145 2886 δ’

178 2913 342 2989 Ἀντωυία
361 2915 417 2986 διά
436 2919 530 3006 τιμῆς
548 2907 591 3005 60
614 2923 758 3041 Τιβερίρι
775 2915 875 2991 καλ
852 2945 896 3000 ως
915 2917 1039 3008 γαμετὴ
1056 2944 1151 3006 χενο·

181 3020 266 3107 μένη
281 3017 440 3109 Δροάσου
456 3047 516 3090 του
504 3013 685 3109 άδελφοῦ
697 3015 801 3090 αὐτου
786 3019 875 3092 καί
894 3016 993 3088 διά
962 3048 998 3088 το
1012 3021 1151 3109 σωφρον

185 3119 229 3200 οδς
254 3118 404 3208 μάλιστα.
445 3122 506 3190 νέα
529 3117 592 3210 γάρ
622 3117 814 3210 χηρεάσασα
843 3125 884 3211 τῇ
907 3127 1024 3213 χηρείᾳ
1047 3120 1152 3210 παρί-

82 3243 279 3311 ΡΙειιμετυε
297 3222 352 3295 καὶ
370 3219 477 3312 γάμου
494 3217 657 3292 άπείπατο
676 3218 852 3312 δεύτερον,
870 3228 990 3312 καίπερ
1007 3227 1068 3293 τοῦ
1087 3218 1151 3291 αὖύ
1165 3247 1196 3302 εο
1238 3224 1241 3232 ’

250 3455 318 3520 Cap.
331 3456 356 3510 8.
379 3453 491 3517 Iosephi
503 3451 566 3502 Ant.
581 3455 626 3517 18,
637 3455 667 3519 6,
680 3455 705 3516 ἕ.
720 3455 805 3518 6-5.
819 3457 859 3508 10.
