2546 3822
187 133 252 196 402
501 135 572 186 τεο.
590 135 650 185 xv.
670 133 748 188 οιΡ.
766 134 850 186 xxv.

189 273 228 342 δὲ
253 272 291 341 τδ
315 278 468 362 χρυσοῦν
492 279 535 361 τῆ
560 275 596 341 ἐκ
614 279 858 394 Παφλαγονίας
884 272 1045 362 Θεοδώρᾳ
1067 299 1150 362 παρ
1256 281 1262 366 χ

189 376 313 462 ε’σχετο.
365 368 387 460 ῆ
418 371 451 441 δ’
486 379 608 445 Είκασί
606 401 627 440 α
656 380 715 460 τῆς
744 380 914 461 βασιλείας
940 371 1152 462 ἀποτυχοῦσα
1257 367 1262 478 1

189 474 298 564 μονῆν
321 471 538 564 ἐδείματο,
517 503 537 562 η
555 501 617 562 την
642 477 772 600 ἐκείνης
788 480 864 594 ἔσχε
880 480 1000 562 κλῆσιν
1018 477 1151 562 ἐπίκλη
1260 479 1262 506 ³

191 597 255 663 σιν,
281 577 337 646 καὶ
362 579 399 645 ἐν
416 573 512 664 αῦτῆ
535 575 710 664 μονόσασα
737 577 839 664 ἑαυτη
826 579 913 663 ἔζη
931 575 988 643 καλ
1005 581 1053 666 τῷ
1070 580 1150 666 θεῷ,
1256 507 1262 686 ῆ

188 685 248 765 τῆς
267 682 400 764 λογικῆς
418 681 569 756 παιδείας
591 676 637 765 μῆ
655 675 855 764 ἆλογῆσασα.
892 675 975 745 ὅθεν
993 677 1049 744 καὶ
1068 696 1179 762 συγ-ε
1261 707 1262 722 ¹

188 778 366 866 γράμματα
386 781 514 866 ἐκείνης
528 771 742 866 εῦρίσκονται
755 775 993 857 εῦπαιδευσίας
1011 784 1153 867 χαρίτων

153 877 254 948 Βοῦκ
272 878 403 968 ἄμοιρα.
430 880 487 947 καὶ
504 877 600 968 ῆμέν
613 878 702 948 οῦτω
716 880 846 948 διέθετο
859 877 900 947 τὰ
918 872 1002 948 καθ’
1023 877 1155 964 ἑαυτήν,
1260 863 1262 914 ¹

187 981 245 1050 καὶ
261 975 500 1068 ’ότενκτῆσασα
523 980 686 1068 βασιλέως
708 985 867 1069 φθαρτοῦ
889 985 937 1070 τῷ
955 985 1158 1067 παμβασιλεῑ

190 1081 312 1169 ἑαυτῆν
331 1081 576 1170 ἐμνηστεύσατο
593 1081 651 1149 καὶ
675 1077 751 1150 ἀντὶ
768 1085 891 1170 γεηρῦς
908 1087 1078 1168 βασιλείας
1095 1077 1157 1166 τῆν

188 1183 389 1272 ἐπουράνιον
404 1181 624 1270 ἐκληρώσατο.
651 1179 669 1251 ὁ
686 1181 845 1270 βασιλεῦς
864 1181 903 1250 δὲ
916 1179 1079 1270 Θεόφιλος
1095 1179 1156 1268 τῆν
1168 1212 1197 1251 ιο

189 1283 369 1373 Θεοδώραν
394 1287 500 1375 ἑαυτῷ
527 1290 720 1367 συνοικιξει,
751 1283 807 1352 καὶ
832 1280 918 1370 ὁμοῦ
941 1281 1070 1370 ταύτην
1100 1283 1157 1350 καλ

186 1391 235 1476 τῷ
260 1392 413 1477 γαμηλίῳ
440 1384 594 1476 στεφάνῳ
618 1385 675 1452 καὶ
693 1411 740 1474 τῳ
728 1389 922 1474 βασιλικῷ
940 1398 1066 1453 ταινιοῑ
1082 1387 1156 1452 δια-

188 1485 310 1610 δῆματι
330 1487 387 1554 καὶ
412 1485 492 1566 τοῦς
516 1485 644 1574 γάμους
668 1488 766 1554 τελεί.
803 1484 1022 1570 δικαιοσυνην
1039 1485 1079 1553 δέ
1095 1512 1157 1572 με·

187 1586 268 1656 πιών
291 1603 360 1667 τοῖς
384 1578 604 1656 όδικοῦσιν
583 1614 626 1710 ην
654 1585 804 1710 ἐπαχθῆς
829 1587 885 1654 καὶ
908 1583 1073 1711 κολαστῆς
1091 1580 1157 1654 αῦ-

187 1694 256 1758 τών
273 1687 507 1777 ἀπαραίτητος.
541 1687 679 1776 ἑκάστης
696 1679 762 1756 οῦν
780 1683 1000 1776 ἑβδομάδος’
981 1685 1083 1776 απηέι
1100 1684 1159 1756 διὰ
1171 1715 1200 1756 15

187 1795 245 1877 τῆς
269 1787 395 1878 όγορῦς
421 1795 562 1876 ἔφιππος
585 1815 667 1878 μετα
657 1787 893 1878 δορυφορίας
916 1793 1089 1875 βασιλικῆς
1107 1794 1159 1867 είς

186 1889 247 1958 τδν
274 1892 310 1958 ἐν
327 1891 532 1979 Βλαχέρναις
555 1895 614 1977 τῆς
640 1889 804 1959 θεοτόκου
831 1888 926 1958 ναόν.
961 1895 994 1958 εί
1017 1887 1160 1977 γὰρκαὶ

186 2005 259 2072 ταῖς
284 1997 394 2079 θείαις
425 1989 551 2061 εἰκόσιν
574 1989 673 2079 τιμῆν
697 1987 759 2060 οῦκ
782 1996 917 2078 ἐνεμεν,
942 1984 1029 2058 ἄλλό
1052 1993 1159 2078 γετῷ

153 2097 310 2181 Οσωτῆρι
327 2097 460 2184 Χριστῷ
484 2093 541 2160 καὶ
564 2096 606 2180 τῆ
630 2091 810 2181 θεομῆτορι
836 2097 948 2160 πίστιν
972 2089 1089 2179 ἐτήρει,
1111 2086 1161 2170 ώς

188 2200 312 2280 ἔλεγεν.
348 2191 457 2262 ἀπιών
481 2186 546 2262 οῦν
569 2194 627 2261 καλ
651 2191 740 2262 οῦτω
767 2191 978 2280 δημοσιεύων
995 2205 1207 2280 παρελχενεο

188 2293 310 2364 ἑαυτόν
334 2309 403 2374 τοϊς
427 2299 625 2384 προσιοῦσιν
653 2291 869 2382 εῦπρόσιτου,
896 2293 953 2361 καὶ
980 2292 1058 2381 περὶ
1086 2297 1166 2360 τών
1261 2315 1262 2334 ¹

188 2393 301 2464 ώνίων
316 2396 485 2484 ἐφρόντιζε
498 2397 554 2462 καὶ
568 2393 660 2474 όπως
676 2394 816 2464 ἕκαστον
828 2391 960 2462 τούτων
973 2391 1164 2482 πιπράσκει·
1261 2421 1262 2426 ’

186 2523 239 2565 ται
258 2495 548 2585 ἐπολυπραγμόνει
565 2491 630 2564 ’καὶ
647 2495 868 2565 ἐπυνθάνετο.
903 2495 961 2562 καὶ
979 2500 1012 2562 εί
1026 2499 1163 2562 πολλοῦ

185 2623 260 2666 τινα
283 2595 537 2685 πιπρασκόμενα
563 2596 708 2686 εῦρισκε,
731 2594 792 2666 τόν
816 2601 964 2683 ἔπαρχον
981 2594 1059 2682 περὶ
1074 2593 1167 2662 τοῦ·

186 2725 247 2766 του
266 2694 432 2787 ιἰνίκρινε,
456 2697 512 2766 καὶ
529 2694 551 2785 ῆ
569 2697 831 2784 καταγινώσκων
848 2694 956 2766 αὐτοῦ
974 2701 1079 2764 Ιἐπαυε
1098 2700 1166 2782 τῆς
1181 2721 1210 2762 ιε
1260 2723 1262 2740 ³

187 2796 325 2889 όρχῆςῆ
341 2799 549 2886 ἐπιπλήττων
562 2798 723 2884 διώρθου.
741 2797 830 2868 οῦτω
844 2801 930 2885 γοῦν
943 2823 1024 2866 ποτε
1038 2796 1168 2865 διιόντι
1256 2782 1262 2836 *⁴

187 2899 282 2992 αῦτςὸ
308 2906 481 2989 προσῆλθε
504 2898 592 2987 γννῆ
611 2898 802 2968 ἀδικεῖσθαι
818 2901 966 2984 λέγουσα
982 2896 1073 2987 παρὰ
1091 2902 1166 2966 τοῦ
1254 2940 1258 2949 ·

186 3007 416 3125 δρουγγαρίου
440 3005 498 3088 τῆς
522 3007 653 3087 βίγλας,
677 2993 776 3080 οῦτος
801 2997 833 3068 δ’
853 2992 896 3087 ῆν
913 2997 1080 3086 σῦγγονος
1099 3003 1169 3119 τῆς
1253 2984 1258 3003 ’

187 3100 409 3189 Αῦγοῦστης,
434 3101 641 3190 καλούμενος
659 3106 895 3188 Πετρωνᾶς,ο
877 3105 986 3170 οἰκεῖν
1002 3097 1068 3188 γάρ
1087 3093 1167 3167 αῦ-
1246 3098 1255 3191 J

185 3229 232 3290 τω
219 3203 289 3270 ἐν
306 3201 479 3290 γειτόνων,
497 3201 558 3271 τόν
576 3201 669 3270 δέ
631 3229 690 3284 τας
709 3203 830 3271 ἑαυτου
817 3207 977 3282 διαίτας
995 3194 1168 3282 ῦφοῦντα
1184 3226 1216 3266 so
1244 3198 1252 3287 Ι

185 3307 227 3386 τῆ
247 3296 422 3388 αῦτῆςοίκ
424 3309 459 3393 ίρι
424 3305 681 3372 ίέπισκοτειν.
705 3295 870 3426 ῆμέν
828 3329 892 3371 ουν
911 3305 1018 3370 ταῦτα
1035 3303 1169 3370 ἐπενε-
1244 3292 1262 3363 ἱ

149 3409 175 3458 D
190 3397 282 3464 κάλει
306 3407 353 3490 τῷ
373 3409 545 3493 Πετρωνᾷ.
581 3397 663 3473 όδέ
687 3403 775 3496 πρός
793 3430 852 3473 του
838 3404 1033 3490 βασιλέως
1049 3428 1165 3489 μετα·
1246 3369 1262 3451 3}
