2538 3824
341 205 413 257 LIB.
427 205 461 256 X.
480 204 557 256 GAP.
571 205 683 256 XXVII.
697 204 826 257 XXVIII.
1006 202 1069 266 421

102 347 149 439 τῷ
170 339 376 440 Ἀλεξάνδρμ
399 348 445 438 τῷ
469 348 534 438 υἱῷ
558 341 664 414 αὐτού
687 341 964 433 συνοικήσουσαν.
1013 346 1070 416 καλ

4 487 7 536 5
103 449 160 518 ἐπὶ
176 443 305 530 τούτοις
313 445 406 567 v53
373 475 436 536 την
448 444 579 517 Ἰωνίαν
595 447 652 516 καὶ
670 442 756 528 ἐς
720 474 782 535 την
795 439 936 517 Ἑλλάδα
955 446 1070 516 ἐπὶ
1023 474 1069 540 τφ

4 537 8 624 ί
101 549 238 642 πολέμφ
268 551 327 619 τού
356 554 526 638 Καίσαρος
557 545 720 638 ὥρμησεν.
769 545 787 618 ὁ
820 549 859 618 δέ
886 575 926 636 νε
951 549 1071 670 Μῆδρς

4 625 7 722 ἐ,
101 647 383 740 συμμαχούμενος
401 665 468 732 τοῖς
485 645 653 738 Ῥωμαίοις
667 645 981 742 Ιἐπελθόνταςάντςο
992 645 1071 731 τούς

74 785 88 826 ι
101 752 269 843 Πάρθους
282 753 339 821 καὶ
351 749 410 822 τὸν
418 748 580 842 Ἀρτάξην
592 755 735 839 ἐνίκησε.
767 753 828 822 τού
843 746 877 822 δ’
888 750 1071 822 Ἀντοινίου

100 851 182 935 τούς
199 858 343 935 οἰκείους
361 850 563 943 στρατιώτας
580 855 909 942 μετακαλεσαμένου,
936 849 1015 933 τούς
1034 849 1066 921 δ’
1082 863 1104 915 0
1147 847 1153 866 ’

102 958 238 1026 ἐκείνου
255 953 505 1044 κατεσχηκότος,
524 951 713 1044 ἀνθηττητο
730 957 787 1024 καὶ
806 951 903 1026 ἑάλω.
939 954 996 1024 καὶ
1014 948 1071 1023 ού-

102 1085 169 1140 τοις
187 1051 209 1146 ἡ
225 1052 393 1186 Ἀρμενία
397 1053 480 1146 μετά
497 1060 555 1146 τῆς
573 1061 711 1145 Μηδίας
728 1053 888 1126 ἀπώλετο.

185 1163 231 1230 Οί
249 1161 363 1249 μέντοι
384 1155 538 1248 Ῥωμαῖοι
560 1157 623 1247 την
646 1157 709 1247 μέν
734 1152 1004 1248 δημοκρατίαν’
984 1153 1072 1282 αφή·

63 1297 89 1337 ιο
103 1287 225 1352 ρηντο,
248 1255 289 1331 ού
310 1257 378 1349 μὴν
399 1261 511 1330 καλί
480 1266 527 1344 είς
551 1256 705 1382 φανεράν
727 1265 913 1349 μοναρχίαν
934 1256 1072 1330 κατάλι-

4 1421 5 1454 ,
103 1374 205 1451 σθον,
233 1363 295 1443 ἕως
312 1389 331 1431 ο
348 1389 384 1432 τε
401 1364 524 1446 Σέξτος
541 1357 691 1432 ἀπύλετο
709 1359 818 1431 καὶ
783 1389 823 1430 τα
841 1357 1073 1431 ἐπαναστάντα

4 1503 6 1534 ι
102 1471 192 1552 ἔθνη
223 1461 412 1535 δεδούλωτο
442 1461 543 1534 κάλ’
528 1491 546 1534 ο
565 1462 716 1588 Πάρθος
753 1460 855 1534 οὐδὲν
876 1467 1070 1586 ’,παρεκίνει

103 1563 179 1638 τότε
203 1564 268 1655 γάρ
291 1570 446 1654 φανερῶς
473 1563 525 1636 ἐπ’
555 1560 757 1655 ἀλλήλονς“
742 1593 760 1634 ο
782 1560 956 1646 Ἀντύνιος
979 1558 1071 1634 καὶὸ

104 1677 239 1757 Καῖσαρ
258 1663 456 1758 ἐτράποντο,
487 1661 578 1738 καλὸ
600 1672 702 1758 δῆμος
720 1662 866 1756 ἀκριβεῖς
885 1662 1070 1756 ἐδουλώθη.

66 1801 91 1842 ιε
106 1775 211 1840 αἰτίαι
229 1767 267 1840 δὲ
284 1772 345 1840 τού
363 1767 509 1858 πολέμου
528 1772 602 1839 αἵδε
621 1775 739 1859 σφίσιν
758 1765 969 1858 ἐσκήπτοντο.
999 1762 1072 1840 Ἀν-

3 1949 4 1954 Ὶ
104 1869 223 1952 τύνιος
247 1869 309 1960 μέν
335 1875 481 1961 Καίσαρι
505 1867 654 1941 ἐνεκάλει
677 1869 728 1942 ὅτι
751 1871 814 1959 τὴν
836 1873 896 1942 τού
919 1875 1072 1942 Λεπίδου

108 1971 219 2062 χώραν
237 1973 293 2042 καὶ
310 1970 373 2061 τὴν
392 1969 537 2062 δύναμιν
553 1973 610 2042 καὶ
626 1972 688 2060 τὴν
705 1976 765 2041 τοῦ
783 1972 911 2053 Σέξτου
938 1975 1105 2061 ἐσφετε-ι)

106 2079 238 2164 ρίσατο,
262 2075 319 2144 καὶ
340 2071 469 2145 τούτων
492 2068 612 2164 ἀπῄτει
637 2069 678 2142 τά
695 2067 797 2161 ἡμίση
815 2072 871 2141 καὶ
889 2074 957 2142 τῶν
974 2093 1073 2162 στρα-

3 2159 5 2274 ξ
102 2179 233 2248 τιωτιόν
255 2169 314 2256 οὓς
338 2178 374 2246 ἐκ
397 2177 456 2264 τῆς
478 2169 670 2264 ἀνηκούσης
688 2169 781 2266 αύτῷ
799 2169 938 2252 Ἰταλίας
955 2169 1074 2261 ἐστρά-

3 2327 5 2334 ,
65 2294 242 2352 ιοτευσεν·
276 2274 294 2346 ὁ
319 2277 357 2347 δέ
374 2285 507 2366 Καῖσαρ
531 2279 649 2369 ἐκείνῳ
672 2269 723 2346 ὅτι
746 2271 808 2363 τὴν
825 2283 1001 2362 Αἴγυπτον
1017 2275 1074 2344 καὶ

102 2376 191 2450 ἀλλα
209 2377 254 2468 μὴ
272 2377 384 2468 λαχὼν
403 2378 488 2468 εἶχε,
506 2380 562 2448 καὶ
579 2373 630 2448 ὅτι
647 2373 706 2448 τδν
723 2379 849 2460 Σέξτον
865 2373 1072 2464 ἀπέκτεινεν,

3 2511 5 2578 J
104 2477 206 2562 αὐτὸς
223 2478 287 2569 γάρ
305 2479 392 2550 ἐπεάν
410 2484 541 2551 ἐκείνου
558 2485 744 2568 φείσασθαι
758 2485 863 2568 ἔλεγε,
881 2479 937 2548 καὶ
950 2475 1001 2549 ὅτι
1013 2476 1073 2548 τὸν

3 2623 5 2662 ς
98 2580 278 2671 Ἀρμένιον
294 2579 404 2673 ἀπάτη
423 2579 632 2671 σννειληφοδς
650 2586 750 2670 ἔδησε
767 2579 831 2651 κάκ
854 2578 974 2652 τούτου
992 2578 1072 2652 Ῥω·-

103 2690 216 2774 μαίοις
246 2686 445 2767 κακοδοξίαν
474 2685 692 2773 προσέτριψε,
723 2685 779 2754 καὶ
803 2681 844 2754 τά
869 2680 973 2772 ἡμίση
1003 2684 1072 2754 τῶν

65 2813 91 2855 ιι
104 2782 271 2876 λαφύρων
300 2787 356 2856 καὶ
386 2781 486 2868 αὐτὸς
513 2783 648 2876 ἀπῄτει,
680 2786 737 2855 καὶ
764 2781 826 2873 την
852 2781 1073 2871 Κλεοπάτραν

104 2882 198 2980 αύτῷ
222 2887 278 2956 καὶ
301 2885 378 2969 τούς
402 2892 525 2968 παῖδας
548 2885 626 2968 τούς
650 2889 683 2969 ἐξ
708 2883 811 2975 αὐτῆς
829 2886 885 2956 καί
902 2884 943 2954 τά
963 2888 1074 2974 δωρη-

105 2989 213 3060 θέντα
231 2993 326 3076 σφίσι
345 2985 428 3079 πρὸς
445 2986 572 3069 πάντας
591 2988 771 3076 ἐπέφερεν,
791 2989 828 3055 ἐν
845 3000 914 3068 τοις
931 2982 1073 3074 μάλιστα

105 3085 140 3161 δ’
160 3087 274 3180 η’τιάτο
291 3086 342 3161 ὅτι
358 3089 417 3162 τόν
434 3095 651 3179 Καισαρίωνα
670 3090 702 3170 ἐς
719 3085 756 3157 τὸ
773 3087 870 3176 νένος
889 3088 1000 3176 είσηγε
1013 3088 1074 3156 τοῦ

3 3247 5 3286 ;
103 3198 285 3281 Καίσαρος.
1040 3221 1124 3312 28

3 3301 5 3314 '
64 3321 91 3364 ιο
188 3289 291 3365 Ταῦτ’
311 3282 373 3364 οὖν
392 3291 615 3364 ἐπενεκάλουν
632 3285 796 3380 ἀλλήλοις.
838 3291 950 3360 καὶ’
911 3317 992 3372 τεως
1010 3284 1175 3364 ούκΡΙσκε

104 3417 309 3428 —u—-uun—

175 3455 243 3524 Cap.
256 3459 298 3513 28.
325 3457 424 3510 Dionis
442 3457 585 3508 Historiae
603 3456 783 3508 Romanael.
797 3457 839 3518 50,
859 3458 946 3507 e.-2
949 3457 990 3507 11.
1017 3455 1072 3508 Ad-

3 3557 4 3560 =
106 3526 168 3576 dita
186 3531 251 3578 sunt
272 3521 373 3596 Τούτφ
392 3520 446 3591 μὲν
429 3541 490 3591 ν.φ
508 3527 573 3590 423,
594 3527 676 3576 15-
695 3518 799 3589 ἐσίδῆτι
818 3521 976 3591 βαρβαρικῇ
995 3525 1036 3578 20.
