2546 3822
349 255 421 311 LIB.
434 255 493 312 XV.
512 254 590 308 OAP.
602 253 705 306 XVIII.
724 255 798 305 xlx.
980 253 1043 320 379

67 395 215 484 θέμενος
238 397 300 482 τῆς
324 402 538 485 συνωμοσίας
561 395 753 484 μετέχουσι,
778 400 936 464 πείθουσι
958 397 1043 485 τάχα

69 497 128 564 καὶ
145 494 272 565 ἀκοντα
289 494 350 584 την
370 491 557 587 ἀνάρρησιν
574 494 635 565 τάν
648 497 779 568 Λέοντα
797 496 967 578 δέξασθαι.
996 497 1041 580 ἀς
1139 541 1144 546 »

70 590 134 666 ούν
151 591 278 684 ἠγγέλη
296 603 404 666 ταύτα
421 604 468 691 τῷ
487 597 634 686 Μιχαήλ,
653 592 761 678 εύθύς
779 595 857 667 οὔτε
875 597 960 686 πρὸς
978 595 1043 666 ἀν·

69 697 305 768 τικατάστασιν
332 697 488 788 ὥρμησεν
506 697 586 768 οὔτε
601 703 661 786 τῆς
679 704 850 786 βασιλείας
868 693 1041 787 ἀντιποιή-

36 822 55 863 σ
70 809 195 869 σασδαι
214 801 424 888 ἐδοκίμασεν,
439 797 526 869 ἀλλά
539 799 579 868 τά
593 806 652 887 τῆς
670 804 840 886 βασιλείας
859 800 1041 890 παράσημα

65 903 116 992 τηί
133 900 254 971 Λέοντι
272 901 510 983 ἐξαπέστειλεν.
546 899 707 981 ἐλθόντος
725 898 758 969 δ’
784 904 916 970 ἐκείνου
934 909 983 982 είς
1000 899 1042 970 τδι

65 1007 239 1088 βασίλεια,
263 999 437 1090 δΜιχαηλ
461 999 530 1091 άμα
552 1007 594 1092 τῇ
618 1001 753 1095 σνζύγμ
777 1001 834 1070 καί
857 1016 928 1083 τοῖς
945 1004 1042 1073 παισὶ

65 1100 152 1191 πρδς
170 1101 231 1171 τδν
249 1104 287 1171 έν
302 1109 350 1194 τῷ
370 1102 473 1196 Φάρηι
491 1101 576 1172 ναδν
594 1103 702 1191 ίκέτης
722 1103 929 1192 είσέδραμεν.
954 1103 1040 1174 ἀπο-

69 1203 280 1283 σπασθέντες
298 1201 332 1272 δ’
353 1207 496 1289 ἐκεῖθεν,
515 1201 532 1273 ὁ
551 1203 614 1294 μὲν
632 1201 771 1292 Μιχαὴλ
789 1210 837 1285 είς
854 1204 917 1293 τὴν
935 1206 1076 1299 Πρύ-(ῖ

23 1329 51 1369 ιο
65 1329 130 1392 την
147 1306 330 1394 λεγομένην
348 1310 453 1392 νησον
470 1303 642 1392 ἀπάγεται,
661 1305 717 1372 καί
730 1304 877 1393 μοναχδς
890 1307 1040 1394 γεγονάς

66 1408 139 1476 ἐκεῖ
153 1411 307 1492 κατεβίω.
329 1404 390 1474 τδν
405 1405 443 1474 δέ
457 1411 562 1475 παῖδα
575 1405 698 1475 τούτου
711 1403 772 1475 τδν
788 1407 1040 1496 Θεοφύλακτον,

65 1503 105 1588 ὃς
122 1506 180 1574 καὶ
196 1503 425 1598 ἀναρρήσεως,
441 1503 487 1587 οδς
507 1508 855 1596 έφημεν,·κατηξίωτο,
873 1514 943 1577 τῶν
961 1534 1040 1577 παι-

64 1607 221 1693 δογόνων
239 1613 369 1696 μορίων
387 1605 543 1696 ἀφείλετο
557 1607 614 1676 καί
632 1605 700 1678 σύν
716 1611 759 1697 τῇ
777 1609 878 1698 μητρὶ
895 1609 951 1677 καὶ
969 1623 1040 1690 τοῖς

64 1706 228 1796 ἀδελφοῖς
245 1706 448 1799 ὑπερορίους
468 1711 613 1796 ἐποίησε.

63 1909 246 1998 λεύτησεν,
273 1886 449 1991 ἐνιαυτούς
472 1909 709 2031 βασιλεύσηιντι
735 1909 809 1979 δύο.
846 1877 922 1980 ὁδὲ
940 1813 1069 1982 Λέεον1

63 2017 115 2092 είς
145 2009 185 2080 τά
215 2017 369 2099 βασίλεια
401 2011 567 2081 είσελθάν
602 2005 667 2080 αύτ
670 2019 727 2080 ίκα
761 2011 1038 2102 έκδυσάμενος“
1018 2039 1036 2082 ο

1 2185 2 2188 ,
61 2113 250 2202 περιέκειτο
268 2111 377 2201 φάρος
393 2117 440 2205 τῷ
458 2113 594 2204 τραυλῷ
607 2110 746 2198 Μιχαὴλ
765 2114 956 2202 ἐνεχείρισε,
974 2111 1038 2181 κά-

61 2227 177 2294 κεῖνος
203 2209 312 2294 εὐθύς
335 2208 419 2282 αάτδ
451 2210 657 2302 ἀμφιάσατο,
689 2209 708 2280 δ
739 2220 874 2293 πολλοῖς
900 2227 1038 2301 σημεῖον

12 2339 47 2382 εο
63 2317 187 2402 ἐκρίθη
216 2320 338 2384 τοῦτον
360 2315 494 2403 μέλλειν
522 2320 660 2384 ἔσεσθαι
682 2317 730 2404 τῷ
750 2314 869 2382 Λέοντι
890 2318 949 2401 τῆς
972 2321 1037 2400 βα-

63 2422 191 2496 σιλείας
215 2415 383 2504 διάδοχον.
419 2413 460 2485 ού
486 2421 586 2485 τούτο
610 2414 649 2483 δέ
674 2413 781 2502 μόνον
804 2417 863 2502 τῆς
874 2405 1038 2502 ’διαδοχῆς
1085 2413 1088 2430 '

62 2515 276 2604 σημαντικὸν
295 2523 357 2586 τού
383 2513 528 2606 κράτους
554 2516 681 2604 συνέβη
705 2519 752 2607 τῷ
771 2515 925 2604 Μιχαήλ,
949 2513 1034 2584 ἀλλά
1048 2527 1073 2578 Ι)

61 2618 124 2687 καί
153 2616 295 2687 ὄπισθεν
329 2623 391 2687 τού
421 2617 567 2698 Λέοντος
603 2585 828 2706 πορευόμενος
849 2614 1082 2740 βασιλικην

63 2721 195 2806 ἐσθῆτα
213 2709 543 2808 μεταμφιασαμένον,
570 2716 607 2787 τὰ
625 2718 750 2805 ταύτης
768 2716 937 2840 πεηάτηκε
954 2717 1040 2807 κρά-

8 2845 44 2888 εσ
64 2825 208 2892 σπεδον·
236 2825 337 2890 τούτο
354 2821 475 2912 καίτοι
461 2815 674 2890 Λέοντι’
635 2845 699 2888 ουκ
717 2815 851 2904 ἀγαθόν
875 2817 1040 2905 οίεένισμα

62 2923 171 3004 ἔδοξε.
205 2920 333 3004 τούτοις
358 2921 397 2990 δὲ
424 2893 480 2990 aba
498 2917 626 3009 ἀμφοῖν
643 2949 664 3009 η
653 2917 835 3007 βασιλεία
852 2924 1039 3008 προείρητο.

60 3021 84 3092 ὁ
105 3020 171 3113 γάρ
190 3023 300 3094 άνωθι
318 3023 436 3113 ῥηθείς
449 3020 641 3112 Βαρδάνιος
659 3019 677 3090 δ
698 3018 882 3110 στρατηγὸς
899 3020 957 3087 καὶ
975 3045 1042 3088 ποι-

60 3128 192 3212 τρίκιος
210 3123 276 3212 πρὸ
300 3127 361 3193 τού
379 3127 558 3215 τυραννίδι
577 3123 866 3212 ἑπικεχειρηκέναι,
885 3121 1040 3210 στρέφων

62 3222 176 3312 αὐτὴν
193 3223 278 3294 κατά
294 3231 393 3312 νούν,
419 3234 467 3304 είς
486 3250 559 3292 τινα
583 3222 732 3311 μοναχδν
757 3226 794 3292 έν
820 3227 867 3315 τῷ
889 3230 1040 3309 Φιλομη-

3 3360 42 3402 εο
64 3331 132 3418 λίην
151 3324 363 3415 ἀσκούμενον
376 3326 434 3394 καλ
447 3325 624 3414 προλέγειν
641 3321 681 3392 τά
699 3323 865 3411 μέλλοντα
882 3321 1039 3392 πιστευό-

61 3453 172 3516 μενον
194 3423 373 3515 ἀπελδάν,
401 3429 519 3518 ἐκείνῳ
549 3423 587 3494 τὸ
619 3423 811 3514 ἀπόρρητον
837 3421 1042 3508 ἀνεκάλυψε,

63 3529 127 3596 καὶ
145 3536 177 3598 εί
193 3535 285 3600 ἔσται
298 3526 391 3622 αύτῷ
412 3526 556 3608 ἐπιτελὲς
570 3523 607 3596 ιδ
621 3524 795 3613 βούλευμα
817 3523 1041 3594 ἐπυνθάνετο.
