2566 3812
463 185 780 240 mss.1X.cAP.v111.
896 245 900 252 ,
1033 187 1096 251 273

124 351 243 406 κοντας
269 325 327 392 καὶ
350 321 439 412 μάλα
462 321 713 414 φιλάνθρωπος.
748 323 890 413 μάλιστα
916 324 948 395 δ’
970 323 1021 398 ὅτι
1038 331 1095 398 καὶ

1 497 2 503 ,
125 431 276 514 ἐθείασε,
300 421 471 515 προειπών
496 419 540 506 ὦς
559 428 596 495 ἐν
613 429 653 515 τῇ
677 429 745 497 τῶν
763 433 932 516 πολεμίων
956 449 1096 520 στρατο-

123 527 338 615 πεδεύσοιτο,
363 523 485 608 πάντες
503 530 625 614 ἐτίμων
642 525 761 598 αὐτόν·
788 534 824 598 οί
846 525 879 598 δ’
889 525 1020 621 Ἴβηρες
1037 533 1196 611 καίνιιςι

126 630 261 718 βασιλέα
279 630 387 717 μέγαν
405 623 584 716 ὠνόμαζον.

101 757 114 797 5
196 728 233 801 ‘O
249 728 282 800 δ’
301 725 507 818 Ἀσδρούβας
524 727 711 810 ἀπελπίσας
727 729 790 819 τὴν
803 727 952 820 Ἰβηρίαν
969 729 1095 824 ἀπᾶραι

127 831 208 921 πρὸς
224 829 284 920 τήν
304 830 448 901 Ἰταλίαν
466 827 632 919 ἐβούλετο.
675 832 731 900 καὶ
751 835 788 902 ἐν
805 836 853 925 τῷ
876 837 1013 922 χειμῶνι
1036 857 1095 905 συ·

125 930 372 1022 σκευασάμενος
385 929 403 1002 ὅ
416 932 479 1022 μὲν
493 927 643 1023 ύρμητο,
658 935 693 1002 οί
705 933 741 1003 δὲ
755 932 978 1023 συστράτηγοι
992 933 1095 1006 αύτού

123 1033 205 1105 κατά
223 1031 338 1126 χώραν
354 1040 529 1123 μείναντες
547 1029 709 1122 ἀσχολίαν
725 1039 771 1128 τῷ
789 1043 958 1106 Σκιπίωνι
976 1053 1095 1127 παρεί-

123 1165 200 1224 χον,
232 1133 319 1206 ὥστε
341 1133 387 1225 μή
410 1135 471 1206 τὸν
489 1133 701 1226 Ἀσδρούβαν
725 1140 895 1220 ἐπιδιῶξαι
918 1135 1000 1226 μήτε
1024 1156 1095 1220 τοῖς

86 1263 110 1303 το
124 1243 161 1308 ἐν
190 1244 232 1328 τῇ
260 1233 384 1329 Ἰταλίᾳ
407 1234 579 1326 Ῥωμαίοις
612 1241 828 1326 ἐπικουφίσαι
858 1235 917 1308 τὸν
947 1237 1094 1330 πόλεμον

122 1341 292 1432 γενομένῳ
318 1342 402 1426 ἐκεῖ,
427 1333 449 1427 ή
473 1335 555 1428 πρός
579 1336 641 1426 τήν
659 1338 862 1428 Καρχηδόνα
887 1341 1038 1411 πλεῦσαι.
1075 1340 1093 1411 ὁ

123 1441 161 1510 δέ
179 1447 335 1512 Σκιπίων
352 1439 411 1510 τὸν
427 1440 490 1530 μὶν
503 1437 714 1529 Ἀσδρούβαν
732 1437 794 1510 ούκ
814 1443 989 1532 ἐπεδίωξε,
1011 1444 1093 1532 πίμ-

122 1559 189 1624 ιγας
214 1543 251 1611 δέ
276 1539 528 1632 δρομοκήρυκας
552 1539 614 1628 τήν
638 1540 807 1631 πρόσοδον
830 1541 935 1612 αὐτοῦ
963 1561 1032 1626 τοῖς
1057 1547 1094 1615 ἐν

121 1647 162 1734 τῇ
176 1637 283 1734 Ῥύμῃ
309 1641 354 1712 δι’
376 1641 489 1713 αύταῖν
506 1641 750 1733 προεκήρυξεν,
778 1642 877 1726 αύτός
902 1645 941 1714 δὲ
964 1648 1033 1716 τοῖν
1057 1649 1094 1716 ἐν

83 1769 109 1810 15
122 1747 239 1835 χερσὶν
257 1755 371 1834 εἴχετο.
402 1746 459 1814 καὶ
476 1739 567 1834 ὁρῶν
580 1742 659 1826 τούς
677 1749 851 1828 ἐναντίους
868 1751 1018 1838 πολλαχῇ
1036 1753 1093 1838 τῆς

120 1845 232 1937 χώρας
249 1843 367 1934 ὄντας,
393 1849 514 1916 ἐδεδίει
532 1845 577 1936 μή
601 1869 690 1918 τισιν
708 1843 820 1918 αύτύν
838 1853 1020 1940 προσμίξας
1046 1857 1125 1932 είςΒ

124 1953 163 2016 ἓν
197 1945 348 2028 ἅπαντας
383 1945 558 2040 συναγάγη
600 1945 755 2036 ἀλλήλοις
797 1947 1091 2039 ἐπικουρήσοντας.

123 2043 225 2130 αύτὸς
242 2050 304 2139 μὲν
322 2037 384 2120 σύν
402 2047 622 2140 ἐστράτευσεν
637 2046 689 2118 ἐπ’
708 2045 917 2139 Ἀσδρούβαν
934 2049 994 2120 τὸν
1012 2059 1095 2122 Γίσ-

120 2178 247 2240 γωνος,
278 2150 429 2220 Σιλανὸν
460 2151 497 2220 δέ
528 2153 560 2232 ἐς
590 2155 816 2239 Κελτιβηρίαν
845 2153 899 2219 ἐπὶ
924 2149 1093 2239 Μάγωνα,

79 2275 107 2316 2⁰
121 2255 179 2324 καί
197 2249 346 2324 Λούκιον
364 2259 540 2322 Σκιπίωνα
557 2251 617 2322 τὸν
643 2248 794 2340 ἀδελφὸν
818 2255 851 2331 ἐς
869 2258 1094 2322 Βαστιτανίαν

120 2363 279 2442 ἔπεμψεν.
327 2347 364 2433 ὃς
389 2358 521 2444 ἐκείνην
544 2381 580 2424 τε
605 2353 917 2447 πολίμῳ·ιιατέσχε,
948 2355 1004 2424 καὶ
1034 2350 1093 2424 τὸν

121 2454 278 2542 Μάγωνα
297 2458 448 2543 ἐνίκησε,
473 2457 529 2524 καὶ
546 2451 816 2549 φεύγοντιαύτῷ
841 2454 924 2547 πρὸς
941 2452 1000 2527 τὸν
1019 2455 1093 2528 Ἀσ-

119 2554 274 2648 δρούβαν
300 2553 577 2645 ἐπακολουθήσας
598 2545 684 2645 ήλθε
715 2555 797 2648 πρὸς
820 2555 878 2629 τὸν
901 2565 1091 2647 Σκιπίωνα,

116 2658 221 2748 μήπω
238 2658 347 2747 μηδὲν
364 2659 666 2748 διαπεπραγμένον.

75 2781 103 2822 2⁵
188 2756 377 2830 Ἐλθόντων
389 2751 453 2830 οὖν
465 2765 527 2832 τού
539 2786 576 2828 τε
589 2756 759 2848 Μάγωνος
773 2757 855 2850 πρὸς
868 2757 926 2831 τὸν
936 2755 1093 2851 Ἀσδρού·

117 2867 188 2948 βαν
213 2861 270 2930 καὶ
296 2867 355 2931 τοῦ
381 2868 529 2932 Λουκίου
555 2859 638 2952 πρὸς
663 2859 724 2930 τὸυ
748 2856 898 2949 ἀδελφὸν
926 2860 986 2932 τὸν
1012 2871 1093 2931 Σκι-

116 2970 251 3050 πίωνα,
269 2962 309 3032 τά
326 2962 390 3052 μὲν
402 2965 518 3054 πρώτα
535 2965 581 3055 τῷ
601 2965 728 3055 ἱππικῷ
745 2966 967 3042 καταθέοντες
987 2967 1035 3042 είς
1052 2960 1093 3030 τά

116 3069 223 3134 πεδία
235 3061 447 3153 διεμάχοντο,
467 3062 537 3134 εἶτα
555 3066 612 3133 καὶ
624 3059 691 3156 ὅλῳ
705 3069 751 3156 τῷ
764 3062 985 3153 στρατεύματι
997 3057 1197 3178 &vu-3311&

116 3163 388 3254 παρετάσσοντο,
406 3162 447 3236 οὐ
460 3165 527 3256 μὴν
540 3168 596 3234 καὶ
611 3163 777 3254 ἐμάχοντο.
811 3165 868 3233 καὶ
882 3165 936 3234 ἐπὶ
950 3171 1087 3247 πλείους

70 3288 102 3328 ³0
116 3261 245 3355 ἡμέρας
262 3271 361 3338 τοῦτο
387 3269 529 3355 ἐγίνετο·
557 3268 727 3356 συμβολῆς
747 3267 788 3336 δέ
809 3291 888 3336 ποτε
911 3270 1093 3356 γενομένης

117 3372 208 3437 οἵτε
234 3366 400 3458 σύμμαχοι
424 3373 492 3439 των
510 3373 755 3458 Καρχηδονίων
778 3370 833 3437 καὶ
857 3365 953 3438 αὐτοὶ
972 3371 1093 3438 ἐκείνοι

119 3466 336 3558 ἡττήθησαν,
354 3472 411 3540 καί
428 3469 465 3540 τύ
480 3478 587 3561 ἔρυμα
601 3467 714 3539 αὐτῶν
731 3466 821 3562 παρά
838 3473 907 3540 τῶν
919 3467 1092 3558 Ῥωμαίων

175 3598 300 3634 somn
317 3601 352 3637 11.
901 3579 941 3643 18
