2566 3812
462 175 534 226 mn.
547 175 622 227 vm.
641 174 720 226 οεε.
733 175 808 227 xlv.
1057 171 1120 237 213

153 317 186 398 ἐξ
200 310 354 404 άπειρίας
367 319 435 385 τῶν
446 317 614 386 ναυτικῶν
632 313 852 403 βλάπτεσθαι,
871 317 928 402 τῆς
945 312 1007 402 ’μέν
1019 309 1121 404 άλλης

151 413 328 504 θαλάσσης
351 410 535 505 ἀπέχεσθαι
561 419 785 506 ἐψηφίσαντο,
808 416 910 486 ναυσὶ
936 412 967 484 δ’
994 410 1122 503 ὀλίγαις

151 547 215 608 την
229 514 374 588 Ἰταλίαν
391 533 564 608 φρουρεῖν

235 621 292 714 Τῷ
322 613 357 689 δ’
390 618 657 713 Ἡπιγενομένφ
645 626 710 690 ε’τει
734 614 905 700 Πούπλιος
935 613 1036 699 Γάιος
1065 619 1123 686 καλ

129 689 325 812 εΑὖρήλιος
349 727 548 810 Σερουίλιος
574 723 607 802 ἐς
630 717 693 809 την
717 725 878 790 Σικελίαν
908 709 1036 808 ἦλθον,
1067 719 1123 789 καὶ

157 817 242 892 άλλα
259 825 294 892 τέ
314 849 391 892 τινα
413 822 679 945 κατεστρέψαντο
701 815 785 890 καὶ
781 823 924 946 Ιμέραν·
947 848 987 890 ου
977 816 1124 910 ’μέντοι

154 922 231 994 τινά
256 923 422 1012 συνέσχον
445 927 513 994 τῶν
538 918 633 993 ἐν’
592 925 692 1014 αντη
717 921 835 1005 νυκτὸς
859 921 924 1013 γάρ
949 918 1074 1003 αάτοάς
1091 926 1127 991 οί

153 1022 383 1115 Καρχηδόνιοι
409 1022 612 1114 ἐξεκόμισαν.
661 1019 744 1114 μετά
768 1022 805 1093 δέ
832 1027 930 1096 τοῦτο
954 1019 1157 1114 ΑὐρήλιοςΒ

152 1133 239 1208 ναῦς
262 1154 299 1196 τε
322 1123 412 1216 παρά
439 1121 586 1216 Ἱέρωνος
610 1123 756 1216 είληφάς
780 1126 836 1194 καὶ
857 1121 929 1196 ὅσοι
955 1131 1024 1196 τάν
1049 1118 1125 1196 ‘Pm-

114 1262 141 1302 ιο
154 1233 267 1319 μαίων
284 1216 371 1314 ἦσαν
390 1229 460 1300 ἐκεῖ
477 1226 752 1318 συμπαραλαβών
769 1233 932 1296 ἔπλευσεν
951 1233 998 1308 είς
1018 1222 1125 1296 Λιπά-

154 1349 237 1421 ραν,
262 1330 318 1400 καλ
339 1331 375 1400 έν
393 1326 479 1419 αὐτῇ
501 1336 675 1420 χιλίαρχον
693 1330 842 1400 Κόιντον
859 1325 1010 1398 Κάσσιον
1027 1353 1125 1396 κατα-

153 1429 264 1502 λιπών
288 1429 580 1521 προσεδρεόσοντα
601 1428 707 1521 μάχης
724 1427 825 1518 άνευ,
850 1425 981 1520 ἀπῆρεν
999 1433 1122 1498 οἶκαδε.

155 1530 305 1614 Κόιντος
330 1531 368 1602 δέ
391 1529 437 1621 μὴ
455 1539 637 1622 φροντίσας
662 1537 719 1622 τῆς
738 1533 872 1619 ἐντολῆς
890 1532 1066 1622 προσέμιξε
1082 1533 1125 1619 τῇ

154 1633 252 1704 πόλει
266 1635 321 1704 καὶ
339 1632 483 1714 πολλοὺς
496 1631 673 1722 ἀπέβαλεν.
698 1631 716 1704 ὁ
734 1635 846 1724 μέντοι
861 1627 1029 1724 Αὐρήλιος
1042 1628 1124 1722 μετά

115 1765 146 1806 ιε
156 1739 263 1806 ταντα
282 1737 431 1817 ἐκείνους
450 1733 538 1806 ἑλόν
557 1733 682 1818 πάντας
701 1734 875 1808 ἀπέκτεινε
888 1735 945 1806 καὶ
962 1733 1021 1804 τὸν
1033 1731 1125 1804 Κάσ-

155 1857 230 1908 σιον
248 1841 306 1924 τῆς
324 1833 427 1926 άρχης
446 1843 582 1908 ἔπαυσε.

129 1967 132 1972 ·
232 1935 459 2058 Καρχηδόνιοι
484 1938 522 2008 δὲ
545 1935 585 2008 τά
611 1935 751 2020 δόξαντα
772 1953 841 2019 τοῖς
859 1934 1030 2026 Ῥωμαίοις
1047 1937 1224 2023 περλλλΉσῙ

159 2041 220 2106 τοῦ
231 2067 393 2110 ναυτικου
378 2037 585 2129 μαθόντες,
600 2046 753 2127 ἔπεμψαν
768 2066 783 2106 ε
785 2045 998 2125 ίςΣικελίαν,
1012 2044 1125 2109 πᾶσαν

154 2136 373 2224 δποτάξαι’
335 2167 410 2210 ποτε
429 2143 505 2212 έλπί
504 2164 631 2220 σαντες.
668 2139 762 2209 καλ”
742 2166 802 2218 εως
823 2135 924 2236 μδν”
903 2165 1003 2260 αμφω
1017 2161 1123 2259 παρη

118 2271 147 2312 εο
160 2265 227 2312 σαν
250 2247 286 2312 οι
304 2238 427 2314 ὕπατοι
444 2250 618 2324 Καικίλιος
642 2242 812 2322 Μέτελλος
836 2231 892 2308 καὶ
909 2235 1010 2320 Γάιος
1034 2235 1123 2308 Φου-

155 2371 240 2434 ριος,
270 2339 432 2436 ἠρέμουν
464 2341 509 2426 άς
539 2345 576 2415 δε
599 2342 683 2434 πρὸς
712 2341 775 2432 τὴν
791 2337 920 2430 Ράμην
949 2337 1080 2431 άπῆρεν
1102 2334 1155 2410 60

157 2441 321 2534 Φούριος,
348 2443 605 2536 κατεφρόνησαν
628 2473 688 2516 νου
677 2445 882 2516 Μετέλλου
906 2443 962 2513 καλ
989 2441 1070 2534 πρδς
1088 2441 1124 2512 τὸ

154 2543 339 2637 Πάνορμον
357 2537 475 2636 ἦλθον.
501 2545 519 2617 ὁ
538 2547 575 2616 δέ
583 2547 753 2628 Μέτελλος
767 2542 997 2625 κατασκόπους
1011 2547 1126 2616 ἐλθεῖν

155 2646 280 2736 μαθὼν
298 2651 334 2720 ἐκ
357 2655 426 2720 τάν
444 2655 632 2738 πολεμίων,
656 2645 798 2738 ἤθροισε
815 2643 893 2729 τούς
917 2650 954 2718 έν
970 2649 1011 2736 τῇ
1029 2646 1126 2716 πόλει

113 2776 141 2817 εε
154 2746 303 2839 πάντας,
336 2752 393 2820 καὶ
423 2751 612 2840 διαλεχθεὶς
642 2745 754 2830 αὐτοῖς
778 2744 933 2836 άλλήλοον
959 2749 1125 2834 λαβέσθαι

155 2857 275 2939 σφίσιν
292 2853 463 2924 ἐκέλευσεν·
481 2853 537 2922 καὶ
555 2848 661 2934 οὕτως
675 2853 815 2922 ἕκαστον
828 2845 1022 2940 άνακρίνοον
1035 2844 1125 2928 ὅστις

154 2979 192 3023 τε
211 2963 263 3042 ελη
280 2947 373 3024 καὶ“
354 2981 417 3041 ο,τι
435 2951 585 3045 πράττοι,
605 2949 821 3076 κατεφώρασε
838 2948 918 3030 τούς
935 2953 1123 3037 πολεμίους.

154 3051 384 3146 Καρχηδόνιοι
420 3055 456 3126 δέ
486 3050 758 3148 παρετάξαντο’
735 3081 780 3134 ως
814 3047 1033 3141 μαχούμενοι,
1068 3051 1125 3119 καλ

154 3158 329 3238 Μέτελλος
344 3159 492 3227 δεδιέναι
505 3157 746 3249 προσεποιεῖτο.
777 3181 898 3224 τουτου
912 3147 945 3220 δ
962 3152 1016 3222 ἐπὶ
1029 3157 1126 3223 πλεί-

154 3319 361 3332 m

226 3417 409 3482 δΠοάπλιος
432 3413 521 3482 Γάιος
544 3421 594 3474 καλ
613 3413 755 3489 Αὐρήλιος
779 3422 885 3487 Σερουι
875 3415 961 3486 ι’λιος]
987 3408 1129 3483 Αὐρήλιος

159 3481 253 3550 Γάιος
272 3487 322 3542 καλ
341 3489 513 3556 Σερουίλιος
530 3441 691 3550 Πούπλιοςη
696 3496 771 3542 recte
789 3507 816 3556 p.
836 3489 895 3550 219,
916 3489 939 3540 1.
