2580 3816
440 155 511 205 Lm.
529 153 606 206 xm.
625 155 703 206 υεε.
723 155 825 206 xvm.
1048 153 1110 217 227

143 293 370 383 ἐδολοφόνησε
394 292 454 364 τόν
481 295 677 384 Γρατιανόν.
727 293 788 364 εἰτ’
822 287 923 375 αὖθις
947 292 1111 382 Εύνένιος

143 397 307 483 ἐπανέστη
325 391 408 465 κατά
425 401 488 465 τού
505 397 585 466 νέου
604 395 890 467 Οὐαλεντινιανοῦ
908 397 965 464 καὶ
982 425 1110 485 τυραν-

141 503 212 567 νίδι
232 498 380 566 ἐπέθετο.
415 499 580 586 φοβηθεὶς
599 491 665 568 οόν
682 495 1110 589 Θύαλεντιυιανδςάνχόυη

140 603 203 668 τοῦ
225 605 304 686 βίον
324 597 446 670 ἑαυτόν
469 595 668 687 ὑπεξήγαγε.
704 599 760 669 καὶ
778 597 900 688 μαθιδν
916 598 979 686 τήν
998 597 1110 686 Εὐμε-

1 773 3 778 2
114 705 433 790 ενίουτυραννίδα
465 700 645 782 Θεοδόσιος
676 700 909 790 ἐξεστράτευσε
939 699 1012 770 κατ’
1046 696 1108 770 αύ-

139 808 213 872 τοῦ.
247 802 304 870 καὶ
330 808 378 882 εἰς
397 809 650 891 Θεσσαλονίκην
675 801 789 872 ἐλθόν
812 800 894 891 μετά
915 807 977 871 τού
1004 822 1106 892 στρα-
1119 817 1144 866 D

139 903 315 992 τεύματος,
334 905 461 984 ἐκεῖνος
478 903 542 992 μὲν
558 897 711 994 ὑβρίσθη
729 901 798 973 ὑπὸ
816 909 886 973 τοῖν
905 912 1110 974 Θεσσαλονι-

139 1008 244 1092 κέων,
276 1002 294 1074 ὁ
325 1004 364 1074 δέ
394 1011 538 1096 ἔπαρχος
564 1005 754 1094 ἐφονεύθη,
786 1005 1026 1085 στασιάσαντος
1049 1010 1111 1075 τοῦ

141 1106 251 1196 δήμου
276 1104 320 1175 δι’
348 1111 456 1186 αἰτίας
480 1106 582 1188 τινάς.
618 1106 693 1176 τότε
719 1107 781 1197 μὲν
805 1099 870 1176 οὖν
898 1108 954 1175 ἐπὶ
978 1112 1021 1197 τή
1039 1112 1111 1176 τοῦ

1 1250 2 1253 ¹
103 1237 128 1278 ιο
141 1213 227 1278 λαοῦ
251 1206 379 1295 κινήσει
402 1210 518 1290 ἔδοξεν
535 1206 770 1291 άνεξικακήσαι
787 1205 805 1278 ό
824 1208 996 1302 βασιλεύς·
1028 1206 1111 1296 μετά

142 1309 182 1379 δὲ
211 1315 318 1378 ταῦτα
351 1305 488 1379 ἰππικδν
519 1307 637 1397 ἀγῶνα
667 1309 825 1399 ἐκήρυξε,
856 1311 999 1379 καὶτοῦ
1026 1315 1112 1380 λαοῦ

141 1409 385 1500 ἀθροισθέντος
404 1411 460 1480 ἐπὶ
477 1409 515 1480 τδ
533 1413 680 1502 θέατρον
703 1412 919 1500 περιέστησεν
937 1409 1053 1491 αὐτοῖς
1070 1409 1111 1478 τά

141 1511 382 1603 στρατεύματα,
400 1513 457 1580 καί
470 1512 713 1596 κατετόξευσαν
729 1511 789 1582 τδν
808 1517 917 1601 δήμου
934 1513 991 1580 καὶ
1008 1537 1111 1599 κατη·

140 1613 310 1700 κόντισαν,
325 1608 411 1682 οἷστε
426 1623 550 1683 θανεῖν
568 1617 603 1696 ἐξ
621 1609 737 1684 αύτοὸν
755 1612 832 1703 άχρι
847 1619 918 1683 τῶν
934 1619 1111 1682 πεντεκαί-

103 1743 128 1784 ιε
141 1719 222 1786 δεκα
252 1713 424 1804 χιλιάδων.
470 1715 528 1783 καὶ
558 1712 667 1796 οὕτως
693 1715 861 1804 ἐκπλήσας
888 1713 906 1784 ὁ
932 1714 1111 1795 Θεοδόσιος

139 1815 201 1887 τόν
217 1816 349 1905 θυμόν,
376 1818 511 1886 ἐκεῖθεν
537 1813 668 1906 ἀπάρας
688 1822 735 1898 εἰς
751 1815 815 1905 τήν
833 1815 931 1886 πόλιν
947 1821 1016 1886 τῶν
1035 1826 1110 1886 Με-

142 1917 310 1988 διολάνων
328 1915 477 2007 άφίκετο.
506 1914 593 1987 ὅπου
611 1918 669 1986 καὶ
692 1913 843 2006 ήλέγχθη
861 1917 953 2008 παρά
970 1921 1031 1987 τοῦ
1049 1945 1111 2006 με·

139 2019 247 2107 φάλον
269 2017 431 2108 Ἀμβροσί
429 2045 471 2087 ου
495 2045 552 2086 και
577 2024 747 2088 εἰσελθεῖν
772 2025 820 2098 εἰς
843 2015 906 2106 τήν
933 2022 1112 2142 έκκλησίριν

140 2119 182 2192 οὐ,
199 2119 444 2246 σρνκεχόρητο.
475 2116 589 2188 καῖ’
550 2146 591 2188 ου
610 2119 774 2208 πρότερον
793 2117 979 2242 ἐφήκεν’
935 2123 1028 2210 αυτῷ
1047 2119 1145 2248 τήνΔ
1118 2131 1213 2182 P1135

2 2265 3 2268 =
101 2228 173 2292 εοεί
173 2250 189 2303 ς
206 2221 244 2292 τό
261 2232 320 2291 θεῖ
307 2237 360 2341 ῖρν
376 2222 521 2310 θέμενος
536 2225 682 2345 εῖσοδομ,
699 2218 791 2308 εἰμή
810 2219 961 2310 νόμον
936 2225 1033 2288 ἔθετο
1050 2199 1145 2301 τάςΔ

140 2323 277 2412 ψήφους
294 2319 354 2404 τάς
372 2321 512 2411 φονικάς
530 2321 576 2410 μή
594 2319 761 2412 ’πρότερον
775 2317 907 2408 ἐκβιβάζ
891 2305 1015 2408 ζεσθαι,
1028 2321 1111 2411 πρὶν

141 2423 184 2494 ἂν
209 2426 414 2515 παρέλθοιεν
438 2421 520 2513 μετὰ
544 2422 607 2512 τήν
631 2430 758 2512 ψῆφον
778 2421 900 2513 ἡμέραι
924 2421 1111 2513 τριάκοντα.

139 2531 240 2596 τοῦτο
258 2523 292 2594 δ’
314 2528 449 2613 ἐποίησε
467 2523 524 2594 διά
540 2523 579 2594 τδ
597 2530 661 2594 τού
678 2527 840 2613 βασιλέως
853 2523 1043 2616 ὀξύρροπον
1063 2531 1111 2606 εἰς

61 2623 64 2628 ’
139 2625 267 2717 θυμόν,
275 2631 332 2696 ἵνα
348 2625 400 2696 διά
413 2631 483 2696 τῶν
495 2625 673 2717 τριάκοντα
687 2624 823 2716 ήμεροὸν
839 2633 902 2696 τού
915 2633 1032 2716 θυμοῦ
1047 2653 1110 2696 κα-

101 2757 127 2798 εε
140 2729 454 2820 ταστορεννυμένου
476 2725 616 2808 ἀπαθῶς
642 2730 875 2816 ἐπισκέπτηται
898 2727 957 2808 τάς
975 2727 1111 2816 ψήφους

139 2831 198 2900 καὶ
220 2830 281 2911 τάς
298 2830 363 2919 μὲν
382 2829 543 2918 ἐννόμους
560 2844 672 2918 κυροῖ,
690 2833 760 2898 τοῖν
778 2829 817 2897 δὲ
835 2823 880 2896 δι’
902 2826 1009 2917 ὀργήν
1029 2839 1110 2910 ῖσως

140 2929 416 3022 ἐψηφισμένων’
397 2937 520 3021 αργίαν
537 2937 811 3035 καταψηφίζηται,
837 2955 885 3020 τφ
871 2929 941 2998 δέ
953 2927 1111 3021 τυράννῳ

139 3031 297 3156 Εόγενίφ
316 3035 483 3121 συμμίξας
502 3033 629 3112 ἐντοῖς
648 3037 756 3101 Γαλλί
754 3058 805 3110 αις
824 3059 842 3101 ο
831 3028 1042 3109 Θεοδόσιος
1060 3057 1112 3098 νι-

139 3141 183 3228 κᾷ
200 3130 305 3204 αύτόν
322 3134 377 3202 καὶ
397 3131 626 3221 συλλαμβάνει
643 3133 701 3201 καὶ
719 3129 860 3221 άναιρεῖ.
892 3123 992 3211 οὗτος
1010 3159 1029 3200 ο
1018 3129 1111 3217 ’βα-

99 3263 127 3304 ω
141 3234 257 3316 σιλεδς
282 3235 466 3304 ἰδιωτεύων
492 3232 560 3322 εἶχε
582 3249 729 3321 γυναῖκα
754 3228 877 3321 εύσεβή
899 3260 936 3302 τε
960 3233 1017 3301 καὶ
1042 3232 1110 3300 σύ-

140 3365 252 3428 φρονα
275 3337 333 3406 καὶ
356 3335 569 3424 φιλόπτωχον
593 3335 655 3424 τήν
674 3342 884 3422 Πλακίλλαν,
908 3327 982 3417 ἐξ
959 3362 1000 3423 ης
1018 3332 1111 3428 αύτφ

142 3437 375 3528 ἐγεννήθησαν
387 3435 546 3528 Ὀνιόριος
565 3437 622 3508 καὶ
632 3436 822 3529 Ἀρκάδιος·
843 3434 886 3526 ἣν
904 3437 957 3506 καὶ
970 3434 1111 3524 Αύγού·

846 3547 911 3614 15*
