2566 3800
340 204 855 260 L13.x11.css.xxx11.xxx111.
1028 203 1089 268 165

120 343 272 433 εὐσεβῶν
299 351 540 433 πανωλεθρίαν
569 350 837 434 κατεψηφίσατο,
862 346 918 414 καὶ
941 342 1000 426 τάς
1022 343 1090 416 ὐπ-

119 445 228 536 άρξεις
247 442 362 515 αὐτῶν
387 443 593 535 δημεύεσθαι
617 441 832 534 ἀπεφήνατο,
856 441 957 517 οὐδὲν
975 450 1090 536 ἕτερον

120 563 190 630 τοῖς
209 543 371 628 ἀναιτίοις
389 544 591 638 προσάπτων
608 553 744 637 αἰτίαμα
761 542 783 636 ή
800 544 861 637 τήν
878 555 1091 634 θεογνωσίαν

120 649 178 720 καλ
196 646 258 739 τήν
275 655 388 720 πίστιν
405 645 467 738 τήν
485 655 533 730 είς
551 647 706 740 Χριστόν.

95 772 109 812 ⁵
200 751 386 834 Μαξέντιος
419 747 449 819 δ’
481 753 518 821 ἐν
543 743 649 842 Ῥῶμη
679 747 784 822 οὐδέν
812 778 844 821 τι
874 747 1139 841 μετριῶτερος33

1 913 2 916 ,
117 850 282 942 τύραννος
300 866 369 934 τοϊς
384 847 545 940 ὑπηκόοις
563 851 744 941 ἐτύγχανεν
762 851 823 943 ῶν,
850 847 927 922 ἀλλ’
948 847 1002 922 ἐπ’
1014 861 1088 940 ίσης

118 957 166 1046 τῷ
183 957 363 1046 Μαξιμίνφ
381 957 491 1024 διεῖπε
508 951 550 1022 τά
566 957 624 1042 τῆς
642 950 762 1044 ἀρχής,
787 958 917 1025 λυττῶν
934 950 1088 1036 κάκεῖνος

1 1126 2 1131 ,
119 1052 202 1124 κατά
219 1055 287 1124 τῶν
303 1051 370 1124 ὐπὸ
388 1069 484 1146 χεῖρα
501 1059 722 1145 χριστιανῶν,
746 1057 803 1126 καὶ
826 1055 946 1135 πάσαις
964 1051 1086 1136 αὐτούς

118 1154 259 1245 ὑπάγων
276 1153 453 1244 κακῶσεσι,
471 1157 527 1226 καὶ
545 1154 627 1247 πρὸς
644 1153 771 1239 πάντας
790 1157 828 1228 δὲ
844 1153 922 1237 τούς
940 1151 1002 1226 ὐπ’
1023 1153 1086 1226 αὐ-

77 1281 104 1322 ιο
118 1255 176 1328 τόν
193 1253 373 1345 πικρότατα
389 1262 608 1346 διακείμενος.
644 1255 776 1348 σφαγάς
799 1286 837 1328 τε
860 1255 925 1346 γάρ
949 1259 1120 1331 πολλῶνΙ)

118 1362 316 1449 περιφανῶν
333 1357 470 1449 ἀνδρῶν
495 1362 528 1442 ἐξ
548 1357 707 1449 οὐδεμιᾶς
726 1363 862 1431 ἐνδίκου
893 1365 989 1447 δίκης
1023 1361 1039 1428 ἐ
1058 1365 1090 1428 ί-

118 1472 217 1548 θετο,
240 1460 296 1530 καὶ
304 1466 453 1550 μοιχείας
462 1454 622 1552 ὁσημέραι
634 1457 782 1551 εὐγενῶν
800 1458 919 1550 ἐτόλμα
938 1464 1090 1551 γυναίων

120 1563 177 1632 καὶ
194 1561 377 1651 παρθένων
395 1559 542 1653 φθοράς,
561 1565 746 1652 ἐνυβρίζων
763 1560 881 1645 αὐταῖς
894 1559 1089 1632 ἀναιδίστα·

1 1705 2 1708 ¹
117 1692 175 1751 τα,
200 1663 256 1732 καλ
280 1659 408 1732 οὐσιῶν
431 1661 626 1753 ἀφαιρέσεις
644 1662 782 1748 ἀδίκους
799 1681 869 1745 τοῖς
888 1661 1089 1753 εὐποροῦσιν

76 1787 103 1828 15
118 1767 231 1854 ἐπῆγε,
250 1765 306 1833 καὶ
323 1778 455 1846 καιναῖς
475 1763 665 1855 είσπράξεσι
682 1767 739 1836 καὶ
756 1771 907 1856 βαρείαις
926 1768 1032 1848 ἐπίεζε
1049 1759 1086 1832 τό

118 1862 279 1955 ὑπήκοον.

195 1955 301 2047 Οότος
326 1968 363 2036 ἐν
384 1963 492 2058 Ῥῶμη
523 1965 762 2056 εὐγενεστάτης
792 1967 881 2047 τινὸς
911 1963 1084 2055 γυναικός,

3 2145 4 2150 1
115 2064 202 2136 ἀλλά
222 2069 335 2156 μέντοι
358 2068 414 2138 ιιαλ
438 2065 613 2159 σῶφρονος
637 2067 737 2158 ἀνδρί
768 2065 917 2154 συζῶσης
945 2073 1013 2137 τῶν
1045 2070 1082 2136 ἐν

111 2163 220 2259 Ῥῶμη
239 2171 417 2258 ἐπιφανῶν
435 2172 591 2260 ἐρασθεὶς
609 2165 795 2240 ἀκόλαστον
812 2175 937 2257 ἔρωτα,
964 2174 1090 2237 ἔστειλε

77 2293 105 2334 ²⁰
118 2269 197 2353 τούς
220 2268 425 2342 τὰτοιαῦτα
448 2273 730 2360 διακονονμένους
761 2267 851 2364 αὐτῷ
881 2267 919 2338 τό
951 2264 1092 2356 γύναιον

123 2368 272 2454 ἄξοντας.
294 2370 339 2455 ῶς
359 2369 392 2441 δ’
413 2377 521 2446 ἐκεῖνο
539 2371 736 2454 ἐπιστάντος
753 2375 800 2465 τῶ
818 2381 899 2464 οίκφ
917 2367 995 2452 τούς
1010 2371 1091 2458 προ-

118 2471 281 2570 αγωγούς
299 2478 404 2562 ἔγνω,
431 2477 487 2546 καὶ
504 2474 567 2564 τήν
581 2480 692 2548 αἰτίαν
709 2477 767 2563 τής
785 2468 897 2543 αὐτῶν
916 2474 1093 2560 ἐπιδημίας

125 2571 340 2663 ἐμεμαθήκει,
357 2579 414 2646 καὶ
431 2574 658 2668 ἀπαραίτητον
674 2573 736 2665 τήν
752 2571 835 2664 πρὸς
852 2573 911 2645 τόν
923 2571 1092 2665 τύραννον

118 2673 299 2746 ἀπέλευσιν
317 2673 454 2766 ᾔσθετο,
472 2673 490 2748 ὁ
508 2676 572 2769 γάρ
590 2674 676 2767 ἀνήρ
694 2673 795 2766 αὐτῆς
820 2675 916 2769 φόβφ
941 2678 1003 2746 τοῦ
1023 2687 1194 2758 &oc-pm

76 2799 106 2840 τε
120 2792 196 2847 νεῖν
215 2773 442 2865 ὑποπτήσσων
459 2788 579 2869 λαβεῖν
596 2777 658 2867 τήν
674 2793 820 2867 γυναῖκα
845 2780 901 2847 καὶ
918 2774 1013 2864 ἀγειν
1032 2778 1092 2846 ἐπ-

119 2879 271 2966 ἐτρεπεν,
293 2878 460 2972 ἑτέρωθεν
479 2877 511 2951 δ’
528 2876 591 2952 οὐκ
606 2870 649 2968 ήν
663 2875 748 2968 αὐτή
761 2875 981 2967 ἐπικοόρημα,
999 2873 1092 2968 άραν

118 2975 204 3070 αὐτῇ
222 2987 385 3069 βραχεῖαν
411 2986 572 3055 ἐνδούναι
595 2978 757 3072 ᾐτήσατο,
781 2973 829 3049 ἵν’
850 2979 1091 3066 ἐπικοσμηθείη

117 3082 174 3150 καὶ
200 3076 290 3151 οὕτω
315 3081 379 3155 σύυ
406 3081 519 3166 αὐτοῖς
541 3079 766 3154 ἀπελεύσοιτο.
819 3067 863 3168 ήν
887 3078 924 3148 δλ
947 3079 1004 3148 καὶ
1030 3075 1090 3148 τὸν

81 3181 84 3188 ’
117 3179 263 3268 Χριστὸν
286 3173 308 3270 ή
335 3184 423 3275 γυνή
449 3187 613 3275 σεβομένη
638 3183 693 3253 καλ
716 3179 754 3252 τό
778 3192 878 3252 θεῖον
895 3181 1089 3270 μεμνημένη

73 3304 104 3345 ³0
117 3280 311 3376 μυστήριον.
351 3291 511 3377 εἰσῆλθεν
534 3277 598 3358 οὐν
624 3292 672 3368 είς
701 3282 761 3356 τόυ
793 3285 911 3372 ἕαυτής
938 3287 1092 3352 κοιτωνί-

119 3405 323 3416 ———-—-—

187 3453 255 3522 Oap.
274 3457 316 3506 33.
355 3453 490 3504 Fortasse
512 3451 568 3504 Dio
591 3452 780 3518 continuatus.
814 3448 930 3500 Eusebii
946 3447 1091 3500 Historiae

121 3523 337 3598 ecslesisstieae
354 3519 373 3574 l.
392 3521 416 3574 8.
