2546 3822
233 171 296 236 w
564 171 876 225 mmmm

235 311 490 401 ἀπηγόρευσαν,
505 310 751 402 είδωλολάτρας
764 309 845 391 τούς
862 309 987 390 ταύτας
1005 311 1226 398 σεβομένους

233 416 448 500 καλέσαντες,
466 414 523 481 καὶ
539 409 726 500 ἀναθέματι
739 413 981 499 καθνπέβαλον
997 410 1060 480 τόν
1077 438 1117 481 τε
1139 411 1225 482 ἀοί-

233 521 331 604 διμον
349 513 526 604 Γερμανόν
549 513 606 582 καὶ
632 511 692 582 τόν
716 515 752 582 ἐκ
776 512 922 601 Κύπρον
947 511 1126 602 Γειόργιον
1152 539 1225 584 πα·
1270 563 1271 590 2

232 616 393 707 τριάρχην
415 621 475 703 τής
493 620 756 684 Κωνσταντίνον
782 613 967 704 γενόμενον
992 615 1049 682 καὶ
1068 612 1139 683 τόν
1158 616 1222 704 με’-

130 745 302 806 Ρηηοςγαν
320 718 376 786 ἐπὶ
395 723 499 808 σοφία
517 715 574 784 καὶ
592 712 697 806 ἀρετή
706 712 869 803 Ἰωάννην
886 715 948 786 τόν
966 717 1245 806 Δαμασκηνόν,ε

201 815 277 900 Αἀς
304 818 466 899 πολλάκις
490 815 550 886 τόν
578 815 749 905 θεομάχον
773 814 891 904 ήλεγξε
914 821 1035 886 τοῦτον
1066 818 1130 886 καὶ
1164 818 1227 890 τόν

239 919 347 990 αύτού
365 920 492 1007 πατέρα
509 914 556 991 δι’
574 920 768 988 ἐπιστολῶν
785 915 931 1005 ἀσεβεῖν.
967 917 1226 1006 ἐκστρατεύσας

237 1021 276 1091 δὲ
293 1019 377 1090 κατά
391 1017 602 1108 Βονλγάρων
619 1016 638 1088 ὁ
658 1027 932 1108 Κωνσταντῑνος,
950 1017 1007 1087 καλ
1026 1020 1225 1108 συμβαλών

238 1117 373 1208 αύτοῖς,
405 1120 462 1190 καὶ
493 1118 642 1200 πολλούς
666 1114 850 1207 ἀποβαλων
873 1118 915 1190 ού
945 1123 1016 1189 τῶν
1037 1120 1224 1208 τυχόντων

239 1220 347 1310 μόνον
361 1226 584 1311 στρατιωτῶν,
599 1219 684 1289 ἀλλά
698 1221 756 1290 καλ
768 1225 837 1290 τοῖν
851 1220 1022 1310 ἐπισήμων
1034 1222 1094 1290 καλ
1111 1241 1221 1310 στρα-
1233 1252 1252 1291 ιι

134 1327 400 1412 ινῐῃςοταρχιόν,
418 1321 500 1412 μεθ’
518 1321 618 1409 ἥττης
637 1323 862 1406 ἐπανέζενξεν.
895 1317 1065 1391 ἀνέκαθεν
1082 1322 1127 1392 δὲ
1145 1351 1220 1413 γρι·

240 1424 370 1494 στιανολ
388 1423 479 1515 παρά
497 1437 567 1504 τοίς
590 1421 789 1512 Ἀγαρηνοίς
805 1421 886 1503 τούς
903 1428 974 1492 τόν
991 1427 1140 1512 δασμῶν
1158 1453 1220 1513 με·

238 1525 494 1615 ταγειριζόμενοι
523 1522 683 1610 κύδικας,
716 1521 758 1594 ού
789 1523 856 1647 γάρ
887 1528 1020 1594 οίδασιν
1051 1522 1221 1615 ἀριθμεῖν

238 1629 379 1713 ἐκείνω,
406 1621 481 1694 ἀλλ’
509 1623 593 1695 οόδὲ
617 1624 760 1712 γράφειν
785 1625 921 1752 ψήφους
944 1623 1088 1712 λεπτός,
1118 1635 1221 1714 τρίτα
1270 1695 1271 1700 ,

235 1757 321 1817 φημι
310 1727 402 1796 καὶ
424 1729 564 1814 τέταρτα
588 1727 645 1794 καὶ
670 1725 777 1812 όγδοα
800 1727 858 1796 καὶ
886 1726 1060 1795 δωδέκατα
1085 1729 1152 1796 καλ
1176 1727 1271 1796 τάν

235 1829 366 1897 τούτων
384 1833 430 1897 ἐτι
448 1825 643 1914 λεπτότερα,
658 1825 782 1920 φθόνῳ
795 1826 869 1896 τότε
886 1825 948 1915 τήν
961 1826 1090 1898 τούτων
1110 1856 1221 1930 μετα·
1269 1799 1271 1928 J

236 1934 379 2017 γείρισιν
403 1927 635 2015 ἐκωλύθησαν.
669 1925 717 2016 μή
743 1928 1027 2015 δννηθέντωνδέ
1051 1931 1128 1998 τῶν
1158 1935 1220 2018 τής
1268 1919 1270 2048 J

226 2028 334 2118 ’Ἅγαρ
359 2031 408 2098 δι’
438 2029 569 2099 ἕαντων
591 2027 629 2098 τό
652 2030 807 2098 τοιοῦτον
825 2027 945 2098 ἀνύειν
963 2035 1083 2118 ἔργον,
1112 2003 1270 2113 αύθιςλ

202 2130 300 2220 Βτήν
316 2133 386 2200 τῶν
403 2158 547 2222 γραφων
564 2130 694 2199 τούτων
709 2134 906 2218 οἰκονομίαν
924 2133 1220 2220 ἐνεχειρίσθησαν.

236 2231 254 2302 6
268 2233 396 2357 μέντοι
422 2232 624 2321 δυσώνυμος
648 2230 816 2322 τύραννος
830 2229 993 2321 ’Δνδρέαν
1009 2230 1085 2300 τινά
1104 2261 1220 2322 μονα·
1229 2261 1252 2304 ιι

236 2333 311 2422 χόν,
337 2340 524 2421 καλυβίτην
547 2332 742 2421 λεγόμενον,
769 2325 866 2403 ὅσιον
888 2331 1010 2421 ἀνδρα,
1029 2333 1220 2422 ἐλέγχοντα

237 2431 345 2502 αύτόν
362 2435 420 2502 καλ
437 2432 543 2522 ἀσεβή
560 2439 742 2521 καλοῦντα,
756 2434 814 2502 καὶ
831 2431 934 2504 ἀλλον
949 2429 1142 2504 Ἰουλιανόν
1159 2438 1221 2505 καὶ

240 2528 416 2606 Ούάλεντα
438 2531 676 2621 μαστιξόμενον
701 2539 856 2605 ἔκτεινεν.
901 2539 937 2604 οί
956 2533 1156 2627 Βούλγαροι
1182 2538 1221 2608 δὲ

237 2631 317 2712 τούς
341 2631 454 2704 αὐτόν
477 2631 665 2722 ἀρχηγούς,
690 2642 726 2704 οδ
742 2637 778 2704 ἐκ
796 2640 908 2725 σειρᾶς
925 2635 1116 2724 κατήγοντο
1134 2635 1221 2725 ἡγε-

236 2738 386 2858 μονικής,
414 2732 591 2816 ἀνελόντες
616 2739 732 2826 ἕτερον
758 2741 887 2806 εἴλοντο
912 2735 958 2826 μή
980 2742 1024 2826 τῇ
1042 2733 1251 2832 ήγεμουίατ

238 2835 466 2925 προσήκοντα,
496 2838 655 2925 Τελέτζην
681 2837 902 2926 καλούμενον.
947 2839 1223 2928 ἐπιστρατεύσας

238 2937 276 3006 δλ
293 2935 368 3006 κατ’
388 2936 504 3008 αὐτῶν
521 2966 539 3007 ο
528 2933 715 3026 βασιλεύς
735 2938 790 3006 διά
814 2964 851 3009 τε
867 2943 930 3028 γής
947 2966 1005 3008 και
993 2939 1224 3040 θαλάσσης,

236 3039 293 3106 καὶ
310 3036 492 3127 γενόμενος
515 3038 599 3108 κατά
617 3039 681 3127 τήν
695 3035 885 3128 Ἀγχίαλον,
909 3037 1008 3110 κάκεῖ
1023 3044 1224 3128 σνμβαλων

235 3136 364 3224 αὐτοῖς,
387 3145 449 3209 τού
472 3141 621 3229 πολέμου
648 3139 734 3224 ἐξ“
706 3167 796 3230 ωρας
821 3141 1035 3230 πέμπτης
995 3168 1055 3230 της
1081 3139 1223 3234 ἡμέρας

236 3241 299 3317 ἕως
319 3239 460 3330 ἕσπέρας
478 3241 776 3330 ἐπικρατήσαντος,
800 3241 857 3310 καί
876 3242 1050 3312 πεσόντων
1068 3252 1252 3318 πολλωνυ

236 3339 457 3426 ἑκατέρωθεν,
476 3338 566 3429 ὅμως
583 3342 699 3429 μέντοι
715 3349 807 3434 νικᾷ·
826 3344 884 3412 καὶ
901 3341 918 3412 6
933 3342 996 3432 μὲν
1008 3347 1079 3414 τεόν
1094 3343 1218 3416 Βούλ-

202 3434 352 3517 Οίᾶθων
374 3434 521 3526 ἆρχηγὸς
539 3439 688 3532 ἀπέδρα,
712 3441 819 3531 φόνος
837 3443 877 3514 δὲ
902 3442 1009 3526 πολύς
1030 3449 1106 3514 τῶν
1125 3454 1223 3540 βαρ-
