2562 3814
451 169 597 220 L113.v11.
618 169 787 222 oAP.x111.
1031 168 1092 236 125

120 312 339 382 συνέπεσθαί
353 313 388 378 οί
404 308 611 378 συνέπεισεν.
653 303 746 390 ούςὸ
766 306 976 392 Ποπλικόλας
994 319 1092 399 φιλο-

120 412 259 504 φρόνως
278 413 423 497 ἐδέξατο,
441 415 482 498 τῇ
496 413 601 500 βουλή
619 407 679 480 τόν
692 407 865 480 Κλαύδιον
878 410 1091 502 προσγραψά-

121 543 232 606 μενος.
268 509 354 584 ὅθεν
374 513 431 582 καί
446 508 618 602 ἐμφρόνως
636 509 890 602 πολιτευόμενος
904 510 1093 603 ἀνέδραμεν

123 623 172 698 είς
189 615 227 686 τὸ
244 616 379 704 πρῶτον
396 614 536 702 ἀξίωμα,
560 615 615 682 καὶ
633 614 728 701 γένος
745 615 829 704 μέγα
852 613 888 684 τό
908 619 1124 686 Κλαυδίωνο

102 719 305 797 εικατέλιπεν
331 715 386 785 ἐπὶ
412 722 569 787 πλεῖστον
597 712 754 803 ἀνθήσαυ
783 717 839 786 καλ
862 713 1093 806 προεληλυδὸς

133 825 183 900 είς
207 816 298 906 δόξης
320 812 494 907 ἀκρότητα.
542 821 578 886 οί
601 817 638 886 δὲ
662 825 806 906 Σαβῖνοι
835 819 1010 889 καὶτοῦτο
1034 825 1092 890 τοῦ

129 921 274 1007 πολέμου
286 915 504 1008 ποιησόμενοι
523 915 695 1009 πρόφασιν
711 923 839 1012 στρατῷ
858 917 992 1013 μεγάλω
1010 919 1093 989 κατὰ

124 1025 183 1110 τῆς
202 1018 326 1110 Ῥύμης
345 1017 524 1109 ἐπήλασαν.
562 1014 612 1100 οἷς
629 1019 714 1100 τούς
726 1017 906 1110 Ῥωμαίους
929 1019 947 1090 ὁ
966 1031 1092 1092 Ποπλι-

124 1123 227 1204 κόλας
244 1119 498 1212 ἀντεπαηαηοόν,
516 1123 572 1191 κοιλ
590 1118 819 1212 στρατηγήσας
837 1117 881 1205 τός
893 1119 1022 1214 ἀριστα,
1041 1153 1092 1212 μι-

85 1255 112 1293 ω
123 1231 210 1316 κροῦ
228 1221 355 1304 πάντας
373 1222 540 1293 ἀπώλεσε·
564 1223 621 1292 καὶ
639 1220 698 1292 τόν
716 1225 822 1311 δήμου
846 1227 968 1294 ἐκτῶν
986 1225 1092 1312 λαφύ-

124 1356 196 1414 ρων
214 1328 357 1396 καὶτῶν
375 1321 595 1418 αἰχμαλώτων
613 1319 795 1413 ὠφέλησεν.
831 1321 966 1412 ἀηαηών
986 1321 1017 1393 δ’
1039 1327 1108 1394 ἐπὶ·

123 1432 166 1520 τῇ
178 1435 257 1518 νίκη
276 1431 458 1517 θρίαμβον,
478 1429 534 1496 καὶ
550 1442 619 1508 τοῖς
636 1422 709 1514 μετ’
721 1423 828 1496 αύτόν
840 1420 977 1506 ύπάτοις
988 1452 1093 1512 παρα-

126 1528 210 1610 δούς
227 1525 291 1617 τήν
308 1526 425 1617 πόλιν,
450 1523 557 1609 εύδύς
577 1525 786 1616 ἐτελεύτησε,
812 1533 956 1620 δημοσίᾳ
978 1529 1094 1616 ταφεὶς

125 1632 186 1700 καὶ
202 1632 389 1720 θρηνηθελς
408 1626 463 1720 ἐφ’
482 1626 562 1700 ὅλον
580 1627 744 1700 ἐνιαυτόν.

86 1761 113 1800 15
208 1736 253 1803 Οί
273 1733 387 1821 μέντοι
410 1738 555 1820 Σαβῖνοι
581 1728 625 1800 δι’
652 1729 757 1821 όρηήν
783 1720 831 1800 τόν
855 1738 986 1802 ἔπαθον
1012 1729 1093 1802 οὐδὲ

125 1831 187 1904 τόν
210 1840 356 1923 χειμῶνα
385 1830 575 1924 ἠρέμησαν,
604 1828 688 1902 ἀλλά
711 1831 772 1922 τήν
793 1831 957 1922 Ῥωμαίδα
981 1831 1130 1923 χάρανυ
1206 1847 1208 1850 ’

124 1937 355 2025 κατέδραμον,
376 1934 513 2006 ,καὶτὸν
529 1932 740 2024 Ποστούμιον
758 1932 931 2006 ἐκάκωσαν
954 1935 991 2004 τό
1015 1932 1095 2004 δεύ-

126 2063 228 2125 τερον
243 2033 473 2108 όπατεύοντα·’
497 2039 553 2106 καὶ
572 2031 662 2106 εἷλον
686 2031 728 2106 ἀν
746 2031 850 2105 αύτὸν
873 2040 1039 2122 πανσυδί,
1065 2042 1095 2104 εί

125 2135 174 2228 μή
197 2135 369 2226 Μενήνως
390 2133 573 2229 Ἀγρίππας
597 2131 615 2206 ὁ
641 2133 818 2226 συνάρχων
842 2133 932 2229 αὐτῷ
957 2132 1096 2204 ἐπεκού-

86 2267 113 2308 εο
126 2259 223 2330 ρησε.
265 2237 509 2329 προσπεσόντες
540 2240 576 2310 δέ
600 2235 714 2318 αὐτοῖς
744 2234 888 2316 πολλούς
919 2242 1095 2324 ἐφθειραν,

126 2337 216 2412 ὥστε
233 2338 310 2424 τούς
323 2338 458 2434 λοιπούς
469 2336 690 2431 ἀναχωρῆσαι.
716 2334 798 2428 μετά
812 2338 849 2408 δέ
863 2343 969 2408 ταῦτα
982 2334 1095 2408 Σπού-

125 2440 201 2532 ριός
219 2469 255 2526 τε
272 2439 418 2524 Κάσσιος
441 2445 497 2512 καὶ
515 2438 708 2530 Ὀπιτοόριος
727 2436 925 2528 Ούερηίνιος
948 2437 1096 2511 ὑπατεύ-

124 2571 225 2625 οντες
236 2559 306 2626 τοῖς
313 2550 475 2632 Σαβίνοις
488 2548 694 2638 ἐσπείσαντο.
720 2543 889 2633 Καμέριον
902 2541 939 2612 δέ
951 2540 988 2611 τὸ
1000 2539 1084 2612 ἀστυ
1091 2562 1195 2614 W1121

126 2643 266 2726 ἑλόντες
278 2642 355 2727 τούς
368 2645 430 2736 μέν
443 2654 579 2726 πλείους
592 2642 801 2733 ἀπέκτειναν,
814 2643 894 2727 τούς
910 2645 946 2714 δέ
959 2642 1095 2726 λοιπούς

86 2744 360 2838 ωζωγρήσαντες
377 2743 633 2837 ἀπέδουτο,,’καὶ
650 2745 713 2834 τήν
731 2744 829 2816 πόλιν
846 2746 1067 2829 κατέσκαψαν.

208 2846 417 2938 Ποστούμιος
436 2849 474 2919 δὲ
492 2855 651 2936 Κομίνιος
669 2849 726 2918 καὶ
748 2855 843 2929 Τίτος
856 2845 1000 2937 Λάρκιος
1021 2843 1096 2916 δού-

127 2960 212 3032 λους
229 2949 322 3032 τινάς
347 2952 401 3020 ἐπὶ
418 2947 602 3040 καταλήψει
616 2953 685 3020 τού
703 2953 919 3019 Καπιτωλίου
943 2967 1097 3034 συνωμο-

128 3061 212 3122 σίαν
228 3053 394 3141 θεμένους
418 3049 643 3140 συλλαβόντες
666 3057 847 3139 έφθειραν.
881 3042 1044 3132 Σερούιός
1061 3069 1198 3120 τεΡ1138

128 3159 338 3234 Σουλπίκιος
355 3155 411 3223 καὶ
429 3151 570 3242 Μάρκος
589 3149 746 3233 Τούλλιος
764 3152 886 3241 ἑτέραν
900 3139 1000 3238 αύδις
1017 3173 1097 3222 συν·

5 3328 11 3343 ,
88 3282 115 3323 ω
130 3261 284 3346 ωμοσίαν
303 3253 435 3330 δούλων
451 3257 507 3325 καλ
525 3252 638 3326 ἀλλων
655 3251 698 3341 δή
711 3281 814 3325 τινων
831 3251 1026 3324 συστάντων
1040 3249 1098 3322 αύ-

1 3350 13 3425 ἶ
128 3363 209 3438 τοις
225 3359 492 3446 προκατέλαβον,
517 3354 743 3446 ἀηηελδεῖσαν
766 3350 879 3436 αύτοϊς
897 3353 979 3443 πρός
995 3380 1098 3424 τινων
1145 3370 1148 3376 “
1255 3368 1258 3373 “

1 3450 13 3465 '¹
129 3461 191 3548 της
211 3462 388 3547 ἐπιβουλῆς
405 3456 622 3548 μετεχόντων.
658 3451 717 3538 ούς
735 3458 791 3526 καὶ
808 3454 987 3546 συσχόντες
1004 3479 1099 3542 περι-
