2566 3812
416 227 488 281 mn.
505 229 581 282 v111.
606 226 683 280 σεε.
703 229 761 281 v11.
779 203 781 210 ’
1016 229 1077 296 193

185 373 241 464 Τῷ
261 362 294 436 δ’
314 369 388 456 ἑξῆς
407 372 473 437 ἔτει
490 363 610 450 Λόλιός
627 397 676 450 τις
694 365 779 457 ἀνὴρ
798 373 969 460 Σαυνίτης
986 365 1100 462 όμη-7

102 471 215 564 ρεόων
235 472 272 540 έν
284 466 391 561 Ῥόμη
410 470 465 538 καὶ
485 467 605 559 έκδρδις
623 467 771 559 δύναμιν
789 473 999 561 συνελέξατο,
1019 475 1075 544 καὶ

104 579 230 664 χωρίον
242 601 276 642 τι
289 567 452 662 καρτερόν
462 572 500 641 ε’ν
508 573 550 660 τῇ
559 577 666 664 οίκείηι
675 569 875 662 καταλαβών
885 571 1071 664 ἐλῄστευεν.
1086 598 1108 648 Β

5 729 9 768 ,
107 670 164 764 ἐφ’
191 669 232 743 δν
249 669 396 754 Κόιντός
419 701 454 742 τε
472 671 600 755 Γάλλος
624 674 680 743 καὶ
697 671 797 756 Γάιος
824 671 952 763 Φάβιος
977 698 1075 767 στρα-

5 769 7 794 '
70 803 85 843 ε
110 773 285 856 τεύσαντες
310 771 416 845 αὐτὸν
438 773 501 863 μέν
524 775 580 844 καὶ
597 773 676 856 τους
693 775 757 846 σὺν
774 771 867 870 αὐτῷ
885 774 1076 866 σύγκλυδας

112 876 167 946 καὶ
190 870 332 959 ἀόπλους
355 872 436 956 τούς
460 881 617 958 πλείονας
641 872 739 958 ὄντας
758 880 940 968 συνέσχον,
966 877 1077 969 χωρή-

109 997 225 1058 σαντες
239 975 270 1046 δ’
293 978 347 1047 ἐπὶ
362 983 572 1067 Καρκίνους,
591 973 673 1068 παρ’
692 973 742 1060 οἷς
759 978 821 1068 τὴν
838 987 935 1050 λείαν
953 983 1076 1052 έκείνοι

104 1074 335 1168 ἀπετέθειντο,
354 1077 532 1170 πράγματα
551 1085 658 1168 ἔσχον.
690 1081 746 1150 καλ
764 1083 856 1162 τέλος
874 1079 995 1164 νυκτός
1012 1076 1072 1152 ἀπ’

103 1178 302 1271 αὐτομόλων
318 1177 526 1270 ὑπερβάντες
544 1205 591 1271 πη
609 1184 668 1252 τοῦ
685 1185 815 1271 τείχους
829 1181 1074 1256 ἐκινδύνευσαν

68 1309 91 1348 ιο
103 1279 295 1353 ἀπολέσθαι
321 1279 376 1352 διά
393 1279 526 1372 σκότος,
551 1277 612 1372 οὐχ
631 1279 677 1364 ὦς
694 1277 862 1372 ἀσελήνου
880 1285 937 1372 τῆς
956 1284 1076 1366 νυκτὸς

102 1381 227 1474 οὔσης,
251 1379 327 1453 ἀλλ’
351 1379 403 1454 ότι
430 1379 641 1476 σφοδρότατα
659 1391 791 1474 ένιφεν·
820 1385 1020 1475 ἐκφανείσης
1039 1387 1076 1458 δέ

101 1493 161 1576 τῆς
180 1483 325 1574 σελήνης
344 1482 474 1578 ἀθρόου
492 1483 679 1578 ἐκράτησαν
696 1489 757 1557 τοῦ
772 1494 909 1578 χωρίον.
1168 1553 1175 1584 ¹

179 1585 299 1658 Πολλδι
324 1587 362 1657 δὲ
385 1584 535 1677 χρήματα
553 1585 626 1658 τότε
643 1591 684 1678 τῇ
697 1585 803 1682 Ῥόμη
824 1591 972 1678 ἐγένετο,
992 1585 1076 1660 ὥστε

102 1691 160 1758 καὶ
178 1687 344 1780 ἀργυραῖς
364 1694 526 1778 δραχμαίς
544 1686 743 1780 χρήσασθαι.

66 1815 90 1855 ιε
182 1789 268 1861 Εἶτα
286 1796 334 1872 είς
350 1789 414 1880 τὴν
432 1794 497 1862 νῦν
514 1792 725 1880 καλουμένην
742 1799 943 1885 Καλαβρίαυ
962 1791 1075 1884 ἐστρά-

103 1914 250 1983 τευσαν,
275 1888 443 1980 προφάσει
464 1891 528 1982 μέν
549 1889 600 1962 ὅτι
622 1891 681 1964 τόν
707 1893 847 1986 Πύρρον
870 1896 1075 1979 ὑπεδέξαντο

106 1993 165 2062 καὶ
187 1992 248 2080 την
272 1994 467 2083 συμμαχίδα
490 1995 706 2084 κατέτρεχον,
731 2000 771 2086 τῇ
796 1992 829 2065 δ’
854 1991 1001 2087 ἀληθείᾳ
1025 1991 1109 2070 ὅτιῦ

107 2091 287 2181 ἐβούλοντο
301 2093 542 2166 οίιιειιόσασθαι
558 2092 594 2166 τὸ
607 2098 819 2186 Βρεντέσιον,
839 2093 884 2176 ὡς
899 2094 1077 2184 εὐλίμενον

105 2197 163 2265 καί
187 2193 383 2288 προσβολὴν
406 2197 463 2266 καὶ
485 2195 652 2292 Ικάταρσιν
676 2199 713 2266 έκ
735 2200 793 2286 τῆς
813 2192 996 2288 Ἰλλυρίδος
1021 2197 1076 2266 καὶ

64 2319 90 2362 εο
103 2301 164 2386 τῆς
182 2291 340 2380 Ἑλλάδος
371 2296 529 2388 τοιαότην
560 2307 637 2388 έχον
668 2293 756 2368 ὥσθ’
787 2291 854 2368 ἀπὸ
882 2300 943 2368 τοῦ
971 2293 1079 2368 αὐτου

103 2400 296 2489 πνεύματος
311 2397 608 2488 καλ-έξανάνεσθαί
618 2428 710 2482 τινας
728 2401 784 2470 καί
802 2406 983 2492 καταίρειν.
1020 2401 1077 2471 καὶ

104 2495 200 2572 εἷλον
223 2495 326 2591 αότό,
352 2502 409 2571 καὶ
433 2497 593 2584 ἀποίκους
618 2508 772 2591 ἔπεμψαν
799 2509 846 2584 είς
866 2497 948 2574 αὐτό
964 2529 1001 2574 τε
1020 2505 1076 2573 καὶ

104 2609 155 2684 είς
169 2605 276 2692 ἕτερα.
313 2607 417 2673 ταῦτα
436 2598 469 2672 δ’
489 2597 650 2686 ἀνύοντες
668 2606 723 2674 καὶ
744 2605 798 2674 ἐπὶ
815 2613 927 2694 μεῖζον
944 2602 1076 2694 αίρόμε·

103 2733 161 2774 νοι
186 2699 249 2793 οὐχ
273 2701 547 2794 δπερεφρόνουν,
572 2701 821 2778 ἀλλάΚάιντον
840 2705 971 2795 Φάβιον
994 2715 1077 2796 βου-

61 2802 233 2894 Ιεσλευτὴν
248 2800 525 2886 Ἀπολλωνιάταις
549 2821 618 2888 τοῖς
639 2809 676 2876 έν
692 2811 739 2902 τῷ
754 2803 858 2902 Ἰονίςο
876 2808 989 2901 κόλπῳ
1009 2809 1087 2890 έξέ-’

105 2913 241 2997 δωιιαν,
260 2901 312 2977 ότι
325 2908 484 2997 πρέσβεις
498 2903 611 2978 αὐτῶν
626 2905 777 3000 ὕβρισεν.
814 2913 847 2980 οί
861 2909 898 2980 δὲ
916 2905 1110 2995 λαβόντεςΙ)

104 3004 214 3080 αὐτόν
231 3005 434 3098 ἀπέπεμψαν
452 3013 568 3080 οἶκαδε
585 3007 712 3100 ἀπαθῆ.

180 3107 256 3196 Ἐπὶ
280 3109 319 3180 δέ
342 3117 493 3182 Κοΐντου
518 3118 650 3200 Φαβίου
675 3113 731 3182 καὶ
755 3117 915 3201 Αἰμιλίου
939 3104 1078 3182 ὑπάτων

102 3211 190 3304 πρός
211 3208 417 3294 Οὖλσινίονς
435 3210 660 3304 ἐστράτευσαν
678 3209 731 3284 ἐπ’
751 3217 932 3308 ἐλευθερία
950 3211 1077 3285 αὐτόν·

58 3334 90 3376 ³0
104 3305 292 3386 ἔνσπονδοι
309 3310 373 3407 γάρ
392 3305 479 3403 ἦσαν
496 3312 618 3398 αὐτοῖς.
661 3323 695 3386 οδ
711 3313 921 3408 ἀρχαιότατοι
945 3327 1078 3409 Τυρση-

177 3479 247 3548 Cap.
266 3483 291 3536 7.
324 3479 424 3532 DionIs
442 3481 591 3548 „Historiae
610 3481 752 3536 Romanae
776 3481 841 3564 libr}
863 3482 977 3548 perditi:
1002 3481 1078 3548 frag-

101 3553 230 3600 mentum
248 3549 290 3603 42,

159 3647 287 3684 τοειεεε
305 3648 339 3687 11.
887 3629 925 3692 13
