2558 3820
414 141 485 194 LIB.
498 141 533 196 X.
553 140 630 196 OAP.
642 143 677 192 X.
695 143 742 193 XI.
1003 140 1065 206 367

97 278 224 356 'cevas‘
240 273 296 354 καὶ
319 285 427 376 μικρῷ
444 284 537 372 μέρει
554 286 631 371 μιᾶς
653 279 779 374 ἡμέρας
801 286 904 372 τριῶν
927 303 1067 373 στρατο-

98 389 210 458 πέδων
231 381 411 476 ἐκράτησε,
429 385 486 454 καί
500 390 801 474 πεντακισμυρίους
814 385 883 454 τοῖν
896 391 1066 474 πολεμίων

7 485 8 502 ³
95 483 273 580 ιἰυηρηκύς
291 481 372 558 ούδδ
386 483 593 574 πεντήκοντα
610 487 678 554 των
697 491 795 556 ίδίων
812 480 967 574 άπέβαλε.
999 491 1067 556 τῶν

97 590 135 662 δὲ
151 585 372 677 πεφευγότων
391 591 428 658 ἐκ
452 590 511 677 της
534 587 639 678 μάχης
655 582 829 659 ὑπατικῶν
855 588 911 657 καί
929 607 1067 678 στρατη·

7 773 8 778 1
69 693 201 782 τγικων
225 685 363 781 ἄνδρων
386 694 422 760 οί
439 689 504 780 μέν
534 689 674 772 ἑαυτούς
707 693 905 781 διέφθειραν
934 685 1066 760 ἁλισκό-

7 791 9 862 Ῐ
94 821 207 884 μενοι,
225 788 373 882 συχνούς
393 792 430 861 δὲ
447 801 580 879 Καίσαρ
599 797 746 862 ἔκτεινεν
763 785 914 872 ἁλόντας.
950 787 1067 862 Κάτω-

7 911 9 980 ,
95 923 153 976 νος
171 895 209 964 δὲ
228 890 350 964 ἑαυτόν
369 893 634 984 διεργασαμένου
659 899 760 982 δήλος
777 883 820 982 ἦν
839 897 992 982 δηχθείς·
1023 880 1066 962 ού

7 993 9 1034 ³
95 994 129 1068 δ’
151 999 250 1068 ἕνεκα
267 992 433 1084 λελύπητο
459 992 601 1084 άδηλον·
637 995 709 1066 εἰπε
728 992 759 1064 δ’
781 983 845 1066 ούν
863 985 914 1064 “ύ
932 991 1099 1082 Κάτων,Β

94 1101 217 1190 φθονῶ
235 1120 288 1168 σοι
304 1100 365 1167 τοῦ
381 1095 553 1168 θανάτου·
581 1094 719 1188 καὶγὰρ
743 1094 789 1166 σύ
805 1125 861 1186 μοι
882 1101 941 1186 τῆς
958 1124 1068 1185 σωτη-

7 1223 9 1270 ι
54 1235 80 1276 ιο
95 1207 173 1290 ρίας
192 1196 412 1289 ἐφθόνησας.”
450 1194 535 1269 άλλά
560 1199 624 1292 γάρ
649 1196 849 1270 ἐπανελθών
873 1206 920 1281 είς
940 1193 1069 1287 Ῥύμην

7 1307 8 1310 '
94 1298 163 1374 άπδ
181 1297 315 1390 ,Λιβύης
337 1297 527 1391 θριάμβους
551 1299 719 1392 κατήγαγε
749 1302 806 1370 καὶ
829 1302 911 1381 θέας
939 1303 1068 1370 ἐτέλεσε

94 1400 279 1492 ναυμάχων
309 1404 365 1474 καὶ
399 1400 599 1492 μονομάχων
632 1401 778 1492 ἀνδρῶν.
831 1400 998 1492 τιμήσεων
1031 1401 1068 1470 δδ

7 1535 9 1592 2
84 1505 288 1597 ’γενομένων
305 1501 381 1575 ἄντί
406 1510 473 1574 τῶν
496 1507 667 1597 προτέρων
692 1511 789 1576 δυεῖν
811 1507 869 1574 καὶ
891 1500 1068 1596 τριάκοντα

7 1645 8 1658 ¹
93 1603 273 1698 μυριάδων
291 1610 329 1676 αί
343 1607 447 1676 πᾶσαι
459 1612 698 1679 πεντεκαίδεκα
712 1617 954 1699 περισωθείσαι
973 1603 1069 1694 εύρέ-

7 1785 8 1788 ,
55 1742 83 1784 ιε
98 1721 229 1798 θησαν·
263 1705 464 1798 τηλικαύτην
490 1707 627 1802 φθοράν
648 1714 710 1780 τού
735 1707 844 1801 δήμου
867 1703 884 1779 δ
911 1705 1068 1798 ἐμφύλιος

7 1901 9 1906 ι
98 1807 275 1901 εἰργάσατο
293 1806 445 1899 πόλεμος.

7 1971 9 1996 3
176 1911 260 1982 Είτιι
281 1906 407 1992 ύπατος
424 1907 462 1982 τδ
484 1912 642 2002 τέταρτον
671 1915 821 2002 αἱρεθεὶς
850 1923 897 1994 είς
921 1909 1069 2002 Ἰβηρίαν

99 2011 320 2103 ἐστράτευσεν
349 2014 403 2082 ἐπὶ
428 2010 507 2096 τούς
531 2020 711 2102 Πομπηίον
735 2012 849 2101 υἱούς,
880 2015 977 2096 νέους
1007 2015 1069 2103 μὲν

7 2173 8 2184 ,
97 2113 199 2196 ὄντας
212 2121 278 2202 ἐτι,
296 2111 421 2204 τόλμαν
436 2109 469 2184 δ’
486 2117 779 2204 ἐπιδεικνυμένους
793 2111 974 2203 ἀξιόχρεων
987 2111 1103 2206 πρδςῦ

53 2250 82 2292 το
96 2215 291 2306 ἡγεμονίαν.
322 2213 377 2287 ὅτε
395 2217 452 2286 καὶ
470 2223 517 2298 είς
535 2221 698 2286 κίνδυνον
715 2217 872 2306 περιέστη
889 2213 906 2284 ὁ
925 2223 1070 2304 Καίσαρ,

7 2343 9 2414 j
98 2317 145 2400 ὡς
163 2324 249 2406 βοᾶν
275 2314 331 2388 διά
354 2321 424 2389 ταῖν
445 2316 571 2401 τάξεων
594 2319 764 2410 περιθέων
787 2319 855 2388 τῶν
874 2318 997 2387 ἕαυτού
1006 2369 1015 2404 ,
1042 2322 1072 2385 εί

96 2419 145 2512 μή
164 2425 341 2490 αἰδοῦνται
358 2416 523 2508 λαβόντας
542 2416 646 2492 αύτδν
664 2423 845 2511 ἐγχειρίσαι
862 2433 931 2502 τοῖς
948 2423 1072 2488 παιδα-

97 2529 195 2613 ρίοις.
237 2519 319 2611 πρὸς
344 2521 382 2591 δὲ
406 2519 485 2604 τούς
507 2528 635 2610 φίλους·
650 2519 733 2612 μετά
756 2518 819 2610 τήν
842 2518 951 2611 μάχην
976 2520 1072 2592 εἶπεν

98 2621 146 2706 ὥς
168 2621 329 2705 πολλάκις
359 2623 421 2712 μὲν
452 2620 654 2711 ἀγωνίσαιτο
685 2624 762 2712 περὶ
792 2630 907 2712 νίκης,
937 2629 1003 2694 νύν
1035 2623 1072 2693 δὲ

56 2755 85 2798 ω
99 2731 237 2817 πρῶτον
254 2726 331 2816 περὶ
354 2727 472 2813 ψυχῆς.
508 2723 706 2813 νικήσαντος
732 2727 768 2796 δὲ
786 2733 955 2813 Καίσαρος
973 2723 991 2794 ὁ
1009 2724 1072 2813 μὲν
1134 2734 1138 2740 ’

7 2857 12 2864 ·
97 2825 264 2917 νειότερος
287 2832 355 2896 τῶν
378 2832 559 2916 Πομπηίου
583 2833 716 2898 παίδων
742 2829 874 2918 διέδρα,
900 2821 1071 2914 ἀνηνέχθη

99 2925 135 3000 δ’
169 2927 261 3023 αύτῷ
291 2925 370 3018 μεθ’
397 2925 521 3018 ἡμέρας
543 2933 604 3000 τού
627 2929 857 3019 πρεσβυτέρου
887 2921 1069 3017 ήκεφαλή.

97 3037 221 3108 τούτου
239 3035 379 3120 ἔσχατον
396 3039 528 3117 Καίσαρ
548 3031 728 3120 ἐπολέμησε
745 3026 900 3116 πόλεμον.

174 3128 391 3205 Ἐπανελθύν
423 3127 457 3201 δ’
483 3138 531 3213 είς
552 3127 680 3220 Ῥύμηυ
712 3125 875 3217 δικτάτωρ
907 3125 963 3196 διδι
993 3131 1118 3213 βίον11

57 3262 88 3312 ω,
100 3232 289 3326 ἐψήφιστο,
313 3227 333 3304 δ
348 3235 509 3326 τυραννὶς
533 3230 713 3324 ἐτύγχανεν
730 3228 905 3320 άντικρυς,
926 3233 973 3324 τῷ
990 3223 1070 3299 ιἰυυ-

97 3359 309 3370 ——-—---

173 3399 244 3466 (δερ.
260 3402 301 3453 11.
328 3399 473 3451 Plutarchi
491 3398 596 3465 C'apsar
610 3414 633 3452 ο.
646 3399 756 3451 57-66.
782 3395 883 3448 Addita
901 3399 965 3447 sunt
981 3406 1073 3460 pauca

45 3513 49 3521 ,
97 3471 135 3523 de
154 3470 269 3520 nomine
289 3467 426 3520 Caesaris.
523 3468 535 3489 ‘
