2566 3812
131 206 137 215 ,
173 145 237 212 266
438 119 447 125 ’
492 147 585 204 Διιε.
597 147 647 200 1x.
666 144 743 200 σεε.
755 145 804 200 τι.

149 279 152 292 ’
173 289 293 377 τειχῶν
310 284 571 378 περισῶσαιντυ,
598 285 670 356 ἐπεὶ
696 285 734 358 δὲ
751 286 807 356 καὶ
824 286 865 374 τῇ
882 280 978 354 πόλει
1000 283 1057 353 καὶ
1074 296 1146 366 τοίς

175 390 410 479 στρατοπέδοις
428 384 495 476 άμα
509 394 715 478 προσβαλεῖν
732 393 887 477 ἔμελλεν,
906 383 1142 475 ἀνερρίψαντο,

173 489 211 560 τὸ
234 496 295 560 τοῦ
318 487 437 578 λόγου,
463 487 586 579 κύβον,
611 489 668 559 καί
692 489 926 578 ἐπεξέδραμον.
966 488 1022 558 καί
1045 485 1143 578 ἀκρο-

175 592 397 682 βολιζομίυων
422 589 489 680 ήδη
519 589 645 680 χειμῶν
671 593 704 674 ἐξ
730 596 868 683 αίθρίας
899 591 1040 672 ἐξαίσιος
1067 591 1144 660 ἐπε-

174 695 290 782 γίνετο
320 691 402 782 μετά
427 689 615 783 πνεύματος
639 687 812 782 ἀμηχάνου
837 696 991 780 βροντῶν
1019 716 1057 760 τε
1086 690 1169 761 καλε

175 791 316 884 χαλάζης
332 795 390 864 καί
408 789 608 886 ἀστραπῶν,
633 789 711 864 ῶστ’
732 790 833 883 άμφω
849 795 1027 881 ἀγαπητῶς
1044 787 1090 874 ῶς
1109 793 1145 862 ἐκ

176 893 391 985 συνθήματος
414 893 606 986 ἀναφυγεῖν
628 893 712 966 ὅθεν
736 892 905 984 ῶρμησαυ.
946 892 1022 982 ἀρτι
1045 920 1082 964 τε
1103 891 1144 962 τά

138 995 264 1070 υὸπλα
281 1003 496 1070 κατετίθεντο
514 997 569 1068 καὶ
588 1002 708 1086 αίθρία
726 997 864 1084 ἐγίνετο.
900 992 1020 1085 όγούυ
1032 990 1143 1065 Ἀννί-

58 1113 62 1118 “
175 1107 255 1188 βας,
272 1104 381 1173 καίτοι
398 1096 461 1170 ούκ
473 1093 569 1170 ἀθεεὶ
583 1095 800 1188 λογισάμενος
814 1096 903 1190 παρὰ
917 1095 975 1168 τὸν
989 1101 1047 1184 τῆς
1060 1118 1144 1166 συν-

174 1198 258 1272 όδου
281 1197 400 1290 καιρόν
423 1204 671 1290 συνενεχθῆναι
693 1195 734 1268 τά
757 1197 935 1288 γεγονότα,
966 1195 1055 1286 ὅμως
1080 1191 1142 1266 ούκ
1157 1227 1181 1267 ιο

107 1321 112 1342 ‘
175 1300 300 1390 ἀπέστη
325 1307 384 1390 τής
402 1309 612 1393 πολιορκίας,
636 1297 721 1370 ἀλλὰ
745 1301 801 1373 καὶ
820 1292 920 1381 αὖθις
942 1297 1024 1390 μετά
1046 1303 1144 1369 τοῦτσ

176 1410 364 1494 συμβαλεῖν
391 1407 613 1495 ἐπεχείρησεν.
663 1396 708 1484 ῶς
735 1402 773 1472 δὲ
804 1403 861 1472 καλ
890 1399 976 1472 τότε·
992 1397 1033 1470 τὰ
1059 1394 1145 1469 αότά

175 1507 320 1594 συνέβη,
344 1505 524 1576 κατέδεισε.
557 1505 623 1574 ’καί
640 1505 904 1593 προσεκπλοιγεὶς
928 1498 979 1574 ὅτι
1002 1503 1040 1572 ἐν
1056 1509 1144 1589 τηλι-

175 1603 284 1700 κούτῳ
307 1605 458 1698 κινδύνῳ
482 1603 576 1688 ὄντες
600 1601 678 1676 οὔτε
706 1612 765 1694 τής
788 1602 931 1694 Καπύης
954 1599 1145 1690 ἀπέστησαν

175 1709 231 1776 καὶ
258 1710 291 1788 ἐς
316 1705 379 1794 τήν
399 1702 546 1797 Ἰβηρίαν
569 1708 626 1776 καὶ
648 1705 851 1797 στρατιῶτας
867 1709 935 1789 ,καὶ
959 1702 1144 1796 στρατηγὸν
1157 1732 1183 1773 ιτ

176 1808 323 1898 τιίμψειν
342 1813 497 1899 ἔμελλον,
521 1809 577 1878 καὶ
595 1805 646 1878 ὅτι
663 1805 841 1898 χρημάτων
860 1807 1038 1896 δεηθέντες
1057 1802 1143 1876 ἐπῶ-

175 1917 282 1998 λησαν
307 1905 392 1980 άλλα
410 1937 445 1980 τε
470 1911 527 1981 καὶ
543 1909 581 1980 τδ
599 1915 723 2002 χωρίον
747 1912 784 1980 ἐν
801 1900 829 2004 ᾦ
847 1903 1143 1999 ἐστρατοπεδεύετο

177 2007 337 2102 δημόσιον
367 2008 424 2100 όν,
456 2013 513 2082 καὶ
544 2006 730 2100 ἀπογνούς,
761 2007 949 2100 ἀπανέστη,
986 2005 1145 2106 πολλάκις

47 2178 50 2192 ,
175 2109 367 2202 ἀναβοήσας
379 2103 430 2184 “ῶ
443 2111 577 2186 Κάνυαι
595 2108 755 2184 Κάνναι.”
789 2115 845 2184 καὶ
864 2108 945 2183 οὐδὲ
962 2115 1004 2202 τῇ
1020 2106 1144 2198 Καπύη

175 2213 223 2287 ἔτ’
245 2217 463 2307 ἐπικουρῆσαι
479 2211 659 2304 ήθέλησεν.
996 2254 999 2258 ·
1157 2239 1183 2280 ιο

72 2335 171 2388 ΡΙ4ιτ
256 2323 301 2390 Οί
317 2317 354 2388 δὲ
372 2323 492 2406 καίπερ
512 2319 549 2388 ἐν
561 2311 819 2398 ἀσθενεστάτοις
835 2311 945 2404 ὄντες,
961 2312 1051 2404 ὅμως
1063 2311 1145 2384 ἀπο-

176 2416 313 2508 γνόντες
331 2413 375 2500 ῶς
393 2415 434 2488 ού
450 2415 641 2506 τευξόμενοι
655 2415 854 2506 συγγνῶμης
870 2413 960 2508 παρά
973 2414 1146 2506 Ῥωμαίων

175 2517 347 2608 ἀντεῖχον,
381 2519 512 2613 καὶτῷ
539 2515 680 2611 Ἀννίβᾳ
716 2520 925 2606 ἐπέστειλαν,
961 2514 1147 2608 βοηθήσειν

176 2615 289 2700 αότοῑς
307 2615 487 2702 ἀξιοῦντες.
530 2621 784 2711 συλληφθέντες
808 2619 846 2690 δὲ
869 2625 904 2691 οί
924 2623 991 2690 τῶν
1015 2621 1145 2690 ἐπιστο-

175 2722 245 2797 λῶν
268 2723 420 2810 κομισταὶ
444 2718 535 2812 παρά
556 2728 617 2794 τοῦ
642 2719 816 2810 Φλάκκου,
842 2719 860 2792 ὁ
883 2719 948 2812 γάρ
972 2716 1144 2802 Κλαύδιος
1157 2747 1184 2788 ιε

176 2829 267 2914 ἔφθη
283 2820 456 2912 τεθνηκῶς
480 2826 517 2894 ἐκ
534 2829 597 2894 τού.
618 2821 823 2914 τραύματος,
847 2821 906 2904 τάς
922 2837 1036 2912 χεῖρας
1061 2817 1145 2892 ἀπε-

174 2923 361 3016 τμήθησαν
389 2919 448 3008 οὓς
463 2921 591 3006 ἰδόντες
605 2929 640 2995 οί
651 2926 831 3014 Καμπανοὶ
847 2929 964 3006 δεινῶς
982 2918 1145 2994 κατεπλά-

176 3049 286 3115 γησαν
309 3028 364 3097 καὶ
387 3021 451 3116 ό,τι
474 3023 660 3119 πράξουσιν
684 3024 912 3114 ἐβουλεύοντο.
954 3026 1145 3115 λεχθέντων

178 3127 216 3195 δὲ
240 3132 392 3216 πολλῶν,
419 3124 558 3218 Ἰούβιός
588 3155 635 3210 τις
664 3126 799 3220 Ούίριος
830 3130 869 3198 ἐν
898 3143 969 3208 τοῖς
1000 3123 1144 3216 πράτοις

176 3223 289 3294 αὐτῶν
308 3223 356 3296 ῶν
373 3231 429 3298 καὶ
445 3233 504 3317 της
521 3227 734 3310 ἀποστάσεως
758 3225 949 3311 αίτιεότατος
961 3227 1044 3319 “pta
1062 3224 1145 3316 ήμίν
1157 3253 1185 3296 ιο
1216 3246 1220 3262 ·

178 3321 285 3394 ἐστιν”
304 3333 369 3416 ἔφη
382 3326 581 3419 “καταφυγή
599 3332 655 3414 καὶ
670 3333 847 3423 ἐλευθερία
864 3325 882 3400 δ
899 3327 1056 3411 θάνατος.
1088 3334 1147 3398 καί

175 3451 232 3510 μοι
262 3421 514 3518 ἀκολουθήσατε
544 3436 676 3502 οίκαδε·
713 3441 777 3522 ἔχει
807 3431 872 3524 γάρ
902 3461 935 3503 τι
964 3430 1145 3525 φάρμακον
