2566 3812
315 81 830 177 'mmmmm
1016 121 1079 188 m

110 266 168 335 καὶ
184 265 363 354 μισοῦντες
377 257 501 343 αότοδς
518 258 569 333 ότι
583 265 692 344 κακῶς
709 268 967 356 μετεχειρίζουτο
981 265 1081 353 σφᾶς,

110 371 280 457 φρουρίου
290 360 384 450 τινός
397 362 554 453 φυλακήν
568 366 855 453 ἐμπιστευθέντες,
868 381 938 445 τοῖς
947 358 1080 454 Ρωμαί-
1066 377 1183 432 -Ρ1398

110 497 160 550 αις
184 463 267 536 αότδ
291 463 482 556 προήκαντο
513 467 567 536 ἐπὶ
599 463 751 556 χρήμασι
793 463 1019 556 μεταστάντας
1044 467 1082 537 δὲ

110 567 177 639 ἀπὸ
189 573 258 639 τῶν
272 571 516 657 Καρχηδονίων
529 565 682 650 Γαλάτας
699 563 790 639 nal*
769 577 889 650 αλλονς
902 571 972 638 τῶν
984 588 1083 658 σφων

83 695 100 737 ε
113 666 298 760 συμμάχων
314 669 408 751 τινάς
421 674 455 739 σί
466 666 620 760 Ῥωμαῖοι
638 673 693 740 ἐπὶ
710 676 904 764 μισθοφορᾷ
916 667 1083 760 προσελά-

114 779 236 860 βοντο,
261 768 359 861 μήπω
382 767 546 862 πρότερον
568 773 748 861 τρέφοντες
771 769 910 855 ξενικόν.
954 769 1081 852 τούτοις

112 863 180 942 οὖν
197 870 418 996 ἐπαιρόμενοι,
437 870 530 942 καὶ”
511 901 562 943 οτι
579 871 664 943 οί
629 901 687 954 τας
704 879 787 955 ναῦς
804 881 933 963 ἔχοντες
952 877 1082 942 ίδιῶται

109 971 176 1062 τήν
188 971 323 1099 Λιβύην
339 971 544 1063 ἐπόρθησαν,
562 971 673 1044 οὐκέτι
687 970 876 1067 άμελεϊν
837 1003 895 1064 της
909 972 1083 1063 θαλάσσης

110 1073 254 1164 ἤθελον,
271 1073 358 1145 άλλά
375 1077 432 1146 καὶ
450 1065 552 1156 αὖθις
570 1075 731 1146 ναυτικὸν
748 1074 1004 1164 συνεστήσαντο.

72 1203 98 1242 10
189 1180 259 1248 Καὶ
272 1175 453 1260 Λουτάτιος
467 1173 655 1260 Κατόλος”
632 1203 759 1258 υπατος
771 1174 893 1268 ήρέθη,
907 1178 963 1247 καί
977 1205 1083 1270 τουτμ
1103 1179 1141 1244 17

109 1281 375 1369 συνεξεπέμφθη
406 1275 551 1361 Κόιντος
587 1275 769 1370 Οόαλέριος
802 1278 954 1360 Φλάκκος
984 1273 1084 1347 άστυ-

108 1387 237 1471 νομῶν.
279 1388 315 1450 οἳ
331 1383 363 1462 ἐς
381 1387 546 1451 Σικελίαν
572 1377 728 1461 ἐλθόντες
750 1382 807 1450 καὶ
830 1376 914 1450 κατὰ
940 1382 1005 1468 γήν
1029 1380 1085 1449 καὶ

109 1479 199 1552 κατά
211 1478 395 1554 ’θάλασσαν
412 1487 458 1576 τῷ
472 1479 643 1576 Δρεπάνην
662 1483 883 1574 προσέβαλον,
902 1487 960 1551 καί
976 1510 1008 1551 τι
1024 1483 1084 1552 τοῦ

109 1591 246 1708 τείχους
269 1582 493 1675 κατήρειψαν·
521 1585 577 1653 καλ
597 1579 688 1654 εἷλον
706 1577 749 1654 άν
772 1581 873 1672 αὐτό,
899 1580 998 1672 είμή
1023 1586 1082 1653 τοῦ
1122 1637 1128 1648 ,

71 1708 96 1749 15
109 1682 246 1755 ὑπάτου
267 1689 456 1776 τρωθέντος
479 1686 559 1776 περὶ
581 1685 763 1756 ἐκεῖνον
727 1713 760 1755 οι
777 1691 974 1776 στρατιῶται
997 1683 1084 1774 άπη-
1095 1703 1117 1756 Β

109 1783 340 1876 σχολήθησαν.
382 1783 447 1857 κάν
470 1783 578 1880 τούτῳ
608 1784 774 1876 μαθόντες
803 1786 881 1868 τούς
905 1793 1085 1886 πολεμίους

110 1886 292 1959 οίιιοθεν”
269 1915 366 2012 ηκειν
378 1916 526 1983 ναυτικςο
512 1885 675 1978 πλήθει,
685 1885 855 1972 Αννωνος
872 1894 1085 1979 ναυαρχοῦν-

81 2016 192 2076 τος,
219 1987 301 2080 πρός
332 1993 481 2072 ἐκείνους
505 1990 695 2078 ἐτράποντο.
738 1993 794 2060 καὶ
822 1989 1084 2080 ἀντιπαραταξα-

111 2087 294 2180 μένωυ’
250 2095 366 2162 αυτῶν
387 2087 510 2183 άστρον
534 2121 566 2162 τι
596 2096 817 2180 λαμπαδτόδες
840 2089 995 2178 υπερθεν
1018 2092 1086 2158 τοῖν

72 2215 98 2256 ²⁰
108 2186 284 2282 Ρωμαίων
300 2221 410 2282 φανεν
428 2189 656 2285 έξάριστεράς
674 2199 722 2274 είς
739 2190 817 2272 τούς
831 2194 1086 2281 Καρχηδονίους

109 2290 224 2385 άρθδν
243 2297 500 2384 ἐγκατέσκηψεν.
533 2297 664 2384 ἐγένετο
684 2291 716 2364 δ’
714 2290 942 2426 ηναυμαχία
956 2293 1012 2362 καὶ
1031 2288 1084 2361 ἐπ’

109 2393 243 2518 ἀμφοῖν
267 2393 410 2487 καρτερά
435 2392 481 2466 δι’
508 2393 593 2467 άλλα
615 2423 652 2467 τε
670 2425 726 2466 και
745 2401 800 2466 ἵνα
818 2400 853 2466 σί
874 2395 936 2484 μέν
953 2403 1086 2484 Καρχη-

111 2494 224 2568 δόνιοι
243 2500 276 2580 ἐς
293 2495 459 2569 τελείαν’
442 2496 635 2586 απόγνωσιν
648 2525 727 2579 τους
740 2495 920 2587 Ρωμαίους
933 2499 992 2568 τοῦ
1006 2524 1086 2568 ναυ-

110 2604 210 2670 τικοῦ
228 2598 491 2689 καταστήσωσιν,
509 2605 545 2670 οί
560 2599 593 2670 δ’
612 2605 670 2670 ίνα
687 2601 745 2670 καί
758 2599 815 2681 τάς
833 2599 994 2691 προτέρας
1006 2596 1086 2668 άνα-

73 2722 98 2764 2⁵
112 2699 335 2772 καλέσωντατ
346 2699 530 2792 συμφοράς.
566 2698 655 2791 ὅμως
674 2699 705 2770 δ’
726 2691 788 2773 οόν
806 2707 841 2772 oc
856 2699 1008 2791 Ῥωμαῖοι
1024 2697 1087 2789 τήν

111 2809 217 2891 νίκην
247 2799 388 2893 ήραντο·
423 2800 464 2873 τά
493 2800 557 2894 γάρ
586 2807 655 2874 των
685 2809 929 2894 Καρχηδονίων
960 2799 1085 2890 σκάφη,
1098 2809 1130 2870 θ’

112 2911 241 2994 φορτία
258 2909 404 2996 φέροντα
421 2903 505 2996 πρὸς
521 2921 592 2986 τοῖς
609 2902 720 2986 ἄλλοις
738 2907 794 2975 καὶ
817 2919 910 2975 σῖτον
928 2905 984 2972 καὶ
1009 2899 1086 2992 χρή·
1124 2964 1126 2970 .

112 3034 222 3094 ματα,
241 3003 456 3098 ἐβαρύνοντο.

188 3103 225 3178 ‘0
244 3103 276 3177 δ’
289 3104 423 3182 ’Ἇννων
436 3107 613 3197 διαφυγόν
623 3103 736 3190 v&6663
750 3113 797 3190 είς
810 3104 872 3195 τήν
884 3102 1087 3198 Καρχηδόνα
1189 3169 1191 3173 .

75 3205 274 3298 ωήπείχθη.
322 3213 358 3279 οί
378 3207 606 3302 Καρχηδόνιοι
631 3211 668 3280 δὲ
691 3215 792 3303 θυμῷ
816 3212 1003 3299 ληφθέντες
1030 3209 1086 3279 καὶ

116 3357 323 3369 m

186 3441 254 3509 Gap.
276 3443 315 3497 17.
352 3443 449 3494 Dionis
468 3441 611 3494 Historiae
629 3443 768 3493 Romanae
786 3441 851 3492 libri
869 3441 980 3508 perditi.
