2562 3814
469 141 799 194 L1B.v11.cA1³‚xx1.
934 210 936 214 ¹
1058 138 1119 202 149

145 282 250 374 τηγὸς
276 279 343 352 ὖπό
367 285 437 352 τῶν
455 287 665 371 στρατιωτῶν
689 276 889 369 άνομάζετο,
916 282 971 349 καὶ
990 284 1119 363 κλῶνας

148 385 284 476 δάφνης
304 387 452 472 περιέδει
474 399 546 463 ταῖς
565 381 701 472 ῥάβδοις
726 385 781 452 καὶ
806 398 873 463 τοῖς
897 379 1120 473 δρομοκήρυξι

145 506 218 569 τοϊς
237 485 301 578 τήν
318 492 419 573 νίκην
437 487 696 573 καταγγέλλουσι
719 491 759 573 τῇ
778 483 872 554 πόλει
889 492 1034 572 κομίζειν
1053 487 1117 554 ἐδί·
1128 504 1153 553 Ι)

147 597 222 660 δον.
262 584 374 658 ἐλθάν
393 586 431 655 δὲ
448 579 644 674 οἶκαδετήν
657 591 838 676 γερουσίαν
851 583 1051 676 συνήθροιζε
1065 589 1121 656 καὶ

122 689 223 781 εήτει
240 695 460 779 ψηφίσασθαί
474 693 510 757 οἱ
523 686 564 756 τά
583 692 736 758 ἐπινίκια.
768 689 823 758 καὶ
844 695 875 757 εί
891 695 986 777 ἐτυχε
1004 687 1120 778 ψήφου

157 790 247 879 παρά
263 818 297 860 τε
314 793 374 878 τής
392 792 517 878 βουλῆς
535 792 591 859 καὶ
608 796 668 860 τοῦ
683 787 803 880 δήμου,
822 792 1016 878 ἐβεβαιοῦτο
1029 786 1119 884 αὐτῷ

155 897 214 962 καὶ
233 887 251 980 ή
269 895 443 981 ἐπωνυμία
459 895 519 961 τοῦ
537 888 787 982 αὐτοκράτορος.
824 893 880 961 καὶ
899 898 930 960 εί
945 891 1007 980 μέυ
1026 895 1063 963 ἐν
1079 895 1122 982 τῇ

150 993 240 1084 άρχή
255 983 299 1082 ἦν
316 999 376 1081 ἐτι,
401 995 438 1060 ἐν
455 982 478 1082 ή
495 990 672 1083 τυγχάνων
691 997 838 1082 ἐνίκησε,
862 991 971 1082 ταάτηΙ
985 994 1040 1062 καί
1059 1020 1120 1062 πα·

149 1105 343 1184 νηγνρίζων
362 1097 533 1183 ἐκέχρητο,
559 1101 590 1164 εί
608 1091 638 1163 δ’
660 1092 677 1164 ὁ
696 1092 813 1182 χρόνος
831 1093 1046 1185 παρελήλυθε
1063 1099 1121 1183 τής

110 1223 135 1262 ιο
149 1194 277 1287 άρχής,
304 1193 386 1266 άλλο
409 1225 440 1264 τι
464 1194 660 1286 πρόσφορον
684 1191 770 1286 αὐτῇ
794 1194 981 1285 ἐλάμβανεν
999 1193 1119 1286 ὄνομα·

150 1297 273 1390 ίδισάτη
292 1295 356 1386 γάρ
375 1296 551 1386 νικητήρια
569 1300 696 1387 πέμψαι
713 1293 881 1387 άπείρητο.
916 1296 1121 1367 ἐνσκευασά-

148 1429 254 1492 μενος
274 1400 310 1470 δὲ
327 1402 369 1488 τή
388 1403 539 1492 ἐπινικίφ
564 1403 685 1488 σκευή,
713 1401 768 1468 καὶ
795 1396 1047 1488 περιβραχιόνια
1064 1392 1121 1468 λαὲ

149 1503 227 1591 βάτα
246 1498 413 1589 στέφανόν
437 1527 473 1570 τε
493 1500 622 1589 δάφνης
645 1498 900 1590 ἀναδησάμενος
922 1502 977 1573 καὶ
996 1497 1122 1572 κλάδον

150 1606 289 1692 κρατῶν
307 1605 343 1672 ἐν
360 1606 401 1693 τή
420 1605 522 1694 δεξιᾷ,
541 1601 601 1672 τόν
619 1608 726 1692 δήμου
744 1602 940 1674 συνεκάλει·
959 1605 1014 1673 καὶ
1029 1606 1122 1672 ἐπαι*

105 1730 131 1768 15
149 1710 255 1786 νέσας
279 1703 357 1785 τοὺς
381 1709 732 1794 συστρατευσαμένους
756 1701 846 1798 αὐτῷ
871 1708 927 1775 καί
951 1709 1121 1797 κοινῇκαὶ

152 1813 226 1899 ἰδίᾳ
248 1803 357 1893 τινάς,
386 1809 542 1895 ἐδωρεῖτο
566 1805 628 1895 μλυ
651 1814 746 1896 σφίσι
771 1807 937 1898 χρήματα,
965 1811 1058 1897 ἐτίμα
1083 1807 1121 1877 δέ

150 1911 209 1978 καὶ
234 1906 365 2000 κόσμῳ,
389 1905 642 1997 περιβραχιόνιά
665 1912 702 1978 τέ
722 1931 788 1979 τισι
812 1911 868 1979 καὶ
894 1907 1017 1998 δόρατα
1040 1906 1220 1978 άσί-Ρ1353

155 2016 241 2098 δηρα
258 2026 414 2098 παρεῖχε,
434 2011 488 2078 καί
507 2006 694 2097 στεφάνους
711 2028 780 2092 τοῖς
798 2011 859 2098 μὲν
877 2017 1033 2100 χρυσοῦς,
1051 2029 1121 2092 τοῖς

153 2112 193 2180 δὲ
217 2108 386 2199 ἀργυροῦς
411 2113 545 2199 ἐδίδου,
575 2108 722 2200 τοῦνομά
748 2138 784 2180 τε
816 2109 1037 2180 ἑκάστουκαὶ
1062 2117 1120 2200 τής

106 2234 133 2274 ²⁰
150 2208 322 2302 άριστείας
340 2214 503 2302 φέροντας
520 2210 556 2281 τὸ
576 2209 762 2302 ἐκτόπωμα.
801 2219 832 2281 εί
848 2207 911 2300 γάρ
929 2219 1058 2300 τείχους
1072 2241 1120 2294 τις

149 2317 283 2404 πρῶτος
301 2315 416 2401 ἐπέβη,
436 2316 491 2382 καὶ
507 2321 639 2403 τείχους
657 2311 674 2383 ὁ
693 2315 855 2402 στέφανος
875 2311 962 2394 εἶδος
981 2317 1116 2403 ἔφερεν·

148 2411 171 2504 ἢ
189 2417 247 2484 καί
267 2412 519 2504 ἐξεπολιόρκησέ
534 2444 582 2503 τι,
601 2417 657 2485 καὶ
675 2421 772 2487 τοῦτο
790 2411 924 2486 κάκεῖνο
943 2412 1115 2487 είκόνιστο.

149 2514 384 2606 ἐναυκράτησέ
408 2545 475 2606 τις,
507 2519 630 2586 ναυσὶν
659 2515 676 2586 ὁ
707 2521 870 2607 στέφανος
901 2515 1115 2608 ἐκεκόσμητο·

149 2615 381 2706 ίπποκράτησέ
395 2647 462 2704 τις,
487 2617 624 2688 ίππικόν
647 2647 679 2688 τι
698 2617 924 2702 ἐξετετόπωτο.
961 2615 1036 2690 ὁδέ
1059 2647 1117 2689 πο-

104 2751 132 2790 τε
148 2726 248 2808 λίτην
266 2718 340 2789 τινά
359 2722 395 2788 ἐκ
411 2717 517 2808 μάχης
535 2713 557 2809 ή
575 2721 688 2807 ἐτέρου
706 2721 868 2794 κινδύνου
892 2717 912 2810 ή
932 2725 967 2791 ἐκ
985 2730 1117 2810 πολιορ·

147 2829 225 2902 κίας
244 2819 354 2902 στάσας
378 2819 537 2910 μέγιστόυ
560 2849 596 2891 τε
615 2821 682 2912 εἶχε
699 2821 759 2895 τόν
784 2830 922 2894 ἐπαινου
946 2825 1002 2892 καὶ
1021 2821 1117 2911 ἐλάμ-

148 2930 234 3010 βανε
253 2925 420 3011 στέφανον
438 2920 616 3012 γινόμενον
635 2927 671 2994 ἐκ
689 2923 804 3012 δρυός,
822 2919 859 3004 δς
878 2923 964 2994 πολὺ
981 2919 1118 2992 πάντων

147 3025 206 3092 καὶ
231 3030 300 3093 τῶν
323 3019 483 3114 άργυροὸν
507 3026 562 3094 καὶ
592 3029 660 3096 των
683 3032 819 3116 χρυσοῖν
842 3020 886 3106 ως
910 3021 1117 3114 ’ἐντιμότερος

147 3133 377 3215 προτετίμητο.
408 3129 463 3196 καὶ
481 3123 522 3196 οὐ
540 3123 613 3197 κατ’
629 3123 738 3218 άνδρα
755 3125 859 3216 μόνον
872 3121 1149 3217 άριστεόσανταΒ

102 3255 131 3296 το
147 3230 256 3296 ταντα
288 3229 437 3316 ἐδίδοτο,
453 3223 552 3298 Ιοἰλλά
579 3231 634 3298 καὶ
666 3228 774 3320 λόχοις
800 3231 856 3300 καὶ
874 3230 1116 3323 ’στρατοπέδοις

146 3325 240 3410 ὅλοις
265 3336 449 3418 παρείχετο.
487 3332 543 3399 καὶ
566 3335 636 3401 τῶν
660 3329 822 3422 λαφύρων
844 3331 950 3403 πολλά
967 3331 1030 3422 μὲν
1046 3347 1116 3410 τοῖς

149 3433 453 3521 στρατευσαμένοις
468 3435 699 3522 διαυενέμητο·
718 3429 784 3522 ήδη
796 3435 836 3503 δέ
844 3463 931 3516 τινες
945 3434 1000 3504 καί
1015 3433 1115 3501 παντὶ
