2566 3812
108 147 113 154 ⁶
229 152 294 218 242
530 155 602 208 LIB.
615 157 693 212 vlu.
712 155 791 209 cAP.
805 157 905 212 XXIV.

230 300 340 380 πεζῶν
356 297 414 366 καὶ
429 301 500 366 τῶν
513 291 725 386 ἐλεφάντων,
742 299 779 366 οί
742 292 863 385 ο’μετ
885 291 991 367 αάτον
976 293 1201 388 ἐτράπησαν

232 403 281 478 είς
305 393 440 507 φυγήν,
465 398 520 466 καί
543 399 662 468 πολλοὶ
660 394 920 524 διεφθάρησαν
942 395 1056 492 φόνφ,
1081 403 1197 470 πολλοὶ

232 490 350 568 δὲκαὶ
380 503 427 580 είς
455 497 516 568 τὸν
544 497 694 588 ποταμὸν
721 493 970 589 ἀπερισκέπτως
1000 498 1198 590 ἐμπεσόντες

231 596 490 689 ἐπνίγησαν,
465 627 511 682 ως
539 595 673 688 ὀλίγους
702 597 785 689 μετά
809 604 871 670 του
892 598 1027 690 Λόγγου
1053 624 1199 693 περισω-

230 705 343 791 θῆναι.
379 697 516 790 νικήσας
538 697 691 791 μέντοιὸ
707 697 862 791 Ἀννίβας
884 699 948 773 οὐκ
970 699 1165 794 ἐχαιρεν,”
1146 732 1226 775 οτιε

230 799 432 930 στρατιώτας
461 829 498 872 τε
527 800 672 886 πολλοὺς
702 805 759 873 καὶ
789 800 867 884 τούς
897 804 1080 895 ἐλέφαντας
1109 803 1199 894 πλὴν

185 965 188 970 .
231 903 308 985 ἑνὸς
321 897 389 975 666
402 906 466 975 τοῶ
477 907 638 1027 χειμῶνος
655 905 771 974 καὶ
724 933 793 977 των
805 902 1006 995 τραυμάτων
1018 903 1066 976 ιἰπ
1067 907 1197 994 έβαλεν.

302 1003 444 1096 Ἀνοχήν
473 994 537 1076 οὖν
572 1002 744 1078 ἄσπονδον
774 1005 994 1098 ποιησάμενοι
1023 1005 1106 1099 πρὸς
1135 1005 1199 1130 666

196 1114 366 1198 όσνμμαχ
368 1113 425 1178 ίδα
449 1113 547 1196 σφῶν
566 1105 714 1200 ἑκάτεροι
737 1105 990 1199 ἐχῶρησαν,’
951 1137 1016 1180 καν
1037 1123 1110 1192 ταις
1133 1107 1198 1180 πό-

231 1220 327 1282 λεσιν
339 1207 453 1281 αὐτῶν
467 1213 521 1300 ἐχε
524 1217 647 1299 ί.μαξον
678 1211 734 1280 καλ
747 1211 871 1300 τοιςμέ
871 1239 894 1282 ν
906 1205 1076 1302 Ρωμαίοις
1088 1207 1199 1301 άφθο·
1214 1243 1239 1284 ιο

230 1341 273 1383 να
298 1316 417 1401 ἐφοίτα
439 1307 480 1381 τά
506 1308 736 1434 ἐπιτρδεια,’
719 1340 736 1382 ο
757 1308 789 1381 δ
812 1308 970 1400 Ἀννίβας
990 1307 1053 1382 οὐκ
1076 1307 1200 1402 άρκοά

230 1441 329 1504 μενος
348 1427 418 1494 τοῖς
441 1409 532 1500 παρά
556 1416 627 1483 τῶν
648 1410 832 1536 σνμμάχφν
856 1416 1043 1504 διδομένοις
1066 1430 1139 1497 ταῖς
1160 1443 1240 1517 te·

231 1514 357 1606 κώμαις
379 1515 436 1583 καὶ
465 1527 538 1595 ταῖς
561 1511 677 1584 πόλεσι
698 1520 766 1586 τῶν
787 1509 957 1606 Ῥωμαίων
979 1523 1200 1606 προσπίπτων

229 1644 270 1686 τα
257 1616 352 1705 μέν
369 1611 517 1738 έιιράτει,
541 1612 672 1684 τάδ’
654 1613 869 1706 απεκροάετο.
905 1619 983 1688 καί
979 1643 1059 1688 ποτε
1075 1645 1122 1710 τφ
1107 1621 1222 1688 λπ-

229 1721 316 1812 πικῷ
329 1712 399 1840 φπὸ
417 1719 479 1786 τοῦ
494 1714 629 1807 Λόγγου
646 1719 800 1806 νικηθεὶς
823 1717 964 1809 ἐτρώθη.
999 1687 1199 1848 θαρσὲᾗσαν-
1215 1751 1240 1791 ιι

227 1847 282 1902 τες
299 1846 363 1890 ονν
380 1820 416 1888 ἐκ
433 1815 556 1889 τοάτου
571 1818 660 1899 τινὲς
676 1825 745 1891 τῶν
758 1817 928 1910 Ῥωμαίων
944 1821 1001 1892 καί
1020 1817 1137 1891 καθ’
1120 1849 1201 1891 εαυ-

227 1917 308 2005 τούς
326 1915 571 2008 προσβάλλοντι
588 1914 705 2006 αὐτοῖς
728 1923 923 2011 ἐπεξῆλθον.
961 1913 1138 2005 κάκείνους
1160 1951 1201 1992 τε

229 2029 370 2153 ἔφθειρε
400 2022 457 2092 καὶ
490 2024 552 2092 τοῦ
580 2029 706 2114 χωρίου
736 2020 897 2117 ὁμολογίᾳ
925 2021 1102 2116 ἐκράτησε·
1140 2027 1201 2096 καὶ

228 2126 309 2199 αὐτο
298 2125 397 2216 μέν
419 2123 622 2215 κατέσκαψε,
648 2129 717 2195 τῶν
742 2123 774 2194 δ’
795 2123 1013 2216 αίχμαλῶτων
1035 2123 1114 2210 τούς
1134 2126 1200 2215 μὲν

222 2229 402 2322 Ῥωμαίους
425 2223 617 2316 ἀπέκτεινε,
641 2223 719 2308 τούς
744 2221 778 2295 δ’
796 2225 919 2310 ἄλλους
942 2223 1061 2317 ἀφῆκε.
1096 2231 1199 2298 τοῦτο
1213 2258 1239 2298 το

192 2333 267 2403 1)δέ
284 2334 341 2402 καὶ
360 2324 415 2420 ἐφ’
435 2324 540 2398 άπασι
556 2341 626 2408 τοῖς
643 2329 883 2419 ζωγρονμένοις
907 2331 1030 2418 ἐποίει,
1052 2328 1111 2411 τὰς
1133 2327 1201 2399 πό-

105 2475 110 2486 ·
227 2443 298 2516 λεις
317 2429 361 2502 δι’
382 2422 496 2502 αὐτῶν
512 2426 748 2518 οίκειοάμενος.
780 2427 893 2520 άμέλει
909 2431 966 2500 καὶ
984 2435 1052 2502 τῶν
1068 2434 1201 2502 λοιπῶν

227 2536 389 2604 Γαλατῶν
418 2531 536 2600 πολλοὶ
567 2533 624 2600 καὶ
645 2528 786 2619 Λιγύων
816 2533 873 2602 καὶ
901 2535 1088 2621 Τυρσηνῶν
1117 2529 1208 2613 τούς·

224 2631 405 2726 Ῥωμαίους
422 2630 501 2712 τούς
518 2626 600 2723 παρ’
620 2627 733 2715 αὐτοῖς
755 2629 854 2716 ὄντας
872 2637 906 2703 οί
921 2633 984 2723 μὲν
1006 2630 1199 2723 φονεύσαν-

172 2813 175 2820 A
226 2764 297 2827 τες,
316 2741 350 2807 οί
366 2736 405 2808 66
422 2729 575 2815 ἐκδόντες
591 2737 805 2823 μετέστησαν.
1213 2764 1241 2805 σε

298 2836 350 2922 Ἐς
376 2839 413 2909 66
434 2837 497 2926 τὴν
525 2841 720 2926 Τυρσηνίδα
744 2840 792 2930 τῷ
812 2832 951 2929 Ἀννίβᾳ
977 2837 1198 2929 πορευομένῳ

225 2935 243 3012 6
262 2939 391 3031 Λόγγος
409 2940 566 3027 ἐπέθετο,
584 2943 744 3028 χειμῶνος
761 2943 887 3008 πολλοῦ
905 2939 1097 3029 γενομένου.
1133 2965 1199 3008 πε-

226 3040 356 3114 σόντων
387 3041 425 3112 66
452 3035 655 3132 Ιάμφοτέροις
684 3039 818 3109 πολλῶν
843 3035 861 3108 6
884 3035 1041 3128 Ἀννίβας
1071 3042 1105 3121 ἐς
1131 3038 1199 3126 τὴν

227 3142 434 3233 Λιγυστικὴν
457 3139 570 3214 ἐλθῶν
593 3143 814 3233 ἐνδιέτριψεν.
849 3137 1052 3212 ὑποπτεύων
1076 3140 1113 3210 δέ
1136 3144 1199 3210 καὶ

228 3243 305 3326 τούς
323 3247 521 3336 σφετέρους,
539 3242 657 3315 οὐδενὶ
674 3247 799 3337 ῥαδίως
818 3244 1010 3332 ἐπίστευεν,
1028 3240 1112 3326 ἀλλὰ
1130 3239 1199 3330 τήν
1213 3271 1242 3312 so

113 3394 118 3404 ι
231 3342 356 3433 ἐσθῆτά
377 3372 414 3416 τε
436 3341 654 3436 μεταβάλλων
683 3349 740 3416 καὶ
763 3343 879 3436 κόμαις
902 3341 1070 3434 χρῶμενος
1100 3369 1198 3432 περι-

228 3446 342 3528 θέτοις
357 3443 420 3536 τήν
432 3475 468 3518 τε
481 3443 628 3532 διάλεξιν
641 3442 757 3518 ἄλλοτε
770 3443 877 3538 άλλην
889 3444 1099 3538 ποιούμενος,
1116 3441 1200 3536 ᾔδει
