2510 3834
154 169 195 234 38
477 169 549 220 ιιο.
562 167 608 222 v1.
628 167 706 219 σεε.
719 167 796 218 xm.

155 311 268 398 λαβών
293 305 396 378 αὐτόν
421 305 482 378 τόν
507 307 682 388 Μωυσέως
705 303 810 396 νόμον
834 301 1118 394 ἀναγινώσκοντα,

158 409 208 482 06
226 407 346 499 λόγους
358 409 462 498 μόνον
479 407 724 498 ἀναγινώσκειν
742 430 780 479 σε
795 412 859 498 δεῖ,
876 408 1028 496 βασιλεό,
1043 413 1124 497 ἔφη,

155 509 241 582 ἀλλά
258 513 316 582 καλ
331 511 371 582 τοὶ
393 507 453 581 ὑπ’
476 511 589 582 αὐτων
606 510 845 602 διατεταγμένα
870 525 988 580 ποιεῖν.
1025 509 1120 598 μέχρι

156 621 246 695 τίνος
264 609 484 702 ἀπερίτμητος
501 614 628 702 μένεις;
647 611 723 691 ὁδδ
741 608 803 702 οὐχ
820 605 1046 702 ὑπερεβάλετο
1060 610 1122 699 την

157 717 287 806 πρᾶξιν,
305 711 390 784 ἀλλὰ
407 711 633 806 περιετμήθη·
649 715 706 786 καὶ
722 717 763 804 τῇ
777 714 876 884 μητρὶ
893 713 1009 806 καὶτῷ
1023 707 1149 784 ’τίνα-5

157 823 215 908 νίηι
239 817 432 906 πεπρᾶχθαι
455 813 493 887 τό
518 823 618 906 ἔργον
648 811 778 904 ἐδήλου.
822 819 902 884 οίδ
882 809 915 884 δ’
942 811 1123 903 είςφόβον

159 888 317 989 ἐνέπεσον
341 945 386 1006 μη
376 913 498 987 καὶ
482 945 501 986 ο
520 915 677 1005 βασιλεὺς
703 917 758 986 καὶ
781 911 879 988 αὐτοι
866 912 1123 987 κινδυνεύσω·

27 1049 29 1054 ’
148 1040 222 1103 σιν.
237 1017 334 1088 666
351 1016 431 1101 θεὸς
448 1017 508 1089 τόν
526 1016 634 1108 φόβον
653 1020 767 1090 έλδελν
792 1015 1005 1159 είςτέλος’
967 1045 1008 1087 ου
1026 1037 1123 1086 συνε·

158 1117 401 1308 χωρηὲλένηδέ
386 1221 563 1310 έέπιβνμί
561 1249 604 1292 αν
622 1228 719 1310 ἔσχεν
737 1226 784 1302 είς
803 1217 1058 1310 Ιεροσόλυμα’
1040 1248 1121 1308 αφι-
1135 1249 1161 1290 ιο
1253 1201 1254 1206 ¹

159 1322 293 1392 κέσβαι
292 1323 354 1392 καλ
371 1329 604 1414 προσκυνῆσαι
620 1321 657 1392 τὸ
674 1327 734 1392 τοῦ
752 1324 837 1392 θεοῦ
856 1319 958 1446 ίερόγ
994 1323 1123 1392 καὶτοῦ

124 1427 236 1496 Βυιοῧ
255 1425 491 1514 ἐπιτρέψαντος
508 1427 563 1494 καλ
581 1422 732 1514 χρήματα
749 1431 888 1494 πλείστα
903 1419 1053 1506 δόντος”
1031 1449 1124 1492 απει·

160 1545 215 1596 σιν
233 1531 280 1606 είς
295 1517 517 1615 Ἱεροσόλυμα.
548 1526 603 1594 καὶ
622 1531 706 1620 λιμῷ
717 1525 962 1616 φθειρομένους
979 1522 1124 1606 πολλοὺς
1253 1597 1254 1600 ,

162 1624 308 1717 εὑροῦσα
339 1628 425 1714 ἐκεῖ,
459 1623 552 1696 σῖτόν
582 1654 618 1696 τε
651 1629 684 1710 έξ
713 1621 961 1717 Ἀλεξανδρείας
993 1623 1129 1714 ἐκόμισε

158 1727 216 1799 καὶ
239 1723 388 1816 ἰσχάδων
410 1725 537 1817 φόρτον
561 1729 597 1796 ἐκ
622 1724 765 1819 Κάπρου
788 1733 923 1800 πολλῶν
945 1724 1124 1818 χρημάτων
1138 1754 1163 1796 ω

136 1860 139 1866 ·
158 1828 324 1918 πριαμένη
342 1843 411 1910 τοῖς
428 1826 672 1920 ἀπορουμένοις
691 1829 843 1919 διένειμε.
880 1829 936 1900 καί
953 1827 973 1898 ὁ·
989 1845 1067 1910 πασς
1084 1827 1125 1898 δέ
1243 1866 1249 1926 j

159 1926 262 2016 αὐτῆς
279 1928 386 2000 πολλά
404 1927 555 2021 χρήματα
571 1945 640 2012 τοϊς
658 1928 801 2021 πρώτοις
818 1935 886 2002 τών
904 1928 1125 2022 Ἱεροσολυμι-
1251 2007 1254 2018 .,

158 2031 227 2100 τών
245 2036 408 2120 ἔπεμψεν,
427 2027 475 2101 ἵν’
489 2037 525 2102 oc
539 2029 755 2122 λιμώττοντες
773 2030 829 2102 διά
844 2027 974 2102 τούτων
987 2029 1032 2114 ὡς
1047 2031 1125 2101 ἐνὸν
1252 2045 1254 2112 g

161 2134 418 2224 έπικουρηθώσι.
1248 2141 1250 2148 ’

235 2235 303 2304 Καὶ
315 2238 419 2304 ταῦτα
431 2234 494 2322 μὲν
507 2230 627 2314 οὕτως·
651 2229 855 2325 Ἀρταβάνης
868 2233 905 2303 δὲ
916 2229 934 2303 6
947 2239 1014 2304 τών
1027 2231 1124 2324 Πάρ-
1137 2261 1163 2304 ιο
1252 2289 1254 2298 ,

158 2347 235 2406 θων
248 2332 424 2422 βασιλεύς,
444 2331 627 2423 έπιβουληγ
645 2331 746 2422 γνοός
763 2333 842 2415 τοὺς
856 2333 1029 2427 σατράπας
1048 2333 1122 2426 κατ’

160 2435 263 2508 αὐτοῦ
286 2433 547 2525 μελετήσαντας,
574 2433 764 2524 ἀφικνεῖται
781 2432 864 2528 πρός
883 2433 1018 2525 Ἰζάτην,
1046 2457 1127 2526 συγ·
1253 2455 1254 2528 ζ

159 2537 269 2624 γενῶν
285 2561 322 2604 τε
340 2537 447 2606 καὶί
413 2565 432 2608 ο
434 2540 553 2608 ίκετών
575 2539 653 2628 περι
670 2543 796 2627 χιλίους
821 2535 1033 2628 ἐπαγόμενος.
1070 2540 1126 2608 καὶ
1249 2534 1254 2600 '3

160 2633 241 2708 καθ’
256 2633 338 2707 ὁδὸν
356 2639 404 2731 τῷ
425 2634 527 2730 Ἰζάτη
545 2638 695 2730 ἐνέτυχε,
713 2645 774 2709 καί
787 2659 870 2728 φησι
888 2637 950 2727 Μή
966 2665 1008 2729 με
1025 2646 1127 2730 παρί-

58 2727 280 2828 Ρ1284δης,
255 2766 280 2806 ω
299 2743 456 2828 βασιλεῦ,
470 2739 629 2812 ταπεινόν
644 2743 680 2810 ἐκ
692 2744 878 2830 μεταβολῆς
891 2738 1052 2830 γεγονότα
1069 2742 1127 2812 καί
1140 2766 1164 2808 ιι

161 2837 298 2929 ίδιώτην
317 2840 552 2930 έκβασιλέως,
577 2837 651 2912 ιἰλλ
672 2832 903 2932 έπικοόρησου.
938 2844 1044 2912 ταῦτα
1062 2841 1127 2913 σδν
1248 2878 1253 2887 ·

160 2939 327 3034 δάκρυσιν
356 2950 478 3030 ἔλεγεν.
521 2941 652 3015 ὁδέἸ
632 2941 746 3032 Ιξάτης
775 2941 922 3027 ιἰκούσας
946 2942 985 3014 τὸ
1008 2941 1126 3034 ὄνομα,
1238 2959 1243 2964 “

160 3041 369 3132 κατεπήδησε
387 3047 448 3114 τοῦ
463 3048 569 3115 ἵππου
587 3045 643 3114 καὶ
659 3043 802 3134 Θάρσει,
821 3051 904 3134 ἔφη,
924 3037 951 3115 ὦ
968 3052 1125 3134 βασιλεῦ’

159 3137 183 3232 6
205 3140 269 3234 γάρ
292 3147 342 3227 είς
364 3143 426 3234 τὴν
449 3143 603 3236 Πάρθων
626 3151 801 3234 βασιλείαν
820 3170 859 3218 σε
885 3145 1081 3236 καταστήσω
1105 3143 1128 3236 6

160 3247 218 3333 της
245 3248 324 3334 ἐμῆς
352 3267 405 3316 σοι
430 3244 637 3337 ἐκστήσομαι.
673 3254 778 3318 ταῦτα
805 3246 878 3318 εἶπε
901 3251 958 3318 καὶ
985 3249 1039 3318 ἐπὶ
1065 3247 1127 3320 τόν
1140 3270 1166 3316 ω

159 3351 264 3416 ἵππον
282 3342 385 3418 αὐτόν
401 3343 622 3438 άνεβίβασευ,
649 3345 749 3431 αάτδς
768 3348 807 3419 δέ
823 3349 919 3434 πεζὸς
936 3356 1124 3442 παρείπετο.

159 3447 216 3516 καὶ
238 3446 256 3517 6
281 3443 484 3540 Ἀρταβάνης
509 3444 654 3538 ὤμοσεν,
680 3455 711 3521 εί
733 3446 778 3540 μη
802 3447 956 3534 κάκεῑνος
979 3447 1127 3542 άυαβαίη
