2546 3822
428 178 717 295 mme
979 231 1041 302 W

76 405 117 468 μη
146 381 208 446 τού
236 381 383 464 Σεργίου
414 361 474 445 καί
501 403 593 457 τινας
625 373 719 458 εἰς’
700 375 816 474 αρχάς
830 383 1040 470 προεβίβασε

76 483 154 548 ταύτ
158 475 397 601 ’ἀγγελθέντα
414 483 461 571 τῷ
480 477 600 549 Λέοντι
617 478 842 565 διανέστησαν
859 475 967 549 αύτδν
989 486 1144 572 661211102

2 631 4 634 .
75 577 316 668 τυραννήσαντι
340 548 596 666 άντιτάξασθαι,
626 579 683 647 καλ
709 585 853 650 Παύλον
882 577 944 648 τόν
973 577 1077 650 τάνΑ

29 679 288 768 βασιλικώνί
287 677 471 802 πποκόμειν
490 683 741 768 ἐπιστατούντα,
760 677 1040 771 χαρτονλαριον
1020 711 1041 770 η

50 805 62 849 5
72 778 237 868 Ρωμαίων
262 779 334 852 οἶδε
356 787 479 852 τούτου
496 783 607 867 λέγειν
616 781 733 906 φωνή,
752 789 928 872 πατρίκιον
945 783 1040 872 τιμή·
1103 801 1104 804 ’

24 902 131 962 σας
149 881 205 950 καλ
223 880 412 1006 στρατηγόν
432 876 625 964 Σικελίας’
607 883 788 972 ονομάσας,
814 883 941 952 στέλλει
957 883 1041 952 κατά

12 993 14 998 ’
73 987 132 1052 τοῦ
151 979 354 1070 άποστάτον,
378 983 616 1074 προστάγματα
633 982 719 1071 πρός
736 981 818 1064 τούς
835 990 905 1054 τεόν
922 987 1042 1074 γοεράν
1068 1033 1071 1040 -

73 1082 233 1173 ἄρχοντας
259 1085 443 1172 ἐγχειρίσας
467 1083 560 1178 αύτῷ
585 1091 810 1174 συναίρεσθαι
838 1091 885 1179 τῷ
912 1085 1042 1180 Παύλῳ

4 1275 5 1278 ¹
72 1177 262 1272 κελεύοντα,
281 1185 338 1253 καὶ
356 1185 440 1274 πρός
452 1185 514 1274 τήν
528 1189 566 1256 ἐν
580 1193 720 1278 Σικελία
734 1185 773 1256 δὲ
786 1187 944 1274 στρατιάν
956 1214 1043 1276 γρα-

34 1310 60 1352 ιο
74 1284 142 1374 φήν
166 1281 348 1376 ἐγχαράξας
372 1291 544 1374 δηλοῦσαν
566 1292 677 1368 καλῶς
706 1293 795 1376 ἔχειν
808 1285 979 1375 Ῥωμαίοις
1002 1287 1053 1368 τάΙ

74 1386 262 1477 πράγματα,
287 1383 352 1475 ήδη
378 1394 446 1458 τάν
469 1387 632 1477 Ἀράβων
646 1385 842 1478 ἡττημένων
864 1389 922 1457 καὶ
939 1415 1043 1458 κατα-

72 1489 336 1577 τροπωθέυτοιν,
373 1488 428 1558 διά
464 1495 526 1560 τού·
557 1489 699 1560 Παύλου
730 1491 787 1560 καλ
816 1488 943 1577 ταύτην
973 1503 1043 1570 τοῖς

73 1587 289 1676 στρατιώταις
316 1590 518 1679 ἐκπέπομφε.
567 1591 800 1682 καταλαβόντα
830 1597 950 1662 τοίνυν
981 1591 1043 1678 τήν
1116 1621 1117 1624 ’

73 1697 233 1760 Σικελίαν
262 1695 384 1760 τοῦτον
415 1685 554 1761 άνωιστλ
583 1693 640 1760 καλ
671 1691 871 1784 εἰσελθόντα
896 1692 950 1772 ἐίς
980 1691 1042 1780 τήν

31 1815 58 1858 ιτ
77 1788 303 1881 Συράκουσαν
326 1790 449 1880 μαθολν
471 1790 489 1862 ὁ
509 1791 667 1880 Σέργιος,
695 1789 803 1873 εύθύς
829 1790 960 1883 ἀπέδρα
985 1795 1077 1862 καὶΒ

74 1891 158 1982 πρός
178 1897 430 2013 Λογγιβαρδίαν
449 1895 613 1981 ἐφοίτησε.
639 1898 702 1992 ’τού
719 1893 758 1963 δέ
771 1893 915 1976 Παύλου
934 1915 1042 1983 προσ-

73 1993 293 2083 ομιλήσαντος
318 1999 365 2086 τολ
392 1999 614 2086 στρατιωτικῷ
640 1987 697 2062 καί
714 1993 751 2064 τὰ
764 1993 914 2118 γράμμα
922 1995 960 2065 τό
978 2003 1042 2082 βα-

73 2101 200 2164 σίλειον
224 2089 433 2180 άναγνόντος
451 2089 567 2164 αὐτῶν
585 2101 633 2174 είς
652 2094 807 2182 ἐπήκοον,
826 2091 936 2174 εὐθύς
955 2098 1043 2162 ἐκεῖ·

72 2221 128 2264 νοι
154 2193 213 2262 τόν
231 2193 309 2282 μἐν
305 2193 450 2280 βασιλέα
473 2191 690 2282 εὐφήμησαν,
718 2194 777 2263 τόν
800 2195 839 2264 δὲ
857 2188 1045 2284 Γρηγόριου

27 2325 58 2368 νο
73 2295 131 2365 καλ
147 2293 229 2376 τούς
247 2291 381 2383 περὶ’
339 2293 444 2364 αυτόν
458 2300 618 2384 δεσμίους
635 2323 682 2388 τρι
668 2289 827 2388 1666
840 2295 1042 2384 παρέδοσαν

71 2392 193 2477 καλός
219 2394 280 2466 τόν
302 2393 365 2484 μὲν
384 2395 571 2487 Γρηγόριου
596 2365 720 2483 άνελλε,
746 2423 827 2478 τους
851 2393 884 2464 δ
912 2399 1043 2466 ἐκείνου

69 2493 286 2578 ὑπασπιστάς
309 2499 469 2586 μαστίξας
493 2498 550 2572 καὶ
567 2497 630 2585 τήν
646 2497 759 2586 κόμην
772 2496 960 2586 άποθρίξας
978 2493 1044 2568 αύ-

31 2607 37 2616 ’
70 2593 144 2680 τοῖς
167 2597 331 2690 ὑπερορίᾳ
355 2599 559 2689 κατέκρινεν.
595 2593 613 2668 6
642 2599 680 2668 δέ
700 2599 844 2689 Σέργιος
869 2608 1044 2690 πληροφο-

72 2707 156 2787 ρίαν
176 2699 291 2786 λαβολν
316 2699 362 2788 μή
384 2727 475 2781 τινος
499 2693 702 2790 πειραθῆναι
726 2706 852 2788 κακοῦ,
877 2699 960 2790 πρός
984 2701 1045 2770 τόν

25 2802 219 2872 κε’Παῦλον
243 2803 279 2868 ἐκ
302 2807 498 2888 Καλαβρίας
521 2795 671 2889 άφίκετο.
722 2803 780 2870 καὶ
806 2800 847 2870 τά
871 2801 934 2888 μὲν
959 2801 1044 2870 κατά

72 2900 141 2988 τήν
161 2899 320 2970 Σικελίαν
351 2899 459 2982 οὕτως
488 2899 670 2991 ήρέμησαν.
723 2906 759 2970 oc
787 2901 825 2970 δε
854 2891 917 3026 τήν
947 2899 1045 2970 πόλιν
1144 2907 1148 2916 ’

71 3001 335 3090 πολιορκοῦντες
345 2997 497 3091 Ἄραβες,
522 3002 692 3084 παθόντες
708 2998 875 3092 μαλλον
852 3029 874 3090 η
893 3001 1045 3092 δράσειν·
1058 3030 1080 3082 c

68 3131 140 3190 τες,
161 3105 343 3172 ἐπανελθεῖ
329 3113 362 3170 ἵν
380 3107 430 3182 είς
446 3101 486 3170 τά
504 3109 612 3174 οίκελα
630 3101 829 3229 ὡρμήκεσαν
847 3105 954 3173 καλί
921 3131 937 3174 ε
941 3110 969 3184 ίς
986 3101 1045 3184 τάς

70 3201 349 3326 περιλειφθείσας
380 3200 546 3292 ἐμβάντες
576 3211 661 3292 νήας
697 3203 872 3303 άπήεσαν.
908 3207 1047 3275 λαίλαπι

19 3335 55 3378 εο
73 3301 138 3374 δὲ
135 3301 371 3393 περιπεσόντες
390 3309 529 3398 σφοδρῷ
549 3305 672 3400 πάντες
695 3297 872 3376 ἀπόλοντο
889 3305 955 3378 σύν
972 3319 1046 3388 ταις

60 3410 217 3486 ὀίκείαις
234 3404 404 3534 τριήρεσι,
412 3405 557 3476 δέκα’
510 3433 628 3495 μονον
645 3413 739 3494 νηυλν
756 3413 1045 3497 περιλειφθεισύυ,

57 3501 131 3576 οἷν
150 3511 188 3576 αί
202 3507 266 3596 μέν
281 3507 382 3578 πέντε
399 3505 489 3598 παρά
501 3503 671 3600 Ῥωμαίων
685 3507 847 3594 ἐάλοισαν,
866 3514 904 3580 αί
919 3511 956 3581 δὲ
974 3520 1046 3580 λοι-

131 3651 253 3690 τοαεελε
271 3654 316 3689 ιιι.
801 3619 843 3685 22
931 3680 935 3685 .
1014 3686 1017 3692 ,
