2580 3816
237 184 300 250 302
526 261 529 268 1
552 187 622 240 Lm.
641 185 715 242 ειν.
735 184 813 240 cap,
832 185 905 239 ειν.

237 333 279 418 τῇ
312 325 378 419 ἕςόηι
402 326 531 415 Πέρσαι
560 323 622 413 τήν
645 333 781 413 Συρίαν
810 325 867 393 καὶ
892 329 1123 451 Παλαιστίνην
1146 327 1211 395 καὶ

204 397 447 514 (ἕΦοινίκηΓ
426 424 492 516 αφ’
519 425 662 508 ἑαυτους
687 425 895 514 ἐποιήσαντο.
943 425 1006 514 τήν
1026 424 1228 518 Ἀρμενίαν

231 529 277 600 δε
294 529 351 597 καὶ
368 533 617 598 Καππαδοκίαν
642 529 699 596 καὶ
716 526 778 614 τήν
794 534 1001 616 Παφλαγονί
1000 556 1042 597 αν
986 529 1117 596 ίκαὶ
1134 537 1210 600 Γα-

238 636 315 701 λατί
314 657 357 699 αν
380 629 608 719 κατέδραμον,
630 629 687 698 καί
713 629 810 717 μέχρι
834 627 1052 716 Χαλκηδόνος
1076 629 1206 718 προήλ-

238 741 360 816 θοσαν,
378 727 510 800 ἅπαντα
527 729 720 818 ληιζόμενοι.
756 731 793 798 ἐν
811 728 849 798 δε
866 735 909 818 τῇ
927 727 1082 820 Ιιάρόπη
1093 728 1200 818 ’Ἀβα-
1221 750 1235 791 ⁵

239 860 291 922 ροι
318 831 380 918 τήν
400 831 539 922 Θράκην
562 831 720 920 ἐδῄωσαν
743 830 799 898 καί
824 827 866 900 τά
880 829 1044 920 Ῥωμαϊκά
1061 831 1206 920 στρατόν
1284 845 1286 892 ἓ

239 938 335 1020 πεδα,
353 930 375 1001 ά
394 935 431 1002 ἐν
443 927 643 1021 ἀμφοτέροις
655 923 745 1019 ἦσαν
757 945 828 1011 τοῖς
841 930 999 1020 τμήμασι,
1016 931 1207 1022 διεφθάρη·
1284 949 1286 1024 ἦ

239 1057 321 1124 σαν,
348 1035 405 1102 καὶ
429 1032 539 1114 άλλως
564 1031 603 1102 δὲ
625 1031 732 1120 πολλή
758 1037 830 1102 τῶν
859 1030 1055 1120 ἀνθρώπων
1081 1038 1206 1119 θνῆσις
1285 1045 1286 1048 ’

239 1136 371 1222 ἐγένετο
401 1135 458 1204 καὶ
488 1131 614 1224 ἀφορία
644 1139 786 1224 καρπῶν
815 1133 872 1201 καί
902 1131 997 1226 ζῴων
1020 1131 1134 1224 φθορά
1167 1135 1208 1202 ἐκ

238 1231 437 1323 βαρυτάτων
461 1234 642 1326 χειρόνων.
679 1235 734 1303 ἐπὶ
757 1239 838 1303 πᾶσι
855 1232 893 1303 δὲ
910 1232 929 1304 ὁ
949 1232 1105 1324 ἀλάστωρ
1125 1243 1203 1306 Φω-
1221 1255 1249 1295 10

238 1343 299 1417 κάς
325 1338 362 1406 ἐν
392 1341 506 1407 ἵππων
536 1334 659 1424 ἁμίλλῃ
690 1339 759 1404 τῶν
790 1334 907 1422 δήμων
937 1335 1021 1425 πρδς
1044 1333 1152 1406 αὐτόν
1175 1363 1209 1404 τι

240 1437 518 1520 άποσκωνάντων
537 1440 701 1526 ἐκμανείς,
725 1433 871 1516 πολλοός
897 1435 960 1525 μὲν
976 1435 1102 1524 ἀνεῖλε,
1120 1445 1205 1506 πολ-

239 1537 321 1619 λοάς
340 1534 659 1630 δέήκρωτηρίασεν,
687 1540 800 1618 ένίους
822 1537 935 1625 μέντοι
958 1539 1016 1606 καὶ
1039 1537 1206 1608 κατεπόν-

204 1662 336 1728 ῡτωσε,
367 1647 546 1719 πλείστους
564 1639 603 1708 ’δὲ
619 1639 676 1706 καί
693 1643 741 1731 τῷ
759 1637 892 1730 ἐπάρχῳ
910 1640 1124 1728 παρέδωκεν,
1148 1643 1210 1726 ἵνα

190 1806 194 1812 ,
239 1740 365 1830 κολάση
391 1737 534 1827 αάτοός,
557 1746 595 1808 οἳ
609 1741 646 1808 ἐν
663 1744 711 1832 τῷ
729 1745 921 1833 πραιτωρίφ
938 1747 1205 1828 καθείρχθησαν.
1219 1759 1245 1799 1⁵

209 1849 211 1854 ’
240 1847 275 1910 οί
285 1841 330 1924 δὲΙ
341 1839 435 1928 ὅχλοι
448 1837 535 1928 ὁμοῦ
548 1841 723 1928 γενόμενοι
738 1841 927 1928 ἐνέπρησαν
939 1838 977 1910 τό
991 1839 1205 1930 πραιτώριον,

239 1942 295 2010 καί
320 1946 355 2010 οί
376 1941 611 2031 καθειργμένοι
633 1944 807 2030 διέφυγον.
838 1938 984 2030 Ἑβραῖοι
1010 1941 1049 2012 δὲ
1065 1940 1198 2010 στασιά-

140 2068 252 2121 W11166
260 2063 377 2123 σαντες
402 2044 439 2112 έν
458 2038 642 2135 Ἀντιοχείᾳ
659 2041 743 2112 κατά
767 2048 967 2132 χριστιανάν
984 2041 1116 2114 ἀνεῖλον
1133 2047 1206 2110 τῶν

236 2141 434 2234 Ἀντιοχέων
458 2144 624 2232 πολλοός,
649 2144 705 2212 καί
728 2140 835 2213 αὐτόν
859 2141 897 2214 δὲ
922 2143 982 2214 τόν
999 2142 1206 2233 πατριάρχην

238 2251 297 2333 τῆς
328 2245 457 2336 πόλεως
485 2241 723 2331 Ἀναστάσίον,
760 2244 817 2314 καί
847 2242 909 2314 τόν
941 2244 1064 2335 νεκρόν
1099 2242 1206 2314 αὐτοῦ
1218 2263 1242 2305 2⁰

238 2347 451 2416 κατέκαυσαν
476 2349 513 2416 ἐν
536 2352 577 2436 τή
601 2345 720 2436 ἀγορᾷ.
757 2352 889 2428 στείλας
911 2341 985 2416 δ’ἐδ
1007 2350 1129 2426 Φωκάς
1148 2343 1207 2426 οὓς

238 2447 301 2536 μὲν
326 2445 480 2534 ἀνεῖλεν,
506 2444 567 2526 οὓς
593 2446 632 2514 δὲ
656 2443 886 2538 ήκρωτηρίασε
907 2447 965 2516 καὶ
988 2452 1048 2534 τῆς
1079 2446 1207 2527 πόλεως

225 2549 422 2643 ,ἐξεδίωξεν
465 2543 483 2615 ὁ
507 2547 620 2634 μέντοι
642 2547 846 2638 πατριάρχης
870 2547 925 2618 ἐπὶ
954 2554 1032 2638 τρία
1062 2553 1121 2636 ἐτη
1151 2547 1209 2616 καλ

239 2652 347 2735 μῆνας
361 2645 437 2716 ,δόο
459 2651 519 2736 τῆς
545 2649 720 2737 ἐκκλησίας
743 2646 890 2738 προστάς
916 2647 1127 2737 ἐτελεύτησε,
1151 2648 1211 2718 καλ
1284 2637 1286 2648 ⁴

239 2746 442 2838 άντεισήχθη
460 2749 614 2840 Σέργιος,
639 2755 699 2838 τῆς
722 2748 869 2840 μεγάλης
894 2752 1071 2838 ἐκκλησίας
1090 2748 1247 2820 occino-w

239 2878 307 2932 νος.
339 2848 402 2939 τήν
418 2851 593 2940 θυγατέρα
611 2850 650 2920 δὲ
667 2850 685 2921 ὁ
703 2856 823 2932 Φακᾶς
837 2858 1051 2940 Δομνεντίαν
1064 2857 1213 2945 Πρίσκφ

138 2977 230 3029 P1181
240 2957 288 3044 τῷ
320 2951 528 3042 στρατηλάτη
560 2952 752 3040 σννέζευξε,
779 2952 837 3022 καὶ
860 2951 943 3041 μετά
966 2951 1047 3034 τοός
1077 2951 1213 3041 γάμους

205 3047 379 3124 Αἱππικόν
402 3051 518 3140 ἀγῶνα
534 3051 629 3140 Ἰάγων
653 3052 815 3122 ἐθεάσατο
842 3051 908 3124 σόν
930 3067 1004 3135 ταῖς
1020 3049 1138 3122 αότοῦ
1157 3059 1214 3124 εί-

239 3153 314 3223 κόσι
337 3153 394 3222 καὶ
417 3157 481 3224 τοῦ
498 3161 652 3243 Πρίσκου
678 3154 811 3242 καὶτῆς
829 3149 936 3224 αάτοῦ
954 3152 1115 3242 γυναικός
1133 3167 1215 3226 Δο-

239 3256 397 3341 μνεντίας
422 3257 599 3344 ἱσταμένας
626 3253 777 3343 είκόνας,
801 3255 857 3324 καὶ
885 3254 1031 3345 ἐκμανὴς
1055 3254 1215 3342 γεγονοδς
1228 3279 1255 3321 ιι

241 3355 447 3450 ἐκτμηθῆναι
469 3355 550 3438 τοάς
577 3356 768 3447 δημάρχους
799 3357 963 3427 ἐκέλευσε.
1013 3357 1217 3446 δεηθέντων

240 3450 278 3518 δὲ
295 3460 365 3522 τῶν
381 3454 510 3545 δήμων,
524 3457 620 3545 μόλις
636 3455 768 3546 ἀφήκεν
785 3454 920 3540 αότοός.
947 3460 984 3528 ἐκ
1000 3457 1125 3546 ταύτης
1142 3453 1219 3530 οὖν
