2566 3800
839 3 841 7 '
1027 7 1081 60 a!
1101 10 1151 62 “r

226 153 287 218 178
547 151 714 203 L1ss.x111.
734 149 812 206 σεε,
831 151 869 201 11.
1191 9 1271 270 ἱ

224 299 309 384 βρῆς
336 291 541 380 καλούμενος
565 295 653 379 βοῦν
678 292 836 378 ένεθῆναι
852 288 968 378 ,ῆξίου,
992 287 1049 358 διά
1071 288 1196 359 τοῦτου
1226 351 1227 356 ,

224 397 334 482 λέγων
358 394 491 482 μέλλειν
510 393 724 475 ἐνδείξασθαι
740 391 803 480 τήν
821 391 969 482 δύναμιν
985 395 1048 460 τοῦ
1065 397 1195 461 οἰκείου

224 502 319 567 θεοῦ.
357 493 535 584 προσήχθη
553 491 572 563 ὁ
590 500 686 581 βοῦς,
704 499 932 581 πεπλησίακεν
951 489 1045 585 αὐτῷ
1062 489 1081 562 ό
1100 503 1195 582 Ζαμ-

224 603 325 688 βρῆς,
353 593 585 684 ῦπενιθῦρισέ
608 622 639 663 τι
664 592 758 688 αῦτῷ
781 600 829 677 είς
858 593 898 665 τό
927 585 998 675 οῦς.
1040 591 1196 674 κάκεῖνος

224 701 310 788 μέγα
333 725 364 766 τι
387 697 444 766 καί
469 695 591 787 γοερόν
613 696 849 785 μνκησάμενος
873 696 929 765 καί
946 693 1059 788 τρόμςο
1077 699 1222 766 συνδι-ε

225 799 343 889 νηθεὶς
379 798 616 868 καταπέπωκε
649 799 706 866 καί
733 798 929 887 νενέκρωτο.
978 795 1108 885 ηὔχουν
1141 798 1197 866 ἐπὶ

121 901 344 995 νιΙΠοταότμ
362 905 398 970 οί
412 898 583 987 Ἰουδαῖοι,
600 897 639 968 τό
657 903 720 968 τοῦ
736 901 902 990 σφετέρου
919 905 1007 968 θεοῦ
1025 895 1132 987 ὄνομα
1148 897 1196 1023 μῆ

225 1004 356 1091 στέγειν
379 1002 534 1088 λέγοντες
556 999 618 1070 τόν
640 997 818 1070 ἀκούοντα.
857 997 921 1070 “τί
944 997 1020 1087 δέ,”
1047 997 1194 1088 φησλν’
1178 1029 1197 1068 ο

191 1099 491 1230 ΒΣίλβεστρος,“
500 1099 519 1172 ό
544 1102 653 1190 λέγων
670 1105 770 1172 τοῦτο
794 1107 861 1227 τῷ
866 1101 939 1195 ζῴῳ
963 1099 1048 1190 πρὸς
1072 1099 1110 1170 τό
1134 1093 1198 1181 οῦς

209 1204 289 1276 οῦκ
304 1231 420 1274 ακουει
432 1231 494 1274 του
480 1203 710 1293 λεγομένους
728 1208 800 1285 πῶς
818 1194 883 1274 οῦν
901 1200 942 1273 οῦ
958 1201 1117 1292 θνήσκει;
1131 1202 1196 1272 κά
1218 1235 1249 1273 ιι

226 1303 366 1388 κεῖνος
367 1303 421 1376 οῦ
447 1301 584 1392 λόγων”
611 1302 714 1394 ἕφη“
718 1309 865 1396 στροφῆς
883 1332 919 1374 τε
936 1305 993 1374 καὶ
1010 1303 1198 1429 πιθανότη-

226 1435 282 1490 τος
300 1407 374 1498 ἀρτι
397 1413 505 1497 χρεία,
524 1403 602 1475 ἀλλ’
624 1411 746 1496 ἔργων,
765 1404 954 1476 extonam?
981 1403 1037 1476 “εί
1052 1397 1118 1476 οῦν
1134 1405 1199 1476 τόν

226 1509 318 1598 παρά
336 1513 400 1579 σοῦ
418 1508 634 1598 νεκρωθέντα
651 1512 776 1578 τοῦτον
788 1505 935 1599 ταῦρον”
954 1505 972 1578 ὁ
988 1513 1199 1600 Σίλβεστρος

227 1611 302 1682 εἷπε
322 1607 467 1694 “tandem
493 1605 594 1688 αῦτός
618 1613 662 1698 τῆ
680 1613 744 1678 τοῦ
765 1615 910 1699 Χριστοῦ
929 1607 1109 1698 ἐπικλήσει,
1133 1607 1200 1679 οῦκ

226 1713 270 1782 ἀν
287 1739 318 1781 τι
334 1718 447 1800 μεῖζον
471 1707 559 1792 δόξω
577 1724 687 1780 ποιεῖν
704 1711 762 1778 καὶ
778 1710 929 1799 μεγάλην
946 1708 1113 1792 ἀποδείξω
1131 1709 1196 1800 τήν
1211 1740 1234 1780 ιε

227 1811 375 1900 δύναμιν
391 1815 455 1880 τοῦ
473 1816 620 1900 Χριστοῦ
632 1806 658 1895 ;”
686 1807 843 1893 κάκεῖνος
861 1813 1021 1882 κατέθετο
1038 1813 1095 1880 καὶ
1112 1811 1199 1882 κατά

227 1921 286 2001 τῆς
305 1918 471 2002 σωτηρίας
487 1917 550 1982 τοῦ
567 1913 730 2002 βασιλέως
743 1910 852 1994 εῦθάς
867 1913 1069 2004 ἐξωμόσατο,
1088 1920 1122 1983 εί
1138 1912 1200 1984 τόν

224 2021 353 2106 ταῦρον
378 2019 443 2084 ίδοι
467 2010 714 2103 ἀναβιιόσαντα,
738 2013 800 2084 τόν
818 2014 968 2106 Χριστόν
991 2013 1199 2105 ὁμολογῆσαι

225 2117 319 2188 θεόν.
355 2117 412 2186 καὶ
437 2114 455 2186 ὁ
479 2123 684 2206 Σίλβεστρος
710 2121 758 2198 είς
782 2112 934 2206 οῦρανὸν
960 2115 1116 2198 ἀτενίσας
1142 2118 1199 2186 καὶ

224 2219 285 2289 τόν
309 2217 430 2310 κόριον
455 2217 734 2306 ἐπικαλεσάμενος
752 2223 830 2306 ἔστη
854 2223 916 2288 τοῦ
923 2218 1062 2390 ἰταῦρον
1083 2217 1199 2306 έγγός,
1212 2249 1234 2288 ιι

225 2321 282 2390 καί
314 2347 379 2444 τχν
408 2318 531 2408 φωνήν
555 2315 681 2409 έπάρας
707 2317 899 2406 έβόησεν“
904 2325 937 2390 εί
959 2317 1041 2400 θεός
1065 2315 1201 2409 ἀληθής
1266 2369 1268 2410 3

192 2425 316 2496 οέστιν
332 2417 374 2488 δν
393 2419 460 2506 ἐγεό
477 2418 630 2509 κηρύττω
648 2420 813 2510 Χριστόν,
839 2427 974 2514 έγειραι,
997 2427 1116 2514 ταῦρε,
1142 2423 1268 2492 καί

226 2527 327 2608 στῆθι
353 2519 407 2588 ε’πὶ
431 2518 511 2600 τοῦς
535 2518 642 2602 πόδας
667 2515 759 2590 σου”
794 2517 917 2592 αῦτίκα
939 2528 1028 2650 γοῦν
1045 2525 1203 2645 κινηθεὶς

225 2619 394 2710 ὁταῦρος
417 2617 572 2712 ἀνίθορε
607 2621 665 2690 καί
688 2627 724 2692 οί
745 2623 910 2714 παρόντες
939 2621 1107 2715 “μέγαςό
1135 2631 1202 2695 τοῦ
1265 2621 1267 2642 ’

227 2721 436 2814 Σιλβέστραν
456 2717 560 2804 θεός”
582 2722 773 2812 ἐξεβόησαν.
799 2723 1006 2796 Ἰονδαίοιδέ
1023 2735 1199 2796 καταπλα-
1216 2754 1239 2795 υ

224 2825 340 2912 γέντες
357 2829 405 2918 τςῦ
422 2823 572 2915 θαῦματι
588 2840 660 2906 τοῖς
679 2827 758 2896 ποσί
771 2832 834 2897 τοῦ
847 2824 948 2914 ἁγίου
967 2829 1206 2917 προσέπιπτον

225 2926 282 2996 καί
306 2926 457 2996 ἱκέτευον
481 2925 688 2996 ίλεάσασθαι
714 2925 830 3010 αῦτοίς
853 2927 1023 2999 τὸνθεόν
1052 2929 1112 2998 καὶ
1137 2935 1207 2999 τοῦ

225 3033 324 3097 θείου
344 3031 433 3117 σφᾶς
451 3025 589 3111 ἀξιοῦσαι
605 3035 846 3118 βαπτίσματος·
871 3030 929 3099 καί
945 3027 967 3118 ῆ
986 3025 1142 3118 ἀοίδιμος
1163 3031 1208 3101 δὲ

226 3133 288 3196 τοῦ
306 3131 470 3215 βασιλέως
487 3129 606 3218 μήτηρ,
632 3127 780 3219 ἀμύητος
797 3122 897 3219 οῦσα,
914 3129 1012 3218 ήξίον
1030 3133 1086 3200 καὶ
1105 3159 1208 3222 μυη-

224 3232 332 3313 θῆναι
348 3229 404 3296 καὶ
421 3235 662 3317 βαπτισθῆναι
680 3237 831 3320 τυχοῦσα
848 3240 968 3304 τοίνυν
980 3259 1042 3303 του
1029 3235 1210 3322 ἐφετοῦ,

226 3325 335 3392 καὶ
300 3353 361 3396 τον
384 3326 499 3416 ἀληθῆ
518 3333 705 3416 ἐπιγνοῦσα
722 3333 818 3422 θεόν,
837 3361 919 3417 τους
936 3335 1061 3416 τόπους
1079 3331 1150 3417 οῦς
1172 3339 1214 3406 οί

227 3420 344 3509 ἀραίοι
361 3427 462 3506 πόδες
477 3435 636 3518 Χριστοῦ,
651 3431 696 3513 ῦς
715 3431 853 3525 είρήυην
871 3431 1210 3526 εῦαγγελισνμένου,
