2558 3820
192 198 255 264 342
522 199 594 258 Lm.
607 201 640 255 x.
659 199 738 252 σου.
750 201 772 251 1.
791 201 829 251 11.
860 269 863 276 Ι

194 336 354 428 ἐκράτησε
377 343 436 428 τῆς
456 337 595 420 Ἰταλίας
614 335 633 410 ὁ
652 337 788 425 Σύλλας
812 343 868 410 καὶ
892 337 1056 430 δικτάτωρ
1080 337 1159 428 ἀνη-

90 453 186 509 P1473
193 439 361 530 γορεύθη,
387 438 465 522 τούς
483 441 545 532 μὲν
562 437 683 522 ἄλλους
700 439 865 530 ἡγεμόνας
883 443 939 512 καί
957 439 1161 532 στρατηγούς

194 541 347 632 ἠμείβετο
365 549 552 628 πλουτίζων
574 543 631 612 καί
656 541 709 613 ἐπ’
728 538 831 632 ἀρχάς
854 546 1042 630 καθιστάν,
1066 555 1161 632 Πομ-

193 643 293 732 πήιου
312 645 350 714 δὲ
374 643 614 715 οίκειώσασθαι
637 650 802 714 ἔσπευσεν
820 647 945 738 ἑαυτῷ·
973 648 1029 714 καί
1047 652 1161 716 πείθει

193 743 297 817 αύτόν
320 745 382 835 τὴν
412 743 559 836 γαμετὴν
581 741 625 833 ἣν
649 745 737 836 εἶχεν
763 742 1047 836 ἀποπεμψάμενον
1076 743 1185 834 ἀγα-ε

192 851 313 936 γε’σθαι
325 845 387 938 τὴν
400 850 523 918 ἑαυτοῦ
535 845 702 937 πρόγονον
716 853 887 936 Αἰμιλίαν,
901 844 946 936 ἣν
959 846 980 936 ἡ
994 847 1160 935 Μετέλλα,

191 944 214 1038 ἢ
230 951 277 1042 τῷ
294 947 412 1042 Σύλλᾳ
430 947 592 1042 συνῴκει,
612 953 649 1019 ἐκ
667 947 828 1039 Σκαύρου
843 952 991 1038 ἐγείνατο
1009 951 1069 1018 τού
1082 977 1161 1036 προ·

191 1051 290 1139 τέρου
308 1047 441 1141 ἀνδρός.
473 1041 517 1140 ἦν
532 1051 568 1121 δὲ
581 1049 621 1121 τά
639 1057 698 1120 τοῦ
711 1049 820 1140 γάμου
833 1047 1032 1135 τυραννικά·
1060 1045 1161 1138 ἀνδρί

191 1151 256 1242 γάρ
277 1147 297 1240 ἡ
317 1159 456 1244 Αίμιλία
474 1152 539 1242 ἤδη
559 1154 713 1222 έκδέδοτο
731 1153 786 1222 καὶ
807 1149 904 1224 ἐκύει.

271 1251 368 1324 Οὕτω
388 1251 419 1324 δ’
440 1252 458 1324 δ
478 1253 613 1336 Σύλλας
630 1251 886 1343 οίκειωσάμενος
908 1255 968 1324 τὸν
985 1249 1161 1342 Πομπήιον
1176 1285 1201 1324 ιο

193 1361 239 1438 είς
258 1361 419 1426 Σικελίαν
445 1352 618 1426 ἀπέστειλε
640 1352 722 1444 μετά
745 1362 882 1444 βαρείας
902 1352 1091 1444 δυνάμεως·
1118 1344 1162 1442 ἦν

79 1545 82 1552 ,
191 1461 254 1546 γάρ
279 1454 300 1546 ἡ
326 1461 426 1545 νῆσος
456 1473 524 1538 τοῖς
554 1462 613 1528 τοῦ
638 1454 821 1545 Κάρβωνος
845 1452 1055 1548 ὁρμητήριον.
1106 1457 1162 1526 καὶ

191 1555 399 1641 ἀπελθόντος
418 1562 488 1628 ἐκεί
499 1565 678 1648 Πομπηίου
696 1561 731 1629 οί
745 1559 807 1648 μὲν
821 1562 965 1629 ἐναντίοι
977 1563 1037 1646 τῆς
1055 1555 1162 1647 νήσου

193 1659 388 1749 ἐξέστησαν,
414 1655 513 1742 αύτός
532 1659 571 1730 δὲ
593 1659 652 1741 τὰς
677 1658 790 1742 πόλεις
807 1657 1018 1749 ἀνελάμβανε
1044 1686 1163 1748 τετρυ-

156 1775 179 1826 Β
192 1763 342 1849 χωμένας
366 1763 421 1831 καί
446 1760 697 1850 φιλανθρώπως
721 1764 885 1851 ἐκέχρητο.
925 1759 1102 1850 κατασχών
1126 1761 1163 1831 δὲ
1178 1790 1202 1830 ω

191 1863 247 1932 καὶ
278 1858 336 1932 τὸν
367 1861 537 1954 Κάρβωνα
572 1861 714 1934 ἀνεῖλεν.
768 1855 903 1934 ἀκούων
936 1865 1051 1952 μέντοι
1085 1860 1163 1943 τοὺς

192 1961 393 2053 στρατιώτας
412 1968 540 2047 ἐντοῖς
558 1963 762 2052 ὁδοιπορίαις
781 1963 953 2053 ἀτακτεῖν,
973 1969 1164 2054 σφραγῖδας

191 2081 262 2146 ταῖς
288 2061 402 2138 αύτών
424 2074 602 2158 μαχαίραις
628 2069 806 2154 ἐπέβαλεν,
832 2059 876 2154 ἣν
899 2059 917 2135 ὁ
941 2066 987 2156 μὴ
1012 2062 1164 2154 φυλάξας

193 2165 371 2252 ἐκολάζετο.
1275 2227 1276 2234 ,

159 2272 179 2334 2
274 2275 385 2340 Ταῦτα
404 2269 441 2338 δέ
458 2269 613 2356 πράττων
631 2271 667 2339 έν
681 2275 821 2361 Σικελία
840 2269 972 2351 ἐδέξατο
985 2263 1163 2356 γράμματα
1178 2295 1205 2336 εο

192 2373 249 2459 τῆς
285 2368 475 2458 συγκλήτου
509 2373 566 2440 καὶ
600 2369 719 2441 Σύλλα
760 2367 940 2441 κελεύοντα
980 2378 1079 2438 πλείν
1114 2373 1164 2448 είς

192 2467 326 2558 Λιβύην
352 2474 408 2540 καί
431 2480 589 2560 πολεμεῖν
614 2479 773 2566 Δομιτίῳ.
816 2473 871 2540 καί
895 2468 913 2540 ὁ
937 2470 999 2558 μὲν
1025 2469 1165 2555 ἐξέπλει,
1275 2485 1276 2488 ’

193 2575 432 2662 ἑπτακισχίλιοι
451 2573 488 2642 δὲ
513 2571 603 2666 αύτῷ
620 2575 688 2644 τών
705 2571 771 2644 ὑπὸ
796 2572 856 2643 τδν
873 2578 1035 2662 Δομίτιον
1059 2595 1168 2660 προσ-

194 2669 376 2762 εχώρησαν.
413 2669 689 2764 ἀντιτεταγμένου
713 2675 751 2744 δέ
768 2681 933 2764 Δομιτίου
950 2669 1167 2762 συρρήγννν-

192 2801 246 2843 ται
264 2774 304 2844 τά
324 2774 569 2866 στρατεύματα,
595 2778 651 2846 καί
675 2779 813 2846 νικῶσιν
835 2779 870 2844 οί
885 2783 1082 2864 Πομπηίου,
1108 2775 1167 2842 καί
1181 2800 1209 2842 ετ

193 2874 211 2945 ὁ
230 2883 390 2966 Δομίτιος
408 2883 580 2948 κτείνεται.
617 2879 685 2948 τών
709 2877 747 2946 δὲ
765 2874 896 2947 πόλεων
920 2881 958 2946 αί
972 2875 1035 2964 μὲν
1060 2869 1168 2955 εὐθύς

193 2976 474 3068 προσεχώρησαν,
494 2982 532 3048 αί
548 2979 585 3049 δέ
603 2975 686 3048 κατά
704 2975 822 3064 κράτος
842 2975 1005 3047 ἑάλωσαν.
1042 2977 1099 3045 καὶ
1118 2982 1168 3056 είς

160 3080 256 3166 cmiv
273 3077 475 3170 Νομαδικὴν
493 3079 664 3168 ἐμβαλών,
691 3081 746 3150 καί
770 3079 905 3150 πάντων
929 3075 1098 3167 κρατήσας
1115 3071 1171 3157 οἷς
1274 3111 1276 3130 ι

196 3179 330 3268 ἐνέτυχε
354 3179 601 3266 τεσσαράκοντα
628 3196 701 3262 ταῖς
724 3178 846 3260 πάσαις
869 3175 1025 3269 ἡμέραις,
1057 3177 1171 3267 γράμ-

192 3305 282 3364 ματα
301 3281 429 3368 δέχεται
449 3281 584 3369 Σύλλα,
609 3279 746 3370 ἀφεῖναι
769 3283 832 3370 μέν
849 3279 911 3368 τὴν
935 3277 1040 3369 ἀλλην
1067 3303 1169 3366 στρα-
1185 3306 1214 3344 ιο

265 3505 333 3572 Gap.
349 3511 373 3561 2.
403 3509 548 3560 Plutarchi
568 3513 714 3576 Pompeius
734 3529 758 3566 ο.
773 3515 883 3563 11-22.
