2510 3834
437 186 511 236 Lm.
524 185 569 237 vl.
590 185 668 239 σεε.
681 188 702 240 1.
1038 188 1059 253 3

89 323 176 413 γόλα
194 331 362 413 ἔβλαπτον
378 320 457 404 τοός
477 322 666 414 Ρωμαίους.
702 329 736 395 οί
755 326 857 395 δέ’
809 353 878 417 πνρ
896 343 968 410 ταῖς
986 349 1059 399 στο·

87 441 143 508 αῖς
161 429 269 496 ε’νιασι
287 426 343 496 καί
361 427 458 496 τοῦτο
470 423 662 550 όπέτρεφον
678 424 775 508 ὕλαις
793 430 936 520 ἐγείρειν
949 428 1059 519 φλόγα
1095 501 1097 506 ,

89 533 309 617 πεφυκυίαις
328 527 385 595 καί
402 525 486 615 ταχό
504 525 626 615 ἥπτετο
643 531 703 597 τοῦ
720 523 860 617 ὀρόφου,
879 531 988 600 uait
953 558 971 600 ο
974 533 1058 602 ίέπλ

88 631 155 700 τόν
173 653 281 700 στοων
298 628 383 698 οί
348 655 458 754 μεν
426 631 473 696 τό
487 622 601 722 όρόφφ
615 631 921 723 καταρρηγνυμένην
934 651 1056 720 συγκα-

64 730 286 820 ετεφέροντο,
303 729 387 809 τοὺς
405 728 444 798 δέ
463 728 665 820 περισταδόν
683 737 826 818 ἔβαλλον
843 760 861 802 ο
864 735 1056 822 ίπολέμιοι,

92 836 127 902 ol
142 831 180 901 δέ
196 837 244 912 είς
259 829 297 901 τό
315 832 385 920 πόρ
404 832 538 901 ἐνίεσαν
557 828 714 921 ἑαυτούς,
733 836 769 902 οί
785 832 823 902 δέ
840 850 910 916 τοῖς
928 836 1058 906 ἑαυτιόν

89 937 275 1004 ἐκτείνοντο
305 935 455 1020 ξίφεσιν,
485 929 596 1021 ἐσόθη
626 959 662 1002 τε
687 936 755 1003 τῶν
782 937 820 1004 ἐν
846 951 919 1016 ταῖς
946 951 1058 1016 στοαῖς

87 1031 306 1106 ἀνελθόντων
330 1028 408 1102 οὐδ’
433 1031 600 1104 ὁστισοῦν
642 1037 759 1104 καλοί
781 1029 934 1124 Ῥωμαῖοι
958 1034 1058 1160 ἐκρό-

88 1163 171 1206 τονν
193 1139 253 1205 τοῦ
266 1136 371 1253 ’ἱεροῦ
388 1137 582 1226 θησαυροῦ,
609 1134 794 1206 καὶπολλὰ
818 1132 923 1226 μέν
904 1135 970 1208 υπό
989 1143 1058 1207 τῶν

51 1267 75 1305 τι
88 1238 301 1360 στρατιωτῶν
326 1232 529 1325 διήρπαστο,
553 1243 702 1325 Σαβινος
721 1237 808 1307 δέεί
777 1244 824 1320 ς
841 1267 879 1307 το
870 1236 1159 1358 φανερόνθίΙιεε

87 1336 286 1429 τετρακόσια
310 1339 493 1428 περιέσωσε
516 1333 670 1460 τάλαντα.
712 1343 808 1426 οἵγε
835 1336 902 1426 μήν
927 1349 1057 1462 περιλε-

87 1441 258 1529 λειμμένοι
280 1444 348 1509 τῶν
371 1435 625 1529 μαχομένων
590 1466 628 1508 το
646 1445 730 1526 βασί
728 1447 820 1509 λειον
843 1439 1057 1531 περισχόντες

88 1543 155 1630 πόρ
178 1539 269 1634 αι’πφ
254 1537 494 1629 έμβαλεῑν’
476 1565 540 1628 ηπε
542 1547 640 1611 ίλονν
663 1535 765 1610 uaz'*
743 1565 892 1622 απαντας
916 1554 1158 1632 κτεῖναι,ΡΙεεε
1245 1549 1246 1556 ’

91 1636 183 1711 ε’ίδ
206 1611 353 1730 ότίίοιεν,
384 1639 503 1712 όδειαν
526 1656 595 1736 τοϊς
619 1639 743 1732 Ρωμαί
740 1669 796 1724 οις
815 1644 1057 1769 ἐπηγγέλλοντο
1105 1719 1111 1728 ,

9 1757 14 1766 ’
51 1769 77 1808 ιε
90 1744 145 1812 καί
161 1749 319 1838 Σαβίνῳ
339 1744 395 1812 καὶ
413 1744 594 1813 πολλοὶ
548 1771 615 1812 των
629 1747 814 1832 βασιλικόν
831 1742 913 1834 πρός
932 1743 1056 1826 αὐτοὺς

87 1840 330 1967 ηὐτομόλησαν.
377 1837 514 1965 Ῥοῦφρς
542 1844 579 1914 δέ
604 1847 660 1914 καὶ
684 1841 829 1935 Γρότος,
856 1851 1056 1938 τρισχιλίους

87 1950 147 2016 τοῦ
164 1942 322 2035 Ἡρόδον
344 1941 590 2036 στρατεύματος
608 1952 738 2035 ἔχοντες
761 1944 888 2036 ἄνδρας
913 1949 1056 2037 ἐρρωμέ-

86 2074 167 2127 νους
184 2061 255 2128 τοῖς
273 2043 423 2135 σσόμασι,
435 2045 607 2135 Ρωμαίοις
624 2054 871 2136 προστίθενται.
901 2042 1056 2117 Ἰονδαλοι

8 2237 9 2240 ¹
86 2143 184 2218 δὲόν
202 2155 364 2237 μεθίεντο
380 2153 439 2236 τής
456 2153 669 2237 πολιορκίας,
680 2149 737 2216 καὶ
754 2144 772 2215 6
792 2149 975 2233 Σαβίνοςέ
975 2173 1057 2235 καρ-

47 2274 74 2314 ει
86 2250 174 2339 τέρει
191 2247 484 2373 πολιορκοόμενος.

159 2347 234 2420 Ἐπὶ
254 2345 386 2432 τοότοις
417 2352 473 2420 καί
502 2349 608 2472 ἕτεροι
625 2344 770 2436 θόρυβοι
799 2348 862 2436 τήν
888 2319 1056 2418 Ἰουδαίαν

10 2475 11 2478 ’
85 2452 281 2540 κατέλαβον.
332 2448 462 2532 Ἰοόδας
492 2446 556 2541 γόιρ
589 2445 732 2534 Ἐζεκίου
761 2453 823 2518 τοῦ
852 2443 1056 2572 όρχιλχστοό

84 2549 160 2633 υίός
182 2555 244 2622 τοῦ
268 2551 317 2640 ὑφ
321 2547 505 2648 ’Ἡρόδον
528 2548 683 2640 μεγάλοις
706 2551 894 2640 ληφθέντος
925 2549 1054 2638 πόνοις,
1111 2593 1114 2600 ·

84 2651 338 2742 συστησάμενος
360 2656 491 2742 πλῆθος
514 2658 561 2745 τῷ
579 2655 656 2743 περὶ
673 2654 859 2740 Σέπφωριν
876 2653 934 2740 τής
952 2659 1056 2722 Γαλι-

46 2779 72 2820 ιε
85 2761 182 2836 λαίας
214 2755 380 2845 ἐπέδραμε
410 2759 544 2842 βασιλεί
543 2781 587 2847 φ,
619 2755 675 2824 καὶ
700 2755 769 2824 τεόν
794 2757 865 2823 ἐκεῖ
888 2750 1055 2850 κρατήσας

83 2855 201 2926 ὅπλων
219 2855 345 2927 ὥπλισε
367 2855 445 2937 τοὺς
467 2857 545 2946 περὶ
568 2851 691 2943 αὐτόν,
716 2851 860 2977 φρβερός
875 2881 913 2923 τε
931 2851 1056 2923 ἅπασιν

83 2945 137 3043 ήν.
175 2953 262 3026 όλλδ
279 2959 402 3027 ιιαὶί
354 2965 402 3028 Σί
400 2984 492 3046 μων,
518 2959 637 3038 δοῦλος
660 2956 721 3046 μέν
741 2949 894 3043 Ηρόδου
916 2956 976 3026 τοῦ
994 2960 1088 3042 χόα-Β

85 3056 255 3147 ⁶66ng
235 3055 322 3181 ανήρ
341 3053 377 3128 δ’
394 3055 563 3149 εὐπρεπής
581 3058 637 3127 καὶ
653 3057 790 3147 μεγέθει
808 3056 864 3126 καὶ
878 3052 973 3147 ῥόμη
991 3053 1055 3126 σοι’-

84 3187 187 3247 μιιτος
206 3157 383 3249 προύχων,
407 3155 527 3249 όρθείς
549 3164 590 3249 τῇ
608 3161 735 3248 ταραχῇ
758 3160 827 3227 τόν
851 3153 1055 3247 πραγμάτων

45 3283 71 3326 εο
86 3257 249 3350 ἐτόλμησε
265 3262 470 3348 περιθέσθαι
485 3257 639 3349 διόδημα.
671 3260 728 3329 καί
741 3257 895 3347 πλήθους
913 3256 1055 3328 συστόν-
1123 3290 1126 3296 ·

83 3389 142 3443 τος
159 3363 239 3450 περὶ
263 3357 384 3451 αὐτόν,
408 3361 564 3450 βασιλεὺς
587 3363 645 3431 καὶ
667 3356 768 3440 αότός
791 3357 998 3445 ἀναρρηθεὶς
1019 3355 1056 3422 τὸ

88 3465 125 3534 έν
136 3460 332 3554 Ἱεριχοῦντι
345 3470 518 3551 βασίλειον
531 3469 712 3551 πίμπρησι,
729 3461 785 3529 καὶ
798 3455 921 3532 ἄλλους
940 3454 977 3520 δὲ
990 3451 1058 3516 τόν

861 3563 906 3621 1*
