2566 3812
235 179 299 245 236
494 179 567 232 LIB.
580 178 656 230 VIII.
675 176 755 230 GAP.
769 173 843 231 XXI.
860 177 950 229 XXII.

194 384 196 388 ,
236 333 341 392 θεῖεν.
392 312 437 398 ὥς
460 312 492 387 δ’
519 313 621 388 οὐδὲν
644 314 662 386 6
682 313 839 404 ’Λννίβας
868 321 1045 406 προΐσχετο
1063 317 1210 409 ’μέτριον
1274 359 1276 364 ·

203 418 321 494 θοόδέ
337 448 386 502 τις
404 415 519 500 αὐτοῖς
532 413 678 508 ὠφέλεια
695 416 778 508 πρὸς
794 423 864 489 τῶν
875 415 1046 506 Ῥωμαίων
1064 421 1207 507 ἐγίνετο,

238 526 456 611 ἐπισχεθῆναι
477 517 535 602 τάς
558 519 747 609 προσβολάς
772 515 990 610 ἐξητήσαντο,
1014 517 1059 602 ὥς
1076 517 1108 590 τι
1128 523 1209 642 περὶ

236 631 305 694 τῶν
323 619 405 693 κατά
422 625 511 710 σφᾶς
529 618 804 711 βουλευσόμενοι
831 616 896 690 κάν
913 617 1020 716 τούτῳ
1036 620 1077 692 τά
1094 619 1208 712 τιμιιά·

236 752 319 796 τατα
336 720 612 848 συμφορήσαντες
629 728 698 793 τῶν
711 720 888 814 χρημάτων
903 725 1018 850 ἐρπῠρ
1033 723 1206 813 ἐνέ,βαλου
1219 752 1235 794 ι

238 829 294 897 καὶ
325 829 361 895 οί
381 821 487 914 μ’ὲν
469 821 635 914 απόμαχοι
662 826 945 948 διεχειρίσαντο
928 821 1134 913 εαυτοός,ο
1116 820 1207 896 οίδ’

239 931 276 998 ἐν
294 855 407 1018 6626
424 923 547 1014 άθρόοι
563 924 647 1016 πρὸς
664 922 742 1008 τούς
754 927 926 1008 ἐναντίους
940 921 1139 1017 ὡρμήκεσαν
1151 927 1209 999 καὶ

238 1025 421 1120 προδόμοις
439 1023 677 1116 ἀγωνιζόμενοι
693 1024 972 1198 κατεκόπησαν,

239 1227 505 1320 ἐπολέμησαν.
490 1257 508 1299 ο
527 1226 592 1318 γάρ
606 1225 685 1300 Ἀνν
686 1234 761 1317 ίβας
778 1231 834 1299 καὶ
852 1133 1045 1320 συμμάχους
1062 1227 1208 1320 συχνοάς
1220 1259 1249 1300 ιο

238 1328 439 1421 προσλαβόν
458 1337 505 1411 είς
522 1358 584 1420 την
599 1326 782 1400 Ἰταλίαν’
764 1338 928 1419 ηπείχετο.
964 1329 1208 1420 πυθόμενοιδέ

238 1431 339 1504 ταῦθ’
366 1437 401 1502 οἱ
416 1431 570 1521 Ῥωμαῖοι
594 1434 769 1520 συνῆλθον
793 1439 840 1512 εἰς
863 1428 900 1502 τό
924 1433 1120 1523 συνέδριον,
1150 1435 1208 1503 καὶ

239 1537 361 1623 ἐλέχθη
378 1533 439 1622 μὲν
456 1529 583 1619 πολλά,
602 1530 747 1615 Λούκιος
765 1533 803 1602 δέ
820 1531 1005 1622 Κορνήλιος
1021 1533 1208 1614 Λέντουλος

238 1741 306 1805 τῶν
323 1739 567 1823 Καρχηδονίων
583 1742 818 1824 ψηφίσασθαι,
836 1736 893 1804 καὶ
912 1740 990 1826 διχῇ
1009 1741 1135 1806 διελεῖν
1152 1739 1209 1808 καὶ
1222 1763 1250 1804 ιε

238 1834 315 1916 τοὺς
331 1829 480 1919 ὑπάτους
498 1836 554 1905 καὶ
572 1832 613 1906 τά
630 1833 876 1926 στρατεύματα,
900 1839 956 1907 καὶ
973 1834 1051 1918 τούς
1074 1836 1137 1927 μὲν
1161 1845 1209 1920 εἰς

238 1935 300 2025 τὴν
322 1932 487 2028 Ἰβηρίαν,
510 1934 587 2019 τούς
614 1937 651 2007 δὲ
676 1945 723 2020 είς
742 1935 808 2026 Ιτὴν
832 1935 965 2028 Λιβύην
989 1940 1134 2028 πέμψαι,
1158 1936 1206 2009 ἵν’
1279 1953 1280 1958 ’

238 2035 304 2108 ὑπό
328 2037 389 2108 τόν
413 2036 517 2109 αὐτόν
539 2035 662 2129 χρόνον
684 2035 706 2127 6
729 2065 766 2108 τε
788 2037 880 2128 χάρα
907 2037 1021 2110 αὐτῶν
1043 2042 1210 2128 πορθῆσαι

237 2141 294 2210 καὶ
318 2143 352 2210 oc
373 2137 539 2230 σύμμαχοι
563 2143 816 2228 κακουρχαῑνται
846 2141 902 2209 καὶ
926 2138 1007 2230 μήτε
1030 2144 1070 2231 τῇ
1084 2138 1210 2233 Ἰβηρίᾳ

238 2243 407 2330 βοηθῆσαι
422 2241 588 2312 δύνωνται
602 2239 677 2330 μήτ’
695 2244 828 2312 ἐκεσθεν
841 2235 937 2311 αὐτοὶ
951 2244 1256 2334 ἐπικουρηθοᾶσι.,εο

239 2341 322 2430 πρὸς
351 2347 455 2412 ταῦτα
479 2339 623 2422 Κόιντος
648 2340 773 2430 Φάβιος
796 2340 950 2432 Μάξιμος
980 2338 1140 2414 άντέθετο
1163 2340 1209 2432 μη

239 2438 347 2522 οὕτως
373 2445 411 2511 ἐκ
439 2441 563 2524 παντὸς
592 2441 719 2534 τρόπον
743 2439 803 2514 τόν
832 2441 979 2533 πόλεμον
1010 2449 1084 2515 δεῖν
1106 2451 1210 2532 ψηφί-

240 2553 384 2630 σασθαι,
416 2537 500 2612 άλλά
519 2551 681 2636 πρεσβεία
711 2541 900 2633 χρησασθαι
931 2543 1113 2636 πρότερον,
1145 2539 1211 2617 κάν

239 2642 303 2731 μὲν
327 2647 490 2714 πείσωσιν
514 2639 564 2714 ὅτι
586 2641 692 2716 οὐδὲν
714 2643 911 2768 άβικοῦσιν,
935 2643 1080 2736 ἡσυχίαν
1103 2642 1210 2735 άχειυ,

5 2761 7 2768 “
137 2737 284 2813 ΡΙ408άν
302 2741 334 2813 δ’
355 2740 552 2827 ἀδικοῦντες
569 2744 690 2834 ἁλῶσι,
708 2744 783 2817 τότε
801 2752 986 2836 πολεμῆσαι
1004 2745 1168 2836 αὐτοῖς,“
1152 2777 1210 2818 ινα
1227 2773 1259 2816 εε

239 2843 350 2916 καὶ
312 2874 375 2935 την
397 2852 509 2916 αἰτίαν
531 2853 592 2916 τοῦ
615 2851 762 2938 πολέμου
786 2850 819 2930 ἐς
837 2844 960 2929 αὐτους
982 2844 1209 2938 άποισάμεθα.

239 2952 279 3017 αλ
292 2937 413 3037 μὲν
372 2975 436 3017 ουν
454 2945 582 3037 άμφολν
600 2947 694 3032 δόξαι
710 2951 860 3020 τοιαῦται
876 2938 964 3038 ἦσαν
990 2947 1034 3032 ὦς
1053 2953 1091 3020 ἐν
1108 2977 1212 3039 κεφα-

239 3055 323 3172 λαίρι
339 3055 449 3118 εἰπεῖν
457 3049 582 3140 ,τῆέδ
598 3055 705 3141 βουλῇ
719 3047 1080 3142 παρασκευάζεσθαιμέ
1081 3079 1103 3120 ν
1117 3055 1213 3136 ἐδοξε

240 3145 323 3236 πρὸς
347 3146 409 3237 τὴν
437 3147 565 3240 μάχην,
595 3152 751 3241 πρέσβεις
782 3151 820 3222 δέ
844 3158 892 3233 είς
921 3151 983 3242 τὴν
1005 3149 1214 3242 Καρχηδόνα

240 3479 281 3540 55
302 3411 714 3542 032q32.1DiionsHiristoae
729 3417 870 3469 Romanae
888 3417 953 3469 libri
972 3417 1093 3484 perditi:
1111 3417 1211 3484 fragm
