2586 3800
238 153 300 218 112
552 155 626 208 Lm.
637 155 700 206 m
718 153 797 206 οιε.
810 154 874 206 xn.
1069 9 1277 180 Ἶ

237 290 374 380 λείφει.”
411 285 456 382 ἦν
478 290 514 365 δ’
539 295 593 364 ἐπὶ
616 299 699 365 πᾶσι
721 296 778 364 καὶ
798 290 945 376 ἄπιστος.
981 293 1122 374 καλέσας
1140 293 1208 381 γὰρ

236 395 296 468 τὸν
324 401 384 485 τῆς
414 393 595 487 Ὀσροηνὴς
630 390 770 482 βασιλέα
800 393 960 484 Αάγαρον
995 391 1090 482 ἥκειν
1120 394 1204 484 παρ’

237 494 341 570 αὐτόν
375 491 421 580 ὥς
457 503 576 588 φίλον,
613 495 759 569 ἐλθόντα
792 501 892 584 ἔδησε
927 496 984 566 καλ
1018 494 1107 566 οὕτω
1143 496 1209 585 τὴν

233 596 416 689 Ὀσροηνὴν
440 599 647 690 έχειριόσατο.
682 601 740 670 καὶ
765 595 824 669 τόν
847 602 917 668 τῶν
936 593 1119 686 Ἀρμενίων
1142 606 1210 687 βα-

236 703 331 773 σιλέα
353 699 440 789 πρός
462 701 540 784 τοὺς
564 706 672 783 ίδίους
689 705 813 783 παῖδας
831 696 1077 788 διαφερόμενον
1099 701 1209 790 γράμ-
1234 734 1247 775 ι

236 825 318 893 μασι
340 812 486 892 φιλικοῖς
513 801 559 884 ὥς
585 801 793 892 είρηνεόσων
815 797 938 881 αότοός
963 803 1210 891 μετεπέμψατο,

201 901 277 976 Βιά
301 902 333 975 δ’
361 901 447 976 αὐτά
468 907 516 999 τῷ
540 898 688 999 Αόγάρςο
714 907 771 974 καὶ
795 910 844 983 είς
866 906 1015 984 έκείνονς
1039 905 1209 992 ἐποίησεν.

236 1003 312 1078 ἄλλ’
332 1004 408 1096 οόχὶ
425 1008 482 1076 καλ
499 1013 569 1078 τάν
583 1003 767 1097 Ἀρμενίαν
785 1001 983 1095 ἐκράτησεν,
1001 1010 1050 1086 είς
1065 1003 1152 1076 όπλα
1171 1004 1207 1076 δ’

237 1105 427 1199 ἐχάρησαν·
446 1109 504 1178 καὶ
521 1104 634 1192 οὐδεὶς
653 1114 701 1178 ἔτι
719 1110 837 1201 έκείνφ
856 1110 1039 1176 ἐπίστευεν.
1075 1109 1113 1176 έν
1129 1110 1212 1196 μέν·

236 1237 288 1281 τοι
304 1227 377 1292 ταῖς
394 1204 559 1299 άνάγκαις
575 1212 632 1281 καλ
648 1225 722 1294 ταῖς
734 1205 1007 1294 κατεπειγούσαις
1019 1215 1211 1296 στρατείαις
1223 1243 1248 1282 ιο

237 1303 326 1394 λιτός
343 1301 387 1400 ἦν
403 1313 461 1382 καὶ
478 1310 652 1402 άτέριττος
668 1312 725 1382 ιιαί
743 1306 941 1398 συνεβάδιζε
957 1323 1029 1390 τοῖς
1045 1309 1212 1398 στρατιά-

235 1441 308 1499 ιαις
325 1415 381 1484 καὶ
399 1415 595 1503 συνέτρεχε,
621 1412 667 1502 μὴ
685 1409 883 1501 λουόμενος,
901 1407 946 1500 μὴ
964 1411 1213 1502 μεταμφιεννύ-

235 1543 353 1606 μενος,
379 1511 464 1586 άλλά
485 1519 555 1585 πᾶν
572 1521 672 1605 ἔργον
688 1511 972 1602 συνεργαζόμενος
990 1514 1046 1582 καὶ
1063 1512 1103 1583 τά
1120 1511 1213 1585 αὐτὰ

237 1621 378 1697 ἐκείνοις
403 1613 606 1705 σιτούμενος.
648 1619 705 1687 καί
727 1613 807 1698 τους
837 1615 1040 1703 προέχοντας
1071 1616 1109 1686 δέ
1137 1623 1212 1687 τῶν

235 1723 357 1806 πολεμί
357 1744 404 1787 αν
414 1722 462 1798 είς
479 1725 687 1843 μμνομαχίαν
703 1725 918 1808 προεκαλεῖτο
937 1717 1052 1788 ένίοτε.
1070 1743 1112 1786 τα
1098 1715 1210 1840 μέν·
1223 1748 1248 1790 ιι

237 1847 288 1890 τοι
311 1817 513 1908 στρατηγικά
536 1817 599 1890 οὐκ
623 1847 661 1890 ευ
647 1810 800 1946 έκείνφ
817 1826 1061 1942 μετεχειρίζετο.
1098 1818 1212 1892 πάντα

239 1909 313 1989 δ’
291 1947 336 2008 ην
352 1916 443 2014 αότφ
429 1927 619 2011 κίβδηλα,
637 1924 694 1992 καὶ
711 1919 794 1992 αόιό
811 1919 849 1990 τό
867 1918 1021 2010 νόμισμα.
1041 1917 1154 1992 ένόσει
1173 1925 1211 1993 δὲ

203 2033 296 2092 Cum
284 2023 476 2112 ἐμφανέσι
493 2018 587 2094 καί’
568 2021 723 2114 αρρήτοις
741 2018 989 2144 άρριιστήμασι,
1007 2023 1063 2092 καὶ
1080 2023 1213 2093 πολλά-

236 2153 288 2207 κις
305 2121 413 2196 καὶ
379 2153 438 2196 ιον
456 2124 643 2216 πατέρα’
600 2153 707 2196 αυιου
698 2126 783 2194 καλ
807 2120 868 2194 τόν
890 2119 1041 2213 άδελφόν
1058 2121 1212 2212 ξιφήρεις

237 2223 346 2298 ἐδόκει
370 2223 523 2297 ἐλαύνειν
547 2223 756 2296 αὐτόνδιὰ
781 2227 993 2313 λέγεταικαὶ
1018 2222 1075 2307 τοὶς
1096 2225 1213 2315 ψυχάς
1227 2259 1251 2299 ιο

236 2331 383 2419 έπφδαλς
399 2325 585 2416 ἀναγαγεῖν
606 2331 668 2397 τοῦ
689 2355 726 2398 τε
749 2323 872 2416 πατρός
896 2329 955 2397 καλ
972 2355 1032 2398 τον
1016 2325 1215 2452 Κομόδου
1273 2341 1274 2426 χ

237 2429 294 2498 καί
328 2425 459 2516 ἄλλων,
494 2425 600 2517 μόνον
635 2429 735 2500 δὲ
705 2456 766 2499 τον
793 2425 949 2517 Κόμοδον
979 2426 1071 2524 αὐτῷ
1102 2428 1216 2519 φάναι
1271 2455 1273 2514 5

231 2522 363 2618 “στελχε
387 2526 527 2617 δίκης”
504 2526 646 2617 ασσον”,
669 2532 726 2602 καί
752 2531 807 2600 ἐπὶ
832 2528 1019 2620 τελευτῆς
1020 2501 1218 2657 “άρμφίοισι
1271 2523 1273 2576 ³

234 2625 347 2710 τόποις
365 2636 451 2718 ἔχων
469 2583 646 2702 δυσαλθέά
658 2629 803 2704 νοόσονῖ
805 2629 912 2722 ἐἶχε
932 2634 970 2703 δὲ
988 2630 1086 2702 καλ’
1062 2661 1218 2706 ωτακου-

235 2727 314 2812 στάς
348 2732 404 2802 καλ
441 2731 695 2822 διοπτεάονιας,
730 2735 787 2804 καὶ
817 2731 928 2805 πάντα
958 2731 1050 2827 αὐιφ
1081 2738 1144 2806 καὶ
1175 2737 1219 2807 τὰ

132 2830 460 2924 ΨΙΙελιβραχόιατα
494 2829 724 2924 άνηγγέλλετο.
759 2835 815 2905 καὶ
846 2831 1028 2925 ἐπήγγελλε
1067 2836 1135 2926 μὲν
1173 2835 1223 2921 ὥς

233 2941 456 3025 πρωιαίτερον
480 2935 631 3008 δικάσων
653 2933 674 3026 ἢ
696 2937 779 3008 ἄλλο
801 2966 833 3008 τι
866 2934 1029 3026 δημόσιον
1060 2937 1225 3031 πράξων,

234 3037 410 3128 παρέτεινε
441 3037 479 3106 δὲ
510 3039 565 3108 καλ
591 3035 678 3129 ὑπὲρ
708 3038 770 3127 την
795 3045 1007 3131 μεσημβρίαν
1030 3033 1052 3128 ἢ
1077 3042 1140 3110 καλ
1168 3051 1226 3128 εἰς

237 3134 441 3226 έσπέραν’
400 3165 524 3226 αυιην,
549 3139 633 3228 μηδὲ
656 3145 703 3221 είς
726 3137 767 3210 τά
790 3138 950 3232 πρόθυρα
978 3139 1229 3231 εἰσδεχόμενος

208 3233 319 3317 Πτοδς
337 3241 672 3328 συνειλεγμένους
630 3267 688 3329 της
711 3251 850 3332 γερονσί
850 3271 897 3326 ας.
933 3270 951 3312 ο
940 3236 1008 3312 ’δὲ
1024 3245 1082 3312 καὶ
1101 3247 1228 3334 έμιαε-
1254 3263 1255 3266 ’

235 3331 333 3418 φόνει
356 3339 411 3406 καί
437 3339 621 3428 παρηνόμει
644 3342 759 3412 καὶ
723 3371 763 3414 τα
780 3342 932 3434 χρήματα
951 3342 1229 3439 κατανήλισκεν,

236 3426 311 3498 οὐδ’
337 3439 489 3508 έπείδειο
515 3444 556 3527 τῇ
578 3445 676 3530 μητρὶ
700 3448 756 3518 καί
782 3448 858 3537 περὶ
889 3443 1021 3518 τούτοιν
1050 3448 1111 3517 καὶ
1145 3456 1255 3526 τῶνῖ
