2566 3800
223 137 286 202 194
532 139 602 192 Lm.
621 139 699 191 x111.
719 137 797 192 σεε.
815 138 876 190 vn.

221 278 296 348 τότε
313 284 518 367 κρατοῦντος
536 277 685 368 γαμβρὸς
702 269 746 366 ήυ
763 277 820 348 καὶ
838 281 871 361 ἐξ
898 281 1028 348 ἐκείνου
1046 277 1108 366 τήν
1124 278 1186 348 πύ-

221 389 275 450 λιν
289 379 431 468 εἰλήφει,
445 377 514 450 ύπό
524 377 696 468 Ῥωμαίων
715 379 801 451 ἑάλω
819 389 1004 472 πολιορκίᾳ.
1032 382 1068 450 έν
1085 379 1187 470 ταύτη

221 480 287 572 γάρ
313 479 521 579 ὁΣαπύρης
547 479 659 552 ἐλθών
682 487 797 552 πᾶσαν
821 485 953 570 ἐκίνησε
969 481 1122 572 μηχανήν
1138 479 1185 550 ἵν’
1273 533 1275 574 4

221 583 314 676 αύτῷ
332 581 353 671 ή
372 583 468 664 πόλις
486 581 573 675 ἁλῷ·
599 582 714 673 κριούς
731 610 767 653 τε
784 582 849 676 γάρ
868 589 1016 674 προσήγε
1032 598 1103 664 τοῖς
1120 590 1187 652 τεί-
1274 575 1275 602 ³

221 706 293 772 χεσι
314 685 372 754 καί
396 684 564 776 διώρυχας
590 681 780 771 ὑπογαίους
803 693 975 783 πεποίητο,
1000 683 1086 754 ἀλλά
1104 682 1213 774 πρὸςε

221 785 331 856 πάντα
357 793 522 872 γενναίως
546 783 827 856 ἀντικαθίσταντο
850 791 887 856 οί
902 786 1189 876 πολιορκούμενα,

220 886 357 958 καὶτὸν
375 885 526 977 ποταμὸν
544 889 593 975 δέ,
617 884 655 968 ὃς
673 887 728 956 διά
745 890 848 977 μέσης
867 893 956 978 ἔρρει
973 894 1032 977 τῆς
1050 887 1188 974 πόλεως,

219 992 483 1078 μετωχέτευσεν,
507 993 565 1058 ἵνα
588 993 681 1072 δίψει
709 989 892 1078 πιεζόμενοι
917 993 953 1060 οί
973 995 1032 1078 τῆς
1062 987 1189 1070 πόλεως

220 1095 383 1180 προδοῖεν
400 1089 495 1184 αύτῷ
511 1089 575 1179 τήν
592 1090 701 1162 πόλιν.
725 1106 796 1172 τοῖς
815 1091 854 1161 δὲ
872 1087 1024 1179 ἀφθονία
1040 1083 1085 1179 ήν
1103 1088 1188 1160 ύδά-

220 1218 289 1260 των
305 1193 362 1261 καὶ
382 1195 418 1262 έκ
436 1191 594 1283 φρεάτων
611 1192 669 1262 καί
688 1194 724 1262 ἐκ
742 1199 871 1280 πηγῶν.
904 1191 950 1274 ἀς
967 1190 1000 1262 δ’
1020 1199 1069 1274 είς
1086 1190 1189 1262 ούδὲν
1202 1217 1225 1258 ιι

220 1290 312 1387 αύτῷ
338 1292 550 1384 κατήντησαν
574 1291 740 1382 ἀνύσιμον
764 1299 803 1363 αί
824 1297 984 1381 ἐπίνοιαι,
1016 1293 1132 1383 ἕτερόν
1161 1321 1191 1362 τι

116 1393 318 1488 ΡΙΙΙοαύτᾳΞ
335 1395 555 1485 μεμηχάνητο.
589 1391 796 1483 ἀναδραμιδν
811 1394 872 1464 τὸν
890 1395 1053 1483 ποταμόν,
1076 1395 1126 1483 ὅς,
1146 1393 1190 1475 ὥς

185 1483 209 1530 A
222 1507 365 1586 είρηται,
391 1495 448 1567 διὰ
470 1503 529 1584 τής
555 1495 684 1576 πόλεως
709 1502 809 1586 ἔρρει,
833 1497 891 1566 καὶ
909 1495 995 1588 πρὸς
1011 1497 1190 1584 φάραγγας

218 1598 380 1687 γεγονιάς,
410 1606 497 1669 ἔνθα
520 1594 538 1667 ὁ
563 1601 673 1686 χῶρος
704 1593 750 1666 δι’
783 1589 826 1668 ού
851 1599 986 1688 διέρρει,
1014 1599 1191 1685 ἑστένωτο,

218 1696 391 1788 ἀπέρραξε
416 1697 477 1768 τὸν
503 1697 609 1768 τόπον
632 1699 690 1768 καὶ
715 1700 833 1788 ἐπέσχε
862 1699 901 1770 τό
932 1703 1042 1789 ῥεῦμα
1071 1697 1191 1771 αύτού.
1204 1729 1228 1770 α

218 1803 282 1868 τού
294 1795 329 1868 δ’
344 1800 469 1881 ὕδατος
482 1799 799 1891 πλημμυρήσαντος,
808 1800 941 1891 ἀθρόον
952 1800 994 1871 τά
1009 1801 1192 1892 φραγνύν-

218 1925 260 1968 τα
277 1899 339 1988 τήν
356 1907 419 1971 τού
437 1899 561 1984 ύδατος
579 1902 730 1984 διέξοδον
751 1902 874 1985 ἐξελών
895 1899 1007 1992 ἀφήκε
1022 1901 1060 1973 τὸ
1080 1906 1193 1993 ῥεῦμα

217 1999 301 2070 κατά
318 2008 377 2092 τής
395 2003 538 2085 πόλεως·
563 2003 600 2076 τὸ
626 2003 665 2072 δὲ
688 2003 778 2074 πολύ
800 2032 836 2074 τε
860 2007 1116 2094 σεσωρευμένον
1134 2004 1193 2074 καὶ

217 2101 285 2172 σύν
308 2110 368 2196 βίᾳ
391 2111 526 2198 σφοδρᾷ
544 2111 592 2200 τῷ
609 2111 710 2193 τείχει
727 2103 920 2194 προσπεσὸν
937 2107 1038 2196 μέρος
1056 2108 1192 2176 ἐκείνου

216 2205 410 2295 κατήραξεν.
458 2205 523 2278 οάκ
547 2206 656 2288 εύθύς
681 2207 720 2278 δὲ
744 2204 763 2276 ὁ
789 2207 959 2298 βάρβαρος
986 2209 1102 2278 είσέδυ
1126 2207 1232 2296 τήνου

216 2303 329 2394 πόλιν,
347 2305 423 2378 ἀλλ’
445 2306 490 2390 ὡς
512 2306 578 2398 ήδη
596 2307 786 2396 ἀλωθείσης
804 2307 920 2398 αύτής,
938 2309 1011 2378 ἐπεὶ
1028 2309 1086 2378 καὶΙ
1104 2308 1195 2401 πρὸς

218 2409 363 2497 ἑσπέραν
387 2403 431 2497 ήν
454 2407 472 2479 ὁ
496 2409 622 2500 καιρός,
642 2415 690 2490 είς
707 2408 830 2499 κύριον
847 2409 1110 2500 παραλήψεσθαι
1127 2412 1197 2500 τήν

216 2506 333 2594 πόλιν,
357 2509 404 2596 μή
421 2537 510 2590 τινος
528 2508 792 2599 ἀντιβαίνοντος,
810 2510 1007 2602 ὑπερέθετο.
1043 2517 1080 2582 οί
1095 2511 1132 2582 δ’
1156 2517 1197 2583 έν

215 2614 257 2697 τή
282 2608 378 2679 πόλει
402 2608 487 2700 πρὸς
509 2611 573 2700 μέν
599 2611 638 2682 τὸ
657 2615 769 2702 ρήγμα
786 2619 848 2684 τού
864 2621 996 2702 τείχους
1015 2614 1174 2704 έθορυβή

215 2720 346 2799 θησαν,
374 2710 418 2793 ἀς
436 2709 471 2782 δ’
492 2711 584 2786 εἶδον
601 2710 681 2794 τούς
699 2716 835 2802 Πέρσας
851 2713 1109 2804 ὑπερθεμένους
1129 2715 1200 2804 τήν
1214 2745 1241 2784 τε

181 2829 204 2878 Β
217 2817 363 2902 είσοδον,
382 2812 509 2886 ἀύπνοι
525 2815 589 2904 τήν
601 2815 709 2886 νύκτα
723 2817 970 2898 διατελέσαυτες
988 2823 1201 2910 πολυχειρίᾳ

213 2911 273 2984 τόυ
290 2911 397 2986 τόπον
415 2915 614 3008 ὠχύρωσαν,
632 2930 742 3006 τεῖχος
757 2917 851 2999 έντδς
864 2916 1098 3008 ἀνεγείραντες
1116 2922 1202 2989 ἕτε-

214 3043 285 3106 ρον.
322 3017 405 3110 ὅπερ
430 3023 540 3090 ἔωθεν
563 3017 581 3090 ὁ
601 3017 771 3110 Σαποίρης
799 3017 894 3107 ίδεόν,
919 3017 1059 3112 ἀμελείᾳ
1077 3026 1203 3113 οίκείᾳ

212 3121 250 3191 τὸ
268 3119 421 3210 ἀτύχημα
436 3117 654 3212 ἐπεγράφετο.
678 3117 753 3190 ἀλλ’
769 3114 847 3191 ούδ’
868 3119 957 3190 οὕτω
970 3127 1030 3210 τῆς
1047 3129 1204 3212 πολιορ-

7 3297 8 3306 χ
213 3229 288 3302 κίας
306 3218 480 3309 ἀφίστατο.
510 3221 618 3292 πολλοὶ
637 3221 676 3292 δὲ
693 3222 750 3292 καί
768 3224 864 3312 ἕτερα
881 3222 964 3292 κατὰ
978 3229 1037 3312 τής
1055 3219 1204 3307 πόλεως
1219 3252 1246 3294 εο

7 3311 8 3332 ’
112 3331 225 3382 wn114
235 3323 505 3413 ἐπινοησάμενος,
524 3325 581 3392 καὶ
604 3331 783 3404 πλείστους
801 3329 871 3394 τῶν
895 3329 1030 3394 οίκείων
1052 3322 1203 3413 ἀποβα-

212 3419 302 3506 λων,
329 3421 417 3514 ὑπὲρ
435 3423 501 3514 γάρ
519 3423 579 3505 τάς
598 3437 702 3496 είκοσι
718 3425 1112 3524 χιλιάδαςικιυδυνεύσαι
1132 3429 1205 3496 λε’-
