2586 3800
475 117 547 168 ΜΒ.
560 117 607 166 ει.
627 117 705 171 υιε.
719 117 769 174 xl.
1071 122 1114 186 35

209 250 245 325 O
262 257 348 343 γοῦν
364 253 534 336 Κλαύδιος
552 253 739 380 ἀχθόμενος
756 272 825 338 τοῖς
846 261 1028 378 δρωμένοις
1041 279 1111 345 τοῖς

133 361 216 443 τέως
233 363 290 438 είς
312 360 441 443 γνῶσιν
465 360 575 428 λοῦσιν
601 353 710 452 αὐτῷ,
746 361 801 430 καί
828 363 876 454 τῷ
897 370 1145 486 Βρεττανικῷυ

133 457 236 530 ὁπότε
255 455 388 546 ἐντύχοι
405 457 619 550 φιλοφρόνως
637 458 889 550 συγγινόμενος,
908 460 972 532 οὐκ
990 460 1111 554 ήνεγκε

132 559 173 632 τὰ
190 557 363 650 γινόμενα,
382 555 454 629 ἀλλ’
478 563 610 650 ἐκείνην
627 589 663 631 τε
680 569 866 633 καταλῦσαι
884 567 939 633 και
956 562 1015 634 τόν
1032 563 1110 638 υιόν

106 665 168 744 είς
190 660 269 742 τοὺς
294 657 441 784 ἐφήβους
466 668 657 752 εἰσαγαγεῖν
682 691 737 732 και
728 662 916 786 διάδοχον
934 663 1057 740 ιἰποδεῖ
1043 671 1109 752 ῖξαι

132 759 405 888 παρεσκευάζετο.
444 769 573 852 γνοῦσα
592 765 629 834 δὲ
646 767 751 835 ταῦτα
768 759 789 854 6
805 763 1008 854 Ἀγριππῖνα
1025 795 1105 861 προ-

134 871 336 953 καταλαβεῖν
360 862 464 935 αὐτόν
487 863 654 961 φαρμάκῳ
677 873 760 957 πρίν
785 895 818 937 τι
834 875 988 940 τοιοῦτον
1006 895 1110 961 πραχ-

117 973 236 1056 θήναι
255 963 473 1039 ἐσπούδασεν.
511 962 614 1049 όςδ
641 969 748 1038 ἐκεῖνο
771 964 920 1039 οὐδὲνε
899 967 967 1040 νπό
987 997 1024 1040 τε
1048 975 1111 1043 του

132 1080 240 1156 οίνου,
264 1063 306 1138 δν
322 1066 431 1139 πολὺν
448 1063 533 1140 66‘
517 1097 535 1138 ο
553 1066 724 1151 Κλαύδιος
742 1076 868 1160 ἔπινεν,
887 1073 1108 1163 ἐξειργάσατο,

92 1203 119 1242 10
133 1164 232 1240 καῖ’
213 1169 287 1240 υπὸ
303 1172 363 1258 τής
387 1166 489 1260 άλλης
515 1161 709 1261 διαίτης,
686 1199 708 1261 η
731 1168 853 1252 πάντες
880 1175 1005 1245 ἐπίπαν
1021 1174 1104 1244 οί
1071 1204 1109 1245 το

132 1270 253 1396 κράτος
271 1277 401 1360 ἔχοντες
418 1273 563 1364 χριόνται
584 1269 666 1362 πρός
683 1269 875 1396 φφλακήν”
859 1277 1001 1364 εαυτοόν,
1020 1285 1108 1346 Λου-

132 1371 281 1444 κοόσταν
293 1379 491 1463 φαρμακίδα
508 1371 584 1445 τινὰ
600 1371 800 1464 περιβόητον
818 1374 872 1444 ἐπ’
893 1373 983 1470 αὐτῷ
1000 1375 1108 1471 τοότφ

131 1477 211 1546 νέον
231 1470 420 1546 ἑαλωκυῖαν
437 1477 687 1565 μετεπέμψατο
723 1482 783 1546 καί
797 1505 829 1546 τι
847 1473 1024 1567 φάρμακον
1042 1481 1108 1548 ἕτε-

133 1606 195 1668 ρον
213 1573 365 1663 άφυκτον
383 1575 576 1649 σκευάσασα
596 1574 641 1646 δι’
664 1573 826 1666 αὖτής,ε
810 1585 857 1660 είς
876 1587 949 1649 ἔνια
966 1583 1034 1649 τόν
1051 1608 1108 1650 κα·

92 1708 119 1749 15
132 1681 306 1768 λουμένου
329 1677 488 1769 μυκήτων
512 1680 668 1768 ἐνέβαλε,
698 1681 754 1750 καὶ
781 1677 865 1768 αὐτή
891 1681 953 1769 μὲν
976 1685 1013 1752 ἐκ
1034 1687 1210 1756 τῶνΡΙῡθῖ

111 1819 113 1823 ·
132 1777 245 1852 ἄλλων
261 1776 406 1869 ήσθιεν,
422 1782 554 1852 ἐκεῖνον
572 1781 610 1850 δὲ
629 1783 666 1850 ἐκ
682 1783 743 1850 τοῦ
762 1779 799 1852 τὸ
817 1779 995 1871 φάρμακον
1013 1790 1108 1872 ἔχου-

119 1883 205 1971 ’τος,
223 1878 318 1964 όντος
336 1887 495 1972 μεγίστου
512 1909 549 1952 τε
567 1883 624 1952 καί
641 1887 839 1970 καλλίστου,
867 1899 990 1972 φαγεῖν
1007 1903 1107 1974 παρἐ·

134 1980 284 2054 σκεόασε.
322 1985 378 2054 καὶ
395 1978 413 2054 6
430 1984 495 2074 μὲν
512 1980 622 2065 οὕτως
638 1985 914 2072 ἐπιβουλευθείς,
943 1983 987 2066 ιός
1004 1981 1107 2074 ὑπερ-

133 2083 233 2177 κορής
258 2082 392 2176 σφόδρα
416 2089 457 2176 τῇ
481 2087 571 2176 μέθη
588 2082 788 2174 γενόμενος,
815 2079 896 2174 ὅπερ
915 2086 971 2152 καὶ
990 2082 1107 2156 ἄλλοτε

1 2245 2 2248 ι
93 2215 120 2256 ιο
134 2183 290 2267 πολλάκις
322 2189 470 2276 ἐγένετο,
507 2191 544 2258 ἐκ
574 2190 634 2256 τοῦ
665 2192 856 2276 συμποσίου
892 2187 1106 2274 ἑξεκομίσθη·

133 2289 376 2379 κατεργασθεὶς
411 2289 449 2359 δὲ
479 2291 526 2384 τῷ
555 2286 721 2382 φαρμάκῳ
752 2285 932 2384 μετήλλαξε
964 2283 1018 2356 διά
1048 2291 1107 2374 τής

1 2423 2 2427 ’
22 2437 24 2441 -
133 2387 253 2472 νυκτός
271 2386 347 2479 μήτ’
369 2397 478 2462 είπεῖν
495 2385 572 2480 μήτ’
592 2385 737 2460 όκοῦσαί
751 2417 783 2458 τι
802 2395 981 2478 δυνηθείς,
1008 2386 1107 2478 ζήσας
1158 2397 1159 2400 ’

133 2499 190 2582 ἔτη
218 2493 272 2562 ἐπὶ
295 2495 406 2583 τρισὶν
430 2489 588 2581 ἑξήκοντα
611 2493 668 2562 καὶ
692 2493 799 2582 μήνας
827 2487 889 2563 δύο
907 2493 962 2561 καὶ
981 2485 1106 2580 ἡμέρας

133 2597 358 2683 τρισκαίδεκα,
377 2591 588 2686 αὐταρχήσοις
607 2588 640 2662 δ’
661 2591 833 2674 ἐνιαυτοὺς
852 2599 1023 2683 δεκατρεῖς
1041 2597 1108 2681 μή-

96 2723 122 2764 τε
136 2693 198 2776 νάς
215 2721 251 2765 τε
268 2691 354 2765 όκτοδ
372 2697 429 2764 καὶ
445 2690 570 2786 ἡμέρας
588 2704 703 2766 είκοσι.

215 2802 328 2866 Ταῦτα
347 2797 383 2866 δὲ
400 2795 420 2887 6
435 2793 637 2888 Ἀγριππῖνα
654 2801 816 2884 πεποίηκε
832 2795 891 2865 τὸν
908 2793 1107 2884 Νάρκισσον

134 2905 181 2979 είς
187 2905 413 3023 Καμπανίαν
443 2899 685 2988 προπέμψασα,
718 2891 763 2977 ὥς
792 2912 862 2976 τοῖς
888 2893 1012 2966 ὕδασιν
1039 2897 1141 2964 ἐκεῖΒ

134 2999 217 3122 πρὸς
240 2999 303 3088 τήν
327 2997 502 3089 ποδάγραν
512 2996 749 3122 χρησόμενον
785 2993 827 3065 06
854 2994 918 3086 γάρ
945 3021 1026 3066 ποτε
1044 3019 1106 3063 πα-

134 3099 250 3194 ρόντος
278 3103 409 3174 ἐκείνου
432 3097 584 3172 τοιοῦτόν
606 3129 638 3170 τι
663 3099 862 3190 δεδρακέναι
889 3107 1030 3188 ῖσχυσεν
1047 3091 1105 3165 άν

94 3231 120 3272 ιο
133 3206 281 3284 τοιοῦτος
304 3206 365 3273 τοῦ
390 3200 553 3274 δεσπότου
570 3199 682 3291 φόλαξ
706 3197 873 3292 ἐτύγχανε.
909 3193 1209 3280 θανόντοςικΠ187

136 3305 173 3374 δὲ
196 3332 257 3378 ιον
245 3302 452 3376 Κλαυδίου
475 3307 531 3375 καὶ
556 3299 656 3384 αότὸς
675 3297 781 3384 εόθός
801 3299 988 3392 διεφθάρη,
1015 3299 1106 3388 με’γι·

136 3428 216 3477 στου
235 3412 405 3496 δυνηθείς.
441 3403 506 3496 πρδ
525 3405 562 3476 δε
579 3407 640 3476 τοό
657 3411 829 3497 σφαγήναι
843 3411 941 3493 ἔργον
955 3400 1107 3495 λαμπρὸν

914 3516 955 3580 36
