2586 3800
432 131 783 190 Lffl.x11.cA1>.1x.x.
1032 131 1093 197 103
1201 109 1205 119 ’

125 279 173 354 είς
190 269 252 360 τὴν
270 277 503 358 Παλαιστίνην
527 268 666 360 ἀφίκετο
690 273 748 341 καί
773 273 806 352 ές
825 283 1017 360 Αίγυπτον,
1036 275 1092 342 καί

123 377 236 445 πᾶσαν
260 370 331 444 εἶδε
362 373 419 442 καὶ
441 371 481 442 τὰ
506 375 719 464 κεκρυμμένα
738 371 1090 462 ἐπολυπραγμόνησεν.

122 467 166 566 ἦν
187 471 253 564 γάρ
277 469 346 554 οἷον
368 475 451 562 μήτε
474 485 572 546 θεῖον
595 473 678 564 μήτε
702 504 735 546 τι
752 472 973 564 ἀνθρώπινον
989 503 1093 546 κατα-

10 601 11 606 ’
123 589 236 648 λιπεῖν
253 570 487 664 ἀνερεύνητον.
524 579 580 646 καὶ
597 576 639 670 τά
656 582 772 664 βιβλία
790 573 811 646 ἅ
828 605 861 646 τι
879 577 970 666 εἶχον
987 572 1093 664 ἀπόρ-

95 706 226 770 ερητον
261 679 298 748 ἐκ
315 673 453 748 πάντων
477 681 546 748 τῶν
571 672 706 748 ἀδύτων
732 673 894 766 ἀνείλετο,
921 675 984 748 ὅσα
1009 681 1091 760 τέως

124 775 239 870 εὑρεῖν
258 775 431 866 δεδύνητο.

205 886 318 952 Ταῦτα
340 880 402 970 μὲν
425 875 547 960 οὕτως·
584 879 735 968 εἰρήσθω
761 876 794 950 δ’
822 875 866 962 ἀς
890 885 928 951 έν
954 879 1091 975 παρόδω

124 985 180 1056 καί
196 980 259 1052 ὅσα
281 978 340 1054 τὸν
357 990 477 1052 Δίωνα
499 981 578 1070 περί
600 985 661 1052 τοῦ
678 989 808 1054 Νείλου
832 983 970 1070 λέγοντα
994 979 1092 1072 εὕρο-

123 1113 204 1174 μεν,
227 1079 312 1154 ὅθεν
333 1110 371 1154 τε
396 1080 594 1154 ἀναδίδοται
624 1085 682 1154 καὶ
706 1081 762 1154 διά
785 1091 821 1154 τί
835 1082 918 1154 κατά
935 1081 970 1154 τὰ
989 1085 1092 1172 θέρος

83 1217 111 1258 ιο
124 1191 302 1273 πεποίηται
324 1181 387 1274 τὴν
409 1182 585 1271 ἀνάβασιν.
638 1189 729 1274 λέγει
758 1191 875 1256 τοίνυν
897 1181 948 1256 ὅτι
971 1187 1009 1256 έκ
1031 1192 1091 1256 τοῦ

114 1285 295 1368 Ἀτλαντος
319 1283 533 1375 ἀναδίδοται,
568 1285 627 1356 τὸν
657 1287 695 1356 δὲ
711 1283 877 1358 ’Ἄτλαντα
900 1283 976 1376 ὄρος
1004 1287 1090 1358 εἶναι

8 1477 9 1480 ¹
124 1393 161 1459 ἐν
194 1393 236 1478 τῇ
254 1392 478 1460 Μακεννίτιδι
511 1385 594 1476 παρ’
631 1383 723 1482 αὐτῷ
757 1391 804 1481 τῷ
828 1386 976 1482 Ὠκεανῷ
1002 1389 1193 1478 πρδςΡιαορ
1283 1457 1286 1464 ,

124 1490 288 1580 ἑσπέραν,
313 1491 370 1561 καί
387 1485 476 1576 ὀρῶν
494 1483 654 1561 ἀπάντων
670 1487 979 1578 δπερανίστασθαι,
1005 1487 1090 1563 ὥστε

123 1594 181 1662 καλ
197 1599 295 1662 κίονα
311 1587 416 1662 αὐτὸν
435 1589 490 1660 διὰ
507 1589 544 1662 τὸ
561 1585 647 1674 ,ὕψος
665 1591 757 1680 παρὰ
771 1595 840 1662 τοῖν
849 1595 996 1678 ποιητῶν
1009 1601 1091 1679 κλη-

82 1695 229 1782 τεθῆναι
245 1699 306 1764 τοῦ
330 1689 490 1782 οὐρανοῦ.
527 1689 609 1782 μήτε
632 1689 695 1782 γάρ
719 1688 890 1782 ἀναβῆναί
911 1691 986 1763 τιυά
1010 1719 1091 1764 ποτε

124 1801 171 1877 είς
193 1793 299 1885 ἀκρον
323 1789 427 1866 αὐτοῦ
450 1791 526 1883 μήτ’
555 1797 690 1866 ἰδέσθαι
720 1792 778 1876 τὰς
805 1792 910 1866 αὐτοῦ
939 1791 1091 1884 κορυφάς

122 1895 231 1986 χιόνος
258 1892 311 1966 ἀεὶ
341 1892 558 1984 πληθούσας,
595 1896 627 1978 ἐξ
658 1885 697 1984 ἧς
728 1893 814 1967 πολι)
845 1912 1024 1986 καταρρεῖν
1053 1893 1090 1966 τὸ

122 1993 217 2086 ὕδωρ
233 1994 299 2070 ὑπὸ
317 1993 354 2068 τό
372 2002 492 2084 θέρος,
515 1996 572 2068 καὶ
598 1994 654 2065 διά
679 2003 778 2068 τοῦτο
795 1994 869 2068 τότε
887 1995 945 2066 τὸν
963 2007 1091 2070 Νεῖλον

122 2096 369 2187 πληθύνεσθαι.
389 2100 479 2186 λέγει
498 2097 536 2167 δὲ
552 2099 656 2168 ταῦτα
669 2095 839 2186 Ῥωμαίοις
856 2093 1090 2186 ἀκριβωθῇναι

79 2231 110 2272 20
125 2203 162 2269 ἐκ
184 2205 254 2270 τάν
276 2205 333 2289 τῆς
360 2198 449 2270 κάτω
474 2205 710 2286 Μαυριταυίας
740 2194 954 2286 ἀνθρώπων,
988 2220 1090 2286 προσ-

122 2307 227 2374 οίκων
242 2298 352 2374 ὅντων
369 2330 409 2392 τη
399 2304 572 2373 Μακενυ
574 2305 670 2388 ίτιδι,
695 2300 751 2370 καὶ
776 2297 919 2380 πολλοὺς
936 2302 1004 2369 τῶν
1022 2303 1093 2370 ἐκεῖ

122 2405 424 2496 στρατευσαμένων
443 2397 613 2522 Ρωμαίων
636 2400 820 2491 ἀφικέσθαι
846 2402 902 2472 καὶ
926 2399 1008 2489 πρὸς
1032 2399 1091 2472 τὸν

112 2501 287 2576 ’ἫΑτλαντα
312 2509 418 2576 ταῦτα
435 2487 557 2593 μὲν
514 2532 578 2575 ουν
595 2505 671 2592 περὶ
688 2531 748 2574 του
734 2507 891 2576 Νείλου
908 2531 955 2574 τω
940 2507 1090 2591 Δίωνι,

122 2612 155 2678 εί
185 2609 242 2678 καὶ
277 2603 389 2688 ἀλλοις
422 2603 486 2695 οὐχ
519 2602 608 2676 οὕτω
642 2604 684 2676 τά
724 2607 801 2694 περὶ
850 2601 955 2676 αάτοῦ
997 2610 1090 2677 δεδι-

79 2735 108 2780 εε
123 2705 252 2796 ἥγηται.

197 2806 410 2888 Πλαυτιανὸς
428 2808 465 2878 δὲ
482 2805 839 2901 παραδυναστεύωυ
808 2835 854 2876 τω
842 2803 1013 2899 Σευήρω
1031 2770 1122 2876 καίΒ
1099 2833 1139 2896 10

120 2937 184 2998 την
202 2909 383 3000 έπαρχικηυ
405 2915 491 2999 έχων
515 2911 630 2992 έίξουσ
629 2937 671 2978 αν
694 2908 751 2978 καὶ
768 2909 906 2995 μέγιστα
925 2907 1087 2994 δυνηθεὶς

120 3009 265 3094 πολλους
281 3039 350 3082 των
374 3014 560 3100 ἐλλογίμων
578 3007 714 3131 ἀνδρων
732 3008 788 3076 καὶ
812 3002 980 3096 ὁμοτίμων
998 3005 1090 3083 αὐτω

96 3110 347 3185 Ιἐθανάτωσεν.
374 3109 540 3200 ἄπληστος
571 3104 657 3180 &W
631 3138 679 3209 ων
701 3105 792 3197 παρά
815 3105 951 3178 πάντων
974 3084 1192 3197 ᾔτει,νιῐῐεισ

122 3390 156 3496 7-6
192 3375 265 3495 (δερ,
280 3379 320 3432 10.
356 3378 456 3429 Dionis
478 3375 621 3428 Historiae
644 3376 786 3428 Romanae
810 3375 828 3430 l.
852 3377 899 3440 75,
928 3390 950 3428 ο.
972 3375 1054 3426 14-
1072 3374 1091 3424 1.

162 3459 213 3509 ,α
266 3469 274 3498 ι
