2566 3812
199 163 260 228 192
512 164 584 218 ΜΒ.
604 165 680 216 v111.
699 162 778 215 οΑΡ.
796 164 843 218 v1.

196 300 393 393 περίαότόν
407 304 462 374 καί
476 305 546 373 τεόν
558 301 736 394 χρημάτων
749 298 973 393 άποχωρῆσαι.
1002 305 1165 374 ἐντεῦθεν

196 410 232 476 οί
246 406 308 495 μὲν
321 403 547 495 Καρχηδόνιοι
561 403 607 488 ὡς
625 409 806 476 ἔνσπονδοι
818 419 887 487 τοῖς
896 401 1067 494 Ῥωμαίοις
1084 399 1164 476 άπέ·

196 516 366 594 πλευσαν,
397 502 418 595 ή
451 507 488 576 δὲ
518 504 612 588 πόλις
641 503 877 596 προσεχώρησε
899 508 947 600 τῷ
971 515 1162 601 Παπειρίῳ·

198 611 254 679 καί
280 607 320 679 τά
343 605 431 680 ὅπλα
454 609 511 678 καὶ
527 607 587 690 τάς
603 611 688 690 ναός
705 603 800 702 αότρῑ
816 609 1026 698 παρέδοσαν,
1050 611 1106 678 καὶ
1122 605 1164 678 τά

162 727 187 776 D
200 717 292 800 τείχη
309 719 471 782 καθεῖλον
488 711 545 780 καὶ
564 716 792 800 δασμοφορείν
810 706 1036 800 ιόμολόγησαν.
1189 738 1203 780 ε
1279 751 1281 780 ι

276 808 374 884 Οὕτω
401 811 438 881 δέ
455 810 533 894 τούς
556 818 786 901 Ταραντίνους
803 805 866 900 ὑφ’
886 809 1027 891 ἑαυτοάς
1044 805 1164 882 οἱῬω-

196 929 290 1004 μαίοι
320 910 540 1002 ποιησόμενοι
564 911 745 1002 ἐτράποντο
769 911 853 1002 πρὸς
875 910 912 982 τό
932 906 1080 1001 Ῥήγιον,
1111 911 1163 982 ότι

196 1012 256 1086 τόν
278 1012 441 1105 Κρότωνα
463 1019 628 1108 προδοσίᾳ
653 1013 810 1103 λαβόντες
832 1010 895 1101 τήν
917 1040 955 1084 τε
971 1013 1070 1085 πόλιν
1087 1041 1163 1084 κατ-

94 1119 354 1201 ΜΙΙὸῑέσκαψαυ
384 1117 440 1186 καὶ
463 1111 541 1198 τοάς
573 1120 610 1187 έν
632 1114 719 1206 αὐτῇ
741 1113 921 1205 Ῥωμαίους
952 1117 1162 1204 διέφθειραν.

195 1216 272 1300 τοὺς
285 1218 347 1306 μὲν
360 1206 423 1288 οάν
437 1225 675 1310 Μαμερτίνους
691 1217 769 1299 τοὺς
786 1215 850 1304 τήν
863 1213 1052 1306 Μεσσήνην
1070 1223 1161 1307 ἔχον·
1176 1247 1201 1290 ιο

195 1347 271 1408 τας,
296 1313 356 1401 οὕς
380 1317 573 1410 συμμάχους
596 1324 631 1390 οἱ
653 1323 691 1390 ἐν
713 1323 759 1413 τῷ
773 1316 891 1412 Ῥηγίφ
908 1320 1161 1409 προσεδέχοντο,

195 1419 356 1515 ὁμολογίᾳ
388 1419 645 1513 διεκρούσαντο,
678 1418 938 1509 έκακοπάθησαν
970 1421 1008 1490 δέ
1031 1429 1163 1510 πολιορ-

196 1529 334 1604 κοῦντες
347 1521 384 1594 τὸ
393 1520 523 1613 Ῥήγιον
536 1520 657 1593 σπάνει
668 1551 704 1593 τε
717 1525 843 1613 τροφῆς
861 1522 916 1591 καὶ
934 1517 1045 1604 άλλοις
1061 1529 1163 1611 τισίν,

196 1627 258 1708 ἕως
277 1623 390 1715 Ἱέρων
414 1628 451 1694 ἐκ
476 1631 633 1705 Σικελίας
656 1621 751 1695 σῖτόν
780 1649 816 1694 τε
835 1617 1003 1712 Ῥωμαίοις
1032 1625 1163 1713 πέμψας

196 1727 253 1796 καὶ
270 1724 471 1816 στρατιάτιις
498 1727 666 1817 ἐπέρρωσε
690 1729 789 1815 σφᾶς,
814 1727 870 1794 καὶ
888 1723 950 1814 τήν
966 1722 1065 1796 πόλιν
1082 1745 1161 1795 σνν·
1175 1754 1200 1796 ιε

197 1835 296 1898 είλεν.
339 1822 362 1916 ἢ
384 1842 453 1910 τοῖς
479 1834 634 1917 περιοῦσι
657 1832 725 1898 τάν
748 1822 898 1917 άρχαίων
920 1828 1066 1897 πολιτάν
1083 1821 1162 1896 άπε-

198 1926 302 2018 δόθη·
330 1935 365 2000 οί
381 1925 413 1998 δ’
434 1925 736 2018 ἐπιβουλεύσαντες
754 1924 840 2018 αὐτῇ
859 1925 1102 2016 ἐκολάσθησαν.

268 2029 303 2101 Ὁ
328 2032 370 2100 δέ
390 2059 427 2120 γε
440 2029 552 2120 Ἱέρων
575 2029 653 2102 οὔτε
669 2027 840 2123 πατρόθεν
859 2027 1059 2119 ἐπιφάνειαν
1076 2036 1163 2120 έχων

195 2129 286 2221 τινά,
305 2131 475 2223 μητρόθεν
494 2133 532 2204 δὲ
549 2135 606 2204 καὶ
624 2138 762 2225 δουλείᾳ
780 2129 979 2222 προσήκων,
1004 2137 1161 2213 Σικελίας

195 2227 326 2323 ἁπάσης
348 2225 428 2325 ήρξε
449 2241 590 2324 μικροῦ,
615 2237 671 2305 καὶ
693 2240 791 2324 φίλος
804 2231 974 2323 Ῥωμαίοις
999 2237 1160 2322 ἐνομίσθη
1174 2262 1200 2305 κο

94 2347 191 2400 P1380
197 2338 253 2406 καί
270 2333 450 2425 σύμμαχος.
491 2326 588 2419 οὗτος
611 2326 673 2406 οὖν
689 2340 758 2407 τῶν
775 2342 1025 2426 Συρακουσίων
1041 2332 1162 2425 κρατή·

195 2458 257 2518 σας
273 2434 356 2525 μετά
372 2435 435 2524 τήν
451 2439 512 2508 τοῦ
529 2435 670 2527 Πάρρον
688 2434 803 2526 φυγήν
819 2433 970 2520 καὶτούς
987 2442 1162 2529 Καρχηδο·

194 2543 289 2616 νίους
308 2534 511 2626 εὐλαβηθείς
526 2540 736 2628 ἐγκειμένους
753 2545 794 2629 τῇ
808 2545 965 2632 Σικελίᾳ,
982 2537 1067 2629 πρός
1083 2535 1162 2620 τούς

190 2637 370 2728 Ῥωμαίους
393 2636 568 2728 ἀπέκλινε,
598 2641 654 2710 καὶ
679 2637 815 2731 πράτην
839 2637 938 2731 χάριν
962 2637 1074 2723 αὐτοῖς
1100 2639 1162 2730 τήν

196 2742 376 2832 είρημένην
417 2748 609 2834 συμμαχίαν
643 2744 699 2814 καὶ
734 2741 797 2833 τήν
837 2750 1059 2832 σιτοπομπίαν
1096 2739 1161 2813 άπ-
1174 2769 1200 2812 ιε

196 2844 312 2934 ἐνειμε.

271 2943 370 3016 Μετὰ
383 2947 488 3015 ταῦτα
503 2944 541 3016 δέ
553 2949 714 3035 χειμῶνος
727 2943 901 3035 γεγονότος
918 2950 1059 3033 πολλοῦ,
1077 2941 1162 3016 άστε

194 3042 257 3117 τόν
282 3053 419 3136 Τίβεριν
443 3053 490 3128 είς
513 3043 600 3118 πελά
621 3050 683 3118 τοῦ
706 3045 837 3136 βάθους
859 3049 1163 3138 κρυσταλλοιθήναι

195 3149 250 3216 καλ
269 3143 462 3236 αὐανθήναι
478 3148 520 3219 τά
538 3152 680 3240 δένδρα,
699 3153 734 3220 οί
750 3151 787 3220 ἐν
803 3151 845 3240 τῇ
854 3143 960 3240 Ῥάμη
979 3144 1162 3219 ἐταλαιποό·

196 3267 321 3337 ρησαν,
356 3249 413 3318 καί
446 3248 488 3320 τά
518 3248 711 3342 βοσκήματα
741 3255 800 3340 τής
830 3248 914 3333 πόας
944 3248 1201 3339 ἐπιλιπούσηςιο

195 3346 404 3439 ἐφθάρησαν.
