2510 3834
161 168 181 230 6
508 169 579 221 LIB.
591 171 639 224 VI.
657 170 736 223 OAP.
748 173 785 224 ΙΙ.

156 309 317 391 Ἰουδαῖος
343 307 517 403 εἰσῴκισεν
544 309 666 403 ἑαυτὸν
684 317 731 392 είς
749 309 811 399 τὴν
830 308 985 403 Ἡρώδου
1003 317 1128 404 συμμέ-

160 438 267 500 νειαν,
287 413 359 481 ἐπεὶ
376 411 439 500 τὴν
456 411 589 503 μορφὴν
602 406 753 502 ὦμοίωτο
770 409 975 508 Ἀλεξάνδρῳ
989 419 1036 508 τῷ
1047 415 1127 507 ιἰνη-

162 512 294 606 ρημένρι
311 511 468 605 ,Ἡρύδου
485 518 561 609 νίῷ.
598 520 659 584 καί
679 540 754 586 τινα
772 513 978 605 παραλαβών
1000 514 1127 607 δμύφυ·

161 623 222 684 λον
238 609 347 704 ἄνδρα
365 613 514 704 πονηρόν
530 643 567 686 τε
584 617 640 686 καὶ
658 615 797 706 σνχχέαι
815 615 1005 705 δυνάμενον
1023 616 1127 710 πράγ-

11 788 17 803 ,
160 741 265 804 ματα,
297 713 519 810 Ἁλέξανδρον
545 714 713 806 ὠνόμαζεν
737 713 861 789 ἑαντὸν
890 716 950 788 τὸν
974 713 1154 811 Ἡρύδουι

3 872 8 881 .
122 813 254 905 Βνίόν,
279 812 324 898 ὥς
346 811 414 888 ύπό
431 845 535 889 τινοιν
551 821 619 889 τοῖν
642 814 778 890 ἀνελεῖν
802 813 902 908 ἄμφω
925 818 1002 902 τοὺς
1028 817 1125 891 ἀδελ-

159 917 249 1007 (ρούς
281 919 491 1008 ἐσταλμένων
522 912 636 990 άλλων
670 918 911 1011 ἀνῃρημένων,
946 918 1059 991 αὐτοῖν
1090 922 1128 992 δέ

160 1021 420 1111 περισωθέντων
437 1023 494 1091 ιιιιὶ
513 1023 812 1111 διακεκλεμμένων
849 1022 905 1090 ααλ
928 1017 1038 1108 λόγοις
1055 1050 1138 1094 τοι·

160 1119 270 1202 ούτοις
288 1118 399 1211 ἠπάτα
420 1122 498 1204 τούς
514 1121 804 1248 ἐντυγχάνρντας,
828 1118 1019 1192 κάντεῦθεν
1036 1131 1127 1194 πλεί·

159 1243 221 1292 στα
240 1221 441 1348 συναχαγων
460 1221 610 1315 χρήματα
630 1231 678 1305 εἰς
692 1221 819 1346 Ρράμην
833 1217 996 1311 ἠπείγετο.
1037 1234 1125 1296 Καί·
1140 1256 1166 1294 ιο

160 1345 224 1413 σαρ
257 1324 295 1394 δέ
318 1319 450 1413 ἠπίστει
479 1325 541 1415 μέν
564 1329 689 1416 ῥαδίως
718 1321 934 1412 ἀπατηθῆναι
958 1321 1126 1415 Ἡρύδην,

158 1421 298 1514 άμαγοδν
315 1429 348 1496 δ’
369 1433 418 1507 είς
439 1421 521 1510 ὄψιν
544 1422 649 1496 αύτδν
671 1424 730 1495 τὸν
753 1427 1048 1515 ψευδαλέξανδρον
1065 1422 1128 1498 ούιι

158 1521 315 1614 ἠπύτητο.
352 1527 389 1599 τὸ
411 1529 473 1617 μὲν
491 1526 555 1617 γάρ
579 1527 667 1608 εἶδος
692 1525 781 1616 εἶχεν
808 1527 948 1616 ἐμφερὲς
966 1524 1051 1616 πρὸς
1068 1523 1127 1599 τδν

153 1624 309 1715 Ἡρώδου
323 1623 554 1717 Ἀλέξανδρον,
572 1623 633 1696 ὑπ’
648 1625 812 1716 αύτουργί
810 1656 849 1709 ας
797 1623 884 1697 δ
889 1623 896 1649 ’
913 1629 1125 1751 ἐτετρύχωτο,

159 1730 215 1798 καὶ
239 1728 324 1817 πρὸς
347 1725 384 1798 τδ
407 1725 629 1822 σκληρότερον
652 1725 744 1851 αὐτῷ
769 1725 988 1817 ἐπεφύκει
954 1757 992 1798 το
1017 1737 1125 1819 σωμα,
1140 1757 1167 1796 ιε

158 1823 233 1898 ἀλλ’
258 1825 319 1918 ούχ
348 1823 393 1909 ὥς
420 1827 456 1899 τὸ
482 1824 661 1901 ἐκείνου
642 1825 708 1900 υπύ
732 1831 861 1920 τρυφῆς
891 1827 1125 1920 μεμαλάιιιστο.

160 1927 311 2018 ἐξήταζεν
335 1919 398 2000 οὖν
421 1927 439 2000 ὁ
463 1939 597 2021 Καῖσαρ
621 1932 698 2022 περὶ
718 1928 981 2020 Ἀριστοβούλου
1003 1949 1064 2002 ποι
1083 1925 1127 2002 ἀν

0 2089 1 2094 ,
160 2039 227 2154 εἴη·
252 2031 405 2120 φαμένου
429 2026 464 2102 δ
483 2035 614 2103 ἐκείνου
639 2035 676 2104 ἐν
697 2029 826 2126 Κύπρω
849 2041 1126 2122 ιιαταλελειφθαι,

0 2205 1 2208 ,
10 2127 208 2203 P1264w’
228 2141 263 2202 εί
276 2161 308 2203 τι
325 2134 403 2225 περὶ
421 2133 478 2224 ἐμὲ
495 2140 644 2223 συμβαίη
669 2133 799 2222 δεινόν,
824 2161 871 2223 μη
889 2131 999 2221 πάντη
1015 2131 1126 2220 τὸτῆς

158 2231 301 2325 Μαριάμ
326 2237 463 2326 ἐπιλίπη
486 2237 599 2324 χένος,
623 2231 707 2304 ιιατά
731 2231 835 2322 μόνας
864 2230 882 2301 ὁ
906 2241 1038 2322 Καίσαρ
1066 2231 1126 2304 τὸν
1140 2262 1167 2303 το

158 2337 453 2426 ψευδαλέξανδρον
465 2331 647 2424 ἀπολαβων
659 2329 787 2421 τάληθδ
788 2361 804 2416 ς
819 2328 965 2426 ἐρείν’
921 2339 1013 2426 αυτῷ
1027 2358 1126 2423 προε-

157 2435 295 2526 τρέπετο
315 2437 370 2506 ἐπὶ
385 2439 499 2531 μισθοῖ
515 2440 577 2508 τού
590 2449 706 2526 τνχελν
718 2440 893 2522 σωτηρίας.
924 2428 995 2504 ὁδε
1011 2439 1127 2524 ἐκφαί-

160 2564 212 2608 νει
229 2541 278 2630 τῷ
293 2543 440 2630 Καίσαρι
464 2535 501 2612 τὸ
525 2535 730 2626 σιιαιάρημα.
765 2533 936 2624 δΚαῑσαρ
960 2535 998 2605 δὲ
1024 2539 1125 2628 ἐρρω-

160 2640 263 2728 μένον
293 2636 396 2710 αύτδν
423 2636 506 2730 πρὸς
536 2634 741 2759 αὐτουργίαν
769 2633 876 2732 δρῶν,
906 2651 976 2719 τοῖς
999 2638 1126 2728 ἐρέταις

160 2741 336 2823 συνέταξε·
365 2739 424 2811 τὸν
456 2735 489 2809 δ’
516 2740 570 2810 ἐπὶ
604 2735 733 2819 τούτοις
764 2742 881 2831 ἐκείνω
910 2739 1125 2887 συμπνέοντα
1139 2765 1167 2808 τε

162 2846 318 2912 ἔκτεινεν.

233 2941 407 3034 Ἀρχελαος
430 2937 528 3010 δὲ
491 2967 553 3029 την
580 2943 766 3066 ἐθναρχίαν
789 2936 1040 3031 παραλαβων’
1020 2968 1125 3030 αφαι

160 3058 267 3133 ρείτιιι
284 3071 347 3131 την
370 3038 623 3133 ἀρχιερωσύνην
647 3045 680 3126 ἐξ
700 3039 876 3133 Ἰωαζάρου
898 3047 959 3113 τού
976 3046 1127 3131 Βοηθοῦ,

160 3145 216 3213 καὶ
240 3140 517 3232 άντιιιαθίστησιν
542 3141 696 3234 Ἐλεάζαρ
725 3142 785 3215 τὸν
809 3147 941 3215 ἐκείνου
963 3138 1125 3233 ἀδελφόν.

160 3245 217 3314 καὶ
246 3242 434 3336 Γλαφύραν
461 3242 577 3333 άχεται
607 3243 689 3337 πρὸς
719 3243 828 3334 γάμον
857 3244 920 3333 τὴν
947 3240 1126 3335 Ἀρχελάου
1140 3272 1169 3314 ιο

160 3349 282 3434 παῖδα,
303 3343 526 3438 Ἀλεξάνδρου
545 3347 581 3418 δὲ
599 3349 659 3418 τού
675 3344 827 3435 άδελφού
844 3342 948 3417 αύτού
965 3344 1125 3436 γαμετήν,

159 3443 220 3536 ἀφ’
246 3439 287 3520 οὗ
310 3451 367 3521 καὶ
390 3449 491 3522 τέιινα
512 3440 557 3539 ἦν
580 3447 682 3540 αὐτῇ,
713 3445 939 3540 ἀπειρημένου
961 3450 1009 3542 τῷ
1031 3445 1126 3542 νόμῳ
1222 3487 1225 3494 v
