2510 3834
460 159 739 214 fflwfflu
1066 161 1086 225 η

110 302 273 390 ἀδελφῶν
296 297 443 388 ἀγεσθαι
467 314 629 388 γυναῖκας
649 305 772 382 παῖδας
796 303 833 370 ἐκ
850 308 917 372 σῦν
933 299 1118 372 τεθνεύ-Β

111 433 182 475 των
207 399 359 492 ἐχούσας.
396 402 451 471 καὶ
470 397 529 470 τόν
549 396 700 492 Ἐλεάζαρ
726 402 764 471 δὲ
786 399 868 491 μετά
891 402 1011 493 μικρὸν
1030 407 1046 473 ἐ
1067 445 1085 457 -

112 503 229 594 βαλὼν
252 501 386 592 Ἰησοῦν
409 499 627 592 ἀντεισήγαγε
651 501 710 572 τόν
732 509 839 574 παῖδα
856 505 931 576 Σεέ.
968 501 1085 576 ἀνύων

114 606 146 677 δ’
169 614 242 688 ἔτος
260 608 299 676 ἐν
315 607 357 694 τῇ
382 598 468 694 ἀρχῇ
486 605 627 674 δέκατον
650 603 866 696 κατηγορήθη
889 602 980 694 παρά
998 615 1085 677 Καί-

88 733 199 797 εσαρι
223 706 302 796 πρός
322 711 394 776 ,τῶν
411 702 572 793 ὑπηκόων
595 703 640 785 ῦς
658 701 754 795 οόμάς
778 709 835 776 καὶ
857 703 894 778 τό
917 703 997 777 ὅλον
1021 737 1083 778 τυ·
1163 785 1166 794 ,

119 810 281 900 ραννικῦς
298 808 500 896 κεχρημένος
516 821 585 887 τοῖς
599 805 802 896 πράγμασιν.
834 801 851 877 ό
865 814 983 878 τοίνυν
996 818 1084 880 Καί-

116 930 180 998 σαρ
201 917 433 999 μετακαλεῖται
455 909 578 996 ταχέως
602 903 723 996 αῦτόν,
755 911 811 980 καὶ
834 905 1084 1000 ἀκροασάμενος

114 1018 183 1082 τῶν
211 1009 408 1098 κατηγόρων
437 1003 597 1080 κάκείνου
604 1061 615 1106 ,
646 1012 777 1080 ἐκείνου
806 1009 870 1100 μέν
893 1017 1084 1100 φυγαδείαυ

114 1117 386 1200 καταψηφίζεται,
405 1109 446 1182 τά
464 1109 502 1179 δὲ
519 1107 668 1199 χρήματα
686 1109 906 1200 ἀπηνέγκατο.

74 1241 119 1305 ιο,
189 1208 327 1305 Ὀνείρςο
358 1211 397 1282 δὲ
425 1209 462 1282 τὸ
492 1215 616 1304 μέλλον
646 1210 801 1302 έδηλάθη
831 1216 878 1308 τῷ
905 1209 1082 1308 Ἀρχελάῳ.

115 1311 225 1385 ἐδόκει
249 1311 312 1404 γάρ
336 1309 504 1402 ἀστάχυας
528 1309 613 1401 όράν
637 1315 717 1384 δέκα
741 1309 903 1402 ἀκμαίους
927 1317 983 1384 καὶ
1001 1314 1083 1403 πλη-

113 1443 184 1506 ρεις
211 1421 307 1485 σίτου
338 1415 633 1504 βιβρωσκομένους
662 1411 730 1484 ἀπὸ
756 1420 857 1502 βοῦν.
898 1413 993 1484 ἀλλοι
1022 1417 1084 1504 μὲν

113 1506 178 1590 οῦν
195 1513 304 1596 ἄλλως
328 1518 506 1604 ἐξηγοῦντο
524 1511 583 1586 τόν
600 1511 753 1604 όνειρον,
777 1522 897 1606 Σίμων
921 1515 960 1585 δὲ
976 1515 1013 1586 τό
1029 1519 1083 1604 γε’-

114 1645 177 1698 νος
190 1613 338 1698 Ἐσσαῖος
350 1615 541 1707 μεταβολὴν
554 1615 759 1706 πραγμάτων
773 1623 866 1706 ἔλεγε
878 1619 996 1708 φέρειν
1009 1615 1081 1708 Ἀρ-

73 1746 101 1786 ιε
113 1715 224 1811 χελάηι
241 1717 304 1805 τὴν
321 1714 413 1806 ὄψιν,
431 1712 473 1787 οῦ
490 1720 603 1807 μέντοι
617 1716 670 1788 ἐπ’
686 1715 814 1812 ἀγαθῷ.
846 1715 925 1801 τοῦς
942 1719 1004 1808 μέν
1016 1717 1115 1809 γάρ·0

112 1817 194 1909 βόας
217 1825 446 1901 κακοπαθείας
472 1816 642 1908 σύμβολον
666 1818 770 1910 εἶναι,
802 1826 868 1914 ζςῦα
892 1818 945 1890 ἐπ’
975 1827 1083 1910 ἔργοις

112 1917 416 2010 ταλαιπωρούμενα
444 1921 500 1990 καὶ
524 1918 689 2008 δηλωτικά
714 1919 918 2013 πραγμάτων
943 1929 1083 2011 μεταβο-

113 2026 174 2110 λῆς
191 2019 244 2092 ότι
269 2017 315 2090 δι’
335 2016 447 2091 αῦτιόν
464 2017 677 2111 ἀρουμέυηὴ
701 2029 743 2112 γῆ
767 2018 830 2092 οῦκ
855 2025 946 2091 έάται
969 2023 1086 2110 μένειν

113 2117 290 2211 ἀκίνητος,
325 2119 403 2204 τοῦς
434 2122 473 2192 δέ
507 2123 589 2192 δέκα
618 2119 764 2210 στάχυας
794 2127 970 2208 σημαίνειν
1001 2125 1085 2192 έτιῦυ

72 2251 103 2290 w
116 2219 280 2313 ἀριθμόν
299 2221 446 2316 περιόδῳ
464 2219 528 2314 γάρ
547 2225 703 2292 ἐνιαυτοῦ
721 2225 935 2311 πληροῦσθαι
947 2218 1085 2303 τούτους

114 2325 174 2394 καί
191 2322 433 2414 ἀπαρτίζεσθαι
450 2327 571 2414 θέρος,
594 2325 651 2393 καί
669 2321 729 2394 τὸν
745 2329 804 2412 Ιτῆς
818 2317 997 2416 ἡγεμονίας
1009 2319 1084 2413 χρό-

114 2453 179 2497 νου
197 2417 326 2514 ἐξήκειν
342 2427 390 2517 τῷ
403 2420 578 2518 Ἀρχελάῳ.

194 2529 263 2596 Καὶ
281 2529 320 2616 τῇ
338 2528 475 2615 γυναικὶ
494 2525 531 2595 δέ
547 2528 608 2595 τοῦ
622 2522 802 2616 Ἀρχελάου
815 2521 981 2618 Γλαφύρᾳ
998 2521 1085 2595 όνει-

116 2655 178 2717 ρος
193 2629 350 2698 τεθέαται
368 2629 487 2717 ἕτερος.
524 2625 609 2718 αῦτη
627 2624 703 2718 γάρ,
722 2624 767 2708 ὡς
786 2623 972 2716 ἱστόρηται,
993 2620 1086 2718 Ἀλε-

74 2754 103 2795 ιε
116 2725 251 2822 ξάυδρρι
266 2726 428 2818 πρότερον
440 2725 586 2820 συνῴκει
601 2722 779 2818 Ἀρχελάου
791 2721 964 2817 όμαίμουι·
983 2721 1188 2796 άναι-Ψλλθθ

115 2831 277 2919 ρεθέντος
297 2827 336 2906 ,δ’
359 2831 490 2900 ἐκείνου
508 2827 596 2920 Ἰόβᾳ
612 2835 659 2921 τῷ
677 2825 816 2916 Λιβύων
839 2825 1003 2916 γεγάμητο
1025 2834 1085 2914 βα-

114 2937 221 3000 σιλεῖ·
240 2928 399 3004 κάκείνου
418 2931 455 3000 δὲ
468 2927 530 3020 την
544 2927 631 3020 ζωὴν
642 2925 904 3018 μεταλλάξαντος
919 2924 1085 3020 Ἀρχελάῳ
1094 2941 1120 2990 D

115 3038 247 3120 γίνεται
269 3030 331 3120 τὴν
352 3034 578 3104 συνοικοῦσαν
603 3027 695 3124 αύτῷ
719 3026 861 3118 Μαριάμ
883 3025 1086 3118 ἀποπεμψα-
1146 3105 1183 3123 Q,

1 3127 2 3134 ἀ
116 3133 228 3226 μένςο,
264 3135 321 3202 καὶ
349 3135 454 3202 ταῦτα
484 3137 607 3211 παῖδας
639 3135 672 3214 ἐξ
704 3127 924 3218 Ἀλεξάνδρου
955 3135 1086 3220 ἔχουσα.

77 3259 104 3300 ιο
118 3230 230 3303 ἐδόκει
247 3237 332 3322 γοῦν
349 3231 370 3321 ἡ
388 3233 475 3322 γυνη
494 3232 550 3304 τόν
565 3225 784 3322 Ἀλέξανδρον
802 3227 891 3322 αῦτη
908 3230 1088 3303 ἐπιστάντα

116 3335 319 3424 μέμφεσθαί
331 3361 369 3404 τε
387 3331 471 3426 αῦτη
489 3336 545 3404 καὶ
562 3335 673 3423 λέγειν
686 3330 887 3424 “Γλαφύρα,
905 3327 1089 3419 ἀληθεύειν

117 3431 263 3528 ἀρατὸν
279 3432 380 3526 λόγον
402 3430 576 3519 ἀπέδειξας
600 3429 636 3516 ῦς
660 3432 820 3518 ἀπίστους
841 3431 928 3504 εἶναι
952 3431 1009 3512 τάς
1026 3461 1090 3518 γυ-
