2566 3812
416 153 489 206 τιτι.
502 153 576 204 v111.
597 107 676 208 σεε.
688 155 789 207 xxw.
1026 152 1091 218 241

117 289 243 384 μαθοδν
265 289 349 384 πρὸς
372 289 431 362 τὸν
446 287 624 381 Ἠριδανὸν
645 283 749 382 ήλθε,
773 295 830 364 καὶ
851 290 934 384 μήτε
957 299 1093 386 σχεδίας

120 391 141 484 ἢ
172 403 274 464 πλοῖα
304 389 433 484 εὑρών,
466 395 690 485 έυειτέπρηστο
714 393 777 484 γάρ
802 392 892 488 παρά
921 402 981 466 τοῦ
1006 407 1093 468 Σκι-
1143 443 1151 453 -

120 501 263 585 πίωνος,
286 494 424 584 τὸνμὲν
442 489 593 585 άδελφὸυ
611 493 767 584 Μάγωνα
785 495 849 568 σὺν
866 514 934 579 τοῖς
953 495 1091 568 ίιτπεάσι

119 595 346 685 διανήξασθαι
363 597 419 666 καὶ
438 598 608 681 ἐπιδιῶξαι
621 596 697 679 τοὺς
709 596 887 688 Ῥωμαίους
902 601 1087 690 ἐκέλευσεν,
1099 631 1127 681 1)

92 731 107 772 τ
122 695 222 779 αὐτὸς
241 699 277 768 δὲ
295 694 366 768 ἄνω
384 695 469 789 πρὸς
492 697 550 780 τάς
568 696 675 788 πηγάς
692 697 845 792 χωρήσας
865 707 925 771 τοῦ
942 706 1091 791 ποταμοῦ

123 798 202 880 τούς
221 799 402 888 ἐλέφαντας
420 795 502 870 κατά
519 797 578 870 τδυ
606 805 766 892 έπίρρουν
791 807 950 892 διαβῆναι
973 805 1092 892 προσέ-

119 903 206 984 ταξε.
231 895 343 970 καὶ
301 927 391 971 ουτω
404 929 464 971 του
453 898 604 987 ὕδατος
618 905 697 992 περὶ
713 917 782 983 τοῖς
795 900 904 992 ὄγκοις
917 909 985 974 τῶν
999 901 1093 998 ζράων

117 1003 382 1092 έμποδιζομίνον
400 1030 456 1072 και
445 1004 766 1126 σκεδαννυμένου,
785 1009 869 1098 ῥᾷον
886 1001 975 1076 κάτω
994 1011 1093 1128 σφῶν

120 1101 361 1194 διεπεραιώθη.
380 1094 660 1194 καταληφθεὶς
617 1132 682 1176 ουν
694 1103 875 1176 δΣιιιιτίων
884 1105 967 1176 κατά
979 1104 1093 1230 χώραν

81 1235 106 1275 ιο
120 1213 246 1295 ἔμεινε,
264 1205 320 1276 καὶ
340 1201 556 1330 ἐμαχέσατ”’
534 1234 630 1296 αν,ε
633 1205 719 1330 emm}
718 1207 838 1289 νυκτὸς
851 1212 886 1277 oc
896 1205 1044 1278 Γαλάται
1061 1213 1097 1278 oc

117 1304 192 1396 μετ’
209 1301 315 1376 αὐτου
300 1303 569 1397 ηὐτομόλησαν.
593 1303 661 1377 ὁδ’
677 1296 906 1380 οὖνΣκιιτίων
920 1311 973 1378 έπὶ
986 1306 1093 1431 τοάτςρ

118 1409 303 1498 ταραχθεὶς
316 1405 411 1478 καὶ
389 1403 457 1479 υπδ
478 1413 538 1479 τοῦ
556 1406 741 1499 τραύματος
754 1407 1047 1501 ταλαιπωρήσας
1027 1407 1094 1480 υπδ

118 1507 231 1580 νάκτα
248 1500 350 1591 αὖθις
364 1511 522 1600 ἐξανέστη
540 1511 596 1581 καὶ
611 1512 666 1581 ἐπὶ
682 1509 851 1604 μετεώρου
869 1508 905 1582 τὸ
918 1509 1095 1635 τάφρεμμα

71 1679 74 1686 Α
120 1608 315 1701 ἐποιήσατο
350 1614 460 1695 δίωξις
487 1612 524 1682 δὲ
549 1607 653 1698 αὐτοῦ
677 1609 740 1686 οὐκ
765 1614 904 1703 ἐγένετο.
950 1641 1032 1704 μετα
1021 1609 1094 1686 66

79 1741 105 1782 τε
118 1719 221 1783 τοῦτο
238 1710 399 1802 άφίκοντο
417 1713 526 1782 καὶί
491 1741 508 1783 ο
511 1713 776 1807 ίΚαρχηδόνιοι,
795 1712 901 1786 καλ
868 1744 926 1788 τον
944 1714 1199 1805 ποταμὸνΡΙειε

122 1812 180 1884 διά
196 1814 302 1903 μέσου
319 1811 538 1904 ποιησάμενοι
556 1815 912 1904 ἐστρατοπεδεύσαντο.

194 1914 230 1987 ‘O
246 1917 309 2004 μέν
326 1905 392 1986 οὖν
410 1923 564 1986 Σκιπίων
582 1915 636 1986 διά
652 1945 689 1989 τε
705 1916 741 1989 τὸ
759 1922 890 2010 τραῦμα
908 1922 964 1993 καὶ
983 1916 1038 1991 διά
1054 1918 1096 1989 τά

125 2014 358 2107 συμβεβηκότα
375 2014 488 2107 άνεῖχε
505 2019 562 2088 καὶ
576 2015 721 2108 δύναμιν
733 2023 973 2110 μετεπέμπετο,
989 2017 1097 2142 Ἁγνί·

127 2125 192 2206 βας
224 2119 262 2189 δὲ
291 2116 399 2190 πολλά
429 2116 588 2210 πειράσας
618 2125 845 2210 παρακινῆσαι
875 2118 958 2210 πρὸς
987 2118 1097 2210 μάχην

13 2263 20 2276 ·
81 2247 109 2287 ιο
124 2217 248 2309 αὐτόν,
275 2216 410 2290 έπεὶ”
367 2247 448 2290 ουτε
470 2226 550 2291 τοῦτ
553 2219 752 2343 ’ἠδυνήθη
767 2222 824 2291 καὶ
848 2227 973 2312 τροφῆς
997 2219 1097 2291 έσπά·

121 2341 215 2409 νισε,
246 2327 400 2416 φρουρίω
425 2323 633 2412 προσέβαλεν
664 2311 752 2393 έν
725 2351 751 2416 φ
775 2337 865 2406 σῖτος
886 2321 995 2407 ’πολδς
1022 2327 1220 2398 τιλυικιῐιε

117 2421 291 2513 Ῥωμαίων
314 2430 429 2494 ἔκειτο
479 2425 535 2493 καὶ
558 2423 666 2514 μηδὲν
689 2431 879 2514 περαίνων,
910 2421 969 2495 τδν
990 2422 1096 2516 φροά·
1181 2497 1187 2508 ,

1 2607 7 2612 ,
122 2553 252 2615 ραρχου
283 2525 454 2648 διέφθειρε
488 2523 649 2615 χρήμασι,
689 2523 826 2598 κάκεῑνό
855 2552 893 2596 τε
926 2527 1097 2618 προδοθὲν

122 2633 225 2714 ἔλαβε
242 2623 354 2695 καὶ
319 2652 359 2694 τοι
377 2622 462 2696 ἄλλα
476 2643 551 2716 σχεῑ
550 2655 572 2697 ν
584 2655 625 2697 τα
612 2625 731 2718 μδν“
712 2636 842 2719 οπλοις,
860 2656 901 2698 τα
889 2623 952 2699 δὲ
969 2635 1098 2722 χρυσίω

83 2751 111 2793 τι
129 2723 299 2816 ἐπήλπισε.
348 2724 412 2796 κάν
441 2725 551 2820 τούτῳ
579 2726 597 2800 6
621 2727 750 2854 Λόγγος
778 2728 841 2819 τήν
865 2737 1025 2802 Σικελίαν
1052 2757 1098 2824 ιφ

127 2821 373 2922 ὑποστρατήγῳ
393 2825 573 2911 πιστεύσας
597 2829 680 2919 πρὸς
702 2829 761 2902 τὸν
778 2839 955 2902 Σκιπίωνα
978 2840 1100 2918 κεκλη-

127 2925 263 3019 μένος’
246 2957 294 3018 αφ
297 2936 394 3000 ί.κετο
431 2932 488 3054 κμλ
511 2927 552 3000 06
579 2935 693 3026 πολλφ
714 2931 856 3025 ὕστερον
879 2927 945 3003 δτιδ
969 2939 1099 3020 φιλοτι-

129 3038 228 3120 μίας,
251 3027 344 3100 καλ“
326 3059 375 3100 οτι
391 3029 483 3113 τινάς
505 3033 765 3124 κατατρέχοντας
788 3032 851 3123 τήν
869 3030 983 3124 χάραν
1002 3029 1099 3124 έκρά-
1111 3068 1135 3118 B

129 3152 251 3222 τησευ,
271 3137 318 3213 είς
336 3129 561 3225 παράταξιυ”
534 3155 695 3226 ωρμησευ.
731 3137 788 3205 καὶ
802 3133 931 3235 ἐσφάλη
949 3135 1099 3227 ένέδραις
1216 3159 1217 3163 ’

2 3262 3 3268 “
66 3257 97 3300 ιο
130 3230 339 3324 περιπεσών
367 3237 500 3306 καὶτοῦ
514 3231 591 3307 Ἀνυ
593 3243 671 3325 ίβου
685 3227 920 3320 έπεξελθόντος
933 3233 1015 3327 μετά
1032 3243 1102 3308 τῶν

125 3380 329 3401 ..A-..—

194 3469 226 3517 10
244 3461 275 3518 οί
286 3457 429 3534 Γαλάται]
450 3467 529 3522 conf.
543 3468 641 3522 Dionis
660 3471 844 3539 fragmentum
863 3473 903 3536 57,
922 3473 946 3528 6
1020 3393 1249 3810 {QX

177 3565 304 3603 tomus
318 3568 352 3608 ιι.
907 3556 946 3620 16
1211 3553 1239 3597 Α

1040 3649 1052 3675 0

1061 3710 1130 3808 06?
