2566 3800
407 184 478 233 Lm.
498 183 577 236 xm.
602 182 680 234 οΑε.
696 177 736 234 11.
998 162 1057 246 177
1100 150 1102 154 ¹
1138 181 1140 188 ’

93 325 148 394 καί
166 327 306 404 Παῦλος
330 320 585 422 όνομαζόμευοις
610 319 627 391 ὁ
654 323 692 392 δὲ
712 317 781 404 “εἶς
799 317 882 412 ήμῐν
898 323 983 406 θεὸς
1004 353 1057 411 γι-

92 417 275 496 νώσκεται”
295 419 516 514 ἀπεκρίνατο,
538 420 692 514 “Πε’τρος
710 423 749 494 δέ
765 425 822 493 καί
840 431 978 506 Παῦλος
996 435 1059 495 θε-

93 526 254 615 ράποντες
278 527 409 596 ἐκείνου
435 525 492 599 καί
514 522 678 615 ὑπηρέται
701 523 819 596 είσίν.”
857 528 931 614 έξής
958 521 1022 596 οῦν
1040 525 1093 598 ὁΟ

93 625 249 716 βασιλεῦς
275 631 436 716 διηγεῖται
461 623 555 720 αῦτηῦ
578 625 616 696 τδ
643 627 821 714 εὐῦπνιον,
847 629 904 698 καὶ
921 627 958 698 τό
976 624 1057 698 καθ’

67 729 178 819 τήμῦς
201 725 283 818 παρ’
309 727 417 798 αῦτοῦ
434 742 566 818 μυεῖται
582 724 769 818 μυστήριον
785 729 842 797 καὶ
862 736 1059 817 βαπτίζεται.

92 831 147 901 καὶ
171 827 299 900 ἄνεισιν
330 831 366 899 έκ
394 835 453 918 τής
482 835 658 918 παναγοῦς
691 830 932 921 κολυμβήθρας
961 829 1059 920 ὑγιής

1 955 2 958 ’
92 932 180 1019 ὅλος,
198 931 256 1000 καί
273 928 396 1000 αὐτίκα
415 930 534 1002 ἀδειάν
551 959 586 1001 τε
603 931 759 1019 κηρύττει
781 946 985 1022 χριστιανοίς
1003 934 1059 1005 καί

93 1033 171 1114 τοῦς
188 1030 293 1114 ναοῦς
311 1039 429 1122 σφίσιν
445 1029 696 1104 ἀναπετάννυσι
721 1033 778 1103 καί
800 1036 900 1115 νέους
926 1037 1061 1122 ἐφίησιν

93 1133 335 1226 ἀνεγείρεσθαι.
371 1141 474 1204 κλείει
497 1133 536 1204 δδ
562 1133 752 1223 τοῦμπαλιν
783 1134 823 1204 ιά
841 1135 960 1225 τεμένη
991 1143 1060 1206 τῶν

1 1263 2 1266 “
55 1261 81 1302 ιο
94 1235 330 1325 ψευδανόμων
359 1241 469 1323 θεῦν,
501 1232 609 1317 ἀδεοῦς
644 1263 680 1305 τε
709 1243 858 1321 θεσπίζει
889 1239 1061 1327 προσιέναι

93 1337 172 1419 τοῦς
189 1337 418 1426 βουλομένους
435 1343 478 1428 τῇ
494 1345 606 1430 πίστει
623 1343 685 1407 τοῦ
703 1344 862 1428 Χριστοῦ.
891 1339 1061 1426 βιάζεσθαι

92 1439 154 1528 μέν
177 1437 244 1528 γάρ
267 1437 393 1508 οῦδένα
417 1445 510 1526 ἔλεγε
535 1438 734 1528 βούλεσθαι,
758 1437 839 1521 τοῦς
863 1437 896 1509 δ’
924 1439 1061 1522 ἑκόντας

93 1540 379 1630 προστιθεμένους
396 1545 444 1633 τῷ
458 1546 594 1633 Χριστῷ
613 1537 847 1630 ἀποδέχεσθαι.
879 1539 897 1611 ὁ
915 1541 978 1631 μὲν
996 1534 1061 1612 οῦν

95 1641 183 1712 οὕτω
200 1645 243 1732 τή
261 1647 371 1712 πίστει
396 1647 457 1711 τοῦ
476 1649 624 1733 Χριστοῦ
649 1642 900 1733 προσελήλυθε·
936 1642 974 1712 τὸ
999 1643 1061 1731 κή-

54 1761 82 1803 1⁵
95 1771 208 1836 ρυγμα
238 1740 272 1812 δ’
298 1742 502 1814 ἐπλατύνετο
525 1744 582 1812 καλ
600 1751 770 1834 παρρησία
787 1759 858 1825 τοῖς
875 1744 1062 1835 χριστυνό-

94 1872 169 1936 μοις
188 1846 327 1915 έδίδοτο.
363 1851 543 1936 προσίασιν
561 1836 626 1914 οῦν
643 1851 686 1936 τή
703 1851 765 1915 τοῦ
781 1847 943 1933 βασιλέως
960 1847 1062 1935 μητρί

91 1947 260 2035 Ἰουδαῖοι,
278 1944 472 2035 ήπατήσθαι
488 1946 642 2033 λέγοντες
661 1945 722 2016 τόν
739 1949 877 2034 βασιλέα
893 1949 950 2017 καὶ
970 1955 1096 2042 έργριλ)

93 2057 250 2135 θεοφιλεῖ
265 2054 367 2136 ἔργον
384 2045 541 2136 ἀναμίξαι
557 2048 724 2136 θεομισές,
747 2048 904 2136 θεοφιλές
921 2049 984 2137 μέν
1002 2049 1064 2137 τήν

93 2155 164 2220 τοῖν
191 2149 341 2220 είδόλεον
363 2157 564 2237 καθαίρεσιν
586 2145 814 2237 ὀνομάζοντες,
838 2149 993 2237 θεομισές
1025 2151 1063 2218 δὲ

52 2278 82 2320 νο
94 2251 158 2340 τήν
182 2258 293 2321 πίστιν
316 2248 379 2339 τήν
397 2256 445 2332 είς
463 2248 625 2338 Χριστόν·
660 2247 767 2338 μόνον
791 2247 856 2339 γάρ
875 2247 963 2318 εἶναι
979 2248 1064 2318 θεὸν
1140 2325 1141 2330 1

93 2353 206 2441 ἀληθῆ
224 2352 285 2423 τόν
302 2349 385 2442 παρ’
405 2349 521 2422 αὐτῶν
537 2349 831 2442 θρησκευόμενον·
856 2349 917 2420 τόν
931 2348 1064 2440 Ἰησοῦν

94 2455 135 2526 δὲ
153 2454 340 2545 ἀνθρωπον
357 2457 394 2524 οί
408 2449 568 2544 ἀλιτήριοι
584 2458 778 2542 κακοῦργον
795 2449 990 2523 ἀπεκάλουν
1007 2453 1064 2522 καί

92 2557 209 2645 γόητα.
234 2552 395 2644 ἀναφέρει
410 2561 516 2640 ταῦτα
533 2551 554 2643 ή
572 2553 681 2644 μήτηρ
694 2556 743 2648 τῷ
758 2561 891 2644 βασιλεῖ
906 2555 963 2624 καὶ
982 2560 1063 2648 υίῷ·

93 2655 113 2728 ὁ
139 2657 178 2727 δέ
204 2662 423 2746 διαλεχθῆναι
447 2659 521 2726 δεῖν
545 2662 676 2747 ἔκρινεν
702 2653 755 2725 ἐπ’
782 2653 1064 2746 ἀκροάσειάῦτοῦ

49 2783 81 2826 25
94 2761 154 2832 καί
178 2764 248 2830 τῶν
271 2763 330 2846 τῆς
353 2764 533 2848 γερουσίας
551 2757 706 2844 λογάδαν
722 2748 803 2840 τοῦς
820 2764 927 2827 ταῦτα
945 2760 1064 2846 λέγον-

92 2889 155 2942 τας
176 2855 364 2941 Ἰουδαίους
381 2861 431 2952 τῷ
443 2856 568 2948 Ῥώμης
592 2857 762 2950 έπισκόπρ)
791 2859 985 2951 Σιλβέστρμ
1009 2859 1065 2927 καὶ

92 2962 262 3052 τοῖςπερὶ
285 2957 413 3048 αὐτόν,
440 2958 488 3030 ἵν’
512 2958 602 3029 οὕτω
619 2965 717 3046 γνοίη
734 2963 811 3028 τίνα
828 2957 868 3026 τά
887 2957 978 3048 παρὰ
996 2964 1066 3050 τῶν

89 3063 269 3134 Ἰουδαίων
304 3061 392 3134 εἰσίν
423 3059 634 3150 είσαγόμενα.
687 3059 828 3146 γέγονεν
857 3055 879 3148 ή
912 3058 1063 3142 διάλεξις.
1077 3062 1168 3116 P115

93 3165 218 3248 ἔδοξαν
241 3168 277 3234 οί
297 3163 391 3250 λόγοι
407 3168 469 3234 τοῦ
496 3167 590 3253 ίεροῦ
608 3159 817 3251 Σιλβέστρου
837 3132 1100 3252 ἐπικρατέστε-Α

46 3289 79 3332 εο
93 3293 160 3356 ροι.
196 3269 233 3336 έκ
262 3269 470 3353 διαλεκτικῆς
495 3263 670 3353 δυνάμεως
694 3259 893 3353 ῦπερτερεϊν
917 3267 952 3332 οί
977 3261 1065 3332 Ἰου-

93 3372 188 3438 δαίοι
211 3365 272 3438 τόν
290 3372 499 3457 Σίλβεστρον
517 3371 645 3454 ἔλεγον,
670 3370 818 3454 σημείων
836 3364 972 3453 ἐζήτουν
991 3365 1065 3434 έπί-

93 3471 210 3553 δειξιν.
245 3474 376 3558 μᾶλλον
401 3467 444 3537 δέ
461 3494 510 3550 τις
533 3464 615 3558 παρ’
636 3464 750 3548 αῦτολς
767 3464 849 3554 γόης
866 3463 952 3559 ἀνήρ
971 3477 1065 3557 Ζαμ-

151 3613 275 3650 zemma
293 3613 338 3652 ττι.
824 3577 864 3642 12
1038 3589 1040 3592 ’
