2562 3814
169 162 231 228 120
489 163 561 216 121ss,
575 163 637 216 vn.
657 162 736 214 cAP.
748 162 812 214 ΧΠ.

168 306 223 388 καὶ
245 305 314 374 ταῖν
337 304 614 392 βεβουλευμένων
639 299 793 390 ἐπήκοος·
824 299 909 390 ἅπερ
940 291 1027 391 ἦσαν
1055 299 1133 386 τοάς

167 399 316 487 ὑπάτους
336 402 470 476 ἀνελεῖν
487 405 542 474 καί
561 401 623 492 τήν
643 401 741 474 πόλιν
755 407 957 492 προδοῦναι·
974 405 1032 474 καί
1048 408 1134 474 vafi-

167 535 208 577 τα
232 511 279 601 τῷ
310 513 487 601 Ταρκυνίῳ
511 503 568 576 διά
591 508 659 576 τοῖν
681 507 856 596 πρέσβεων
881 503 1130 576 ἐπεστάλκασιν,

168 605 387 680 ἀπελθόντων
405 607 443 678 δέ
460 613 520 678 τοῦ
536 605 713 696 οἰκήματος
730 610 797 676 των
811 612 1027 696 συνωμοτῶν,
1046 610 1132 690 ἐξελ·
1277 696 1278 702 ¹

167 709 243 781 θοόν
268 707 286 780 ὁ
311 712 440 799 οίκέτης
463 705 593 780 ἅπαντα
618 705 836 797 κατεμήνυσε.
873 710 928 778 καὶ
952 713 987 779 οἵ
1013 735 1049 778 τε
1070 705 1159 797 τήντ
1277 773 1278 776 ,

168 817 354 902 προδοσίαν
366 808 606 900 μελετήσαντες
619 810 896 899 συνελήφθησαν,
909 811 965 880 καὶ
978 807 1018 879 τὰ
1030 808 1134 900 γράμ-

168 943 255 1004 ματα
273 916 517 1002 ἐκομίσθησαν·
537 913 593 982 καὶ
607 919 654 994 είς
670 910 733 1000 τήν
749 907 876 1000 ἀγοράν
893 913 1135 1002 προαχθέντων

169 1013 282 1085 αὐτῶν
300 1017 357 1084 καὶ
373 1010 432 1084 τόν
447 1011 611 1085 Οὐίνδικα
629 1010 888 1103 παρεστήσαντο.
924 1011 965 1082 τά
982 1041 1018 1084 τε
1029 1009 1134 1103 γράμ-

168 1145 256 1206 ματα
273 1111 556 1205 ἀνεγνώσθησαν·
581 1117 637 1184 καὶ
654 1120 690 1184 οί
709 1114 771 1204 μέν
793 1111 886 1184 ἀλλοι
909 1117 947 1185 ἐν
969 1121 1134 1207 κατηφείᾳ

167 1209 255 1306 ἦσαν
272 1219 329 1287 καί
346 1221 473 1308 σιωπή,
497 1211 515 1287 ό
535 1217 572 1286 δέ
589 1219 736 1304 Βροῦτος
759 1211 917 1305 όνομαστλ
941 1222 1010 1286 τῶν
1030 1217 1134 1286 υἱέων
1147 1251 1173 1290 ιο

169 1317 327 1414 ἑκάτερον
349 1316 542 1410 προσειπιόν
560 1313 646 1388 “οόκ
669 1313 913 1406 ἀπολογείσθε”
944 1324 1009 1406 ἔφη
1028 1315 1135 1409 “πρδς

135 1419 231 1511 (ἔτην
248 1416 488 1510 κατηγορίαν;”
513 1425 581 1490 των
599 1419 637 1489 δέ
654 1416 859 1490 σιωπώντων
877 1421 1036 1509 στραφεὶς
1053 1415 1135 1508 πρός
1195 1470 1197 1473 ψ

168 1519 246 1604 τούς
263 1521 429 1611 ὑπηρέτας
448 1516 653 1610 “ι5μέτερον”
673 1520 768 1592 εἶπεν
784 1518 871 1610 “ήδη
889 1519 1008 1591 λοιπὸν
1023 1517 1061 1590 τό
1079 1526 1136 1611 έρ-

138 1650 141 1656 ’
167 1619 259 1711 γου.”
300 1629 335 1692 οί
356 1623 394 1692 δέ
417 1619 642 1707 συλλαβόντες
670 1620 748 1703 τούς
772 1629 971 1703 νεανίσκους
997 1620 1135 1712 ῥάβδοις

169 1725 370 1806 κατέξαινον.
412 1725 468 1792 καὶ
486 1727 555 1793 των
572 1720 684 1794 ἄλλων
704 1726 938 1812 ἐπικλωμένων
955 1739 1024 1805 τοῖς
1045 1720 1132 1793 πόσ-
1146 1755 1173 1796 ιε

169 1847 288 1916 χουσιν
310 1822 328 1894 ὁ
354 1823 464 1916 πατήρ
487 1819 560 1894 οὔτ’
579 1821 742 1915 ἀλλαχόσε
764 1822 822 1906 τάς
845 1825 939 1909 όψεις
962 1821 1135 1914 ἀπήγαγεν

169 1923 247 1998 οὔτε
264 1926 331 2014 μὴν
348 1937 462 1996 οίκτου
478 1955 511 1997 τι
529 1930 716 2010 ἐνεδείξατο
739 1928 835 2016 μέχρι
853 1927 985 1996 πελέκει
1002 1925 1061 2008 τάς
1079 1953 1134 1996 κε-

169 2027 277 2119 φαλάς
299 2031 368 2098 τῶν
391 2022 525 2098 παίδων
547 2023 729 2112 ἀπέκοψαν.
768 2031 866 2098 τοῦτο
889 2028 926 2097 δέ·
949 2023 1020 2098 οὔτ’
1044 2030 1134 2098 έπαι-

168 2147 243 2200 νεῖν
260 2125 339 2200 οὔτε
357 2131 473 2218 ψέγειν
492 2131 561 2200 ἐστὶ
578 2128 712 2222 ῥηίδιον
731 2125 752 2219 ή
769 2127 833 2219 γάρ
851 2125 971 2219 ἀρετής
987 2125 1073 2212 ὕψος
1088 2135 1135 2210 είς

169 2229 338 2302 ἀπάθειαν
368 2233 541 2319 ἐξέστησεν
571 2229 676 2301 αὐτοῦ
709 2229 773 2321 τήν
805 2229 917 2320 ψυχήν
952 2224 973 2318 ἢ
1002 2229 1134 2311 πόθους
1147 2263 1175 2306 το

168 2335 311 2422 μέγεθος
335 2338 382 2412 είς
405 2329 628 2422 ἀναλγησίαν·
653 2332 833 2424 οὐδέτερον
857 2333 894 2402 δὲ
919 2331 1038 2424 μικρὸν
1055 2328 1130 2403 οὐδ’

168 2430 400 2523 ἀνθρώπινον,
418 2429 492 2502 ἀλλ’
513 2428 537 2522 ή
554 2445 653 2512 θεῖον
670 2427 691 2522 ἢ
708 2436 886 2522 θηριῶδες.

247 2531 346 2603 Οὕτω
365 2534 402 2604 δὲ
418 2531 548 2604 τοότων
565 2533 745 2606 θανόντων
769 2537 825 2606 καὶ
842 2537 1005 2624 περὶτῶν
1022 2531 1136 2604 ἄλλων

168 2637 373 2723 συνωμοτῶν
396 2639 511 2724 ψήφου
536 2638 686 2724 ἐνεγκεῖν
709 2635 727 2706 ὅ
749 2639 891 2726 Βροῦτος
914 2631 1071 2726 ἀπήτητο.
1116 2634 1135 2705 ὁ

134 2754 160 2804 D
171 2737 210 2804 δέ
228 2729 317 2817 “vote
334 2736 397 2826 μέν
413 2735 547 2808 υίέσιν”
573 2737 667 2811 εἶπεν
680 2732 801 2820 ἀὐτὸς
825 2733 981 2828 ἀποχρῶν
1000 2744 1067 2826 είμι
1085 2743 1134 2807 δι·
1148 2770 1176 2811 ει

169 2834 304 2928 καστής,
323 2840 399 2928 περὶ
419 2839 458 2908 δὲ
473 2841 542 2910 τῶν
559 2836 672 2910 ἀλλων
688 2855 757 2922 τοίς
774 2846 924 2920 πολίταις
943 2841 1135 2928 ἐλευθέροις

167 2929 243 3010 οὖσι
265 2944 323 3028 τής
348 2937 465 3030 ψήφου
489 2936 708 3032 παραχωρω.”
744 2939 861 3032 ψήφου
884 2946 1001 3011 τοίνυν
1019 2946 1138 3010 δοθεί-

168 3063 229 3132 σης
253 3039 375 3123 πάντες
405 3045 680 3130 ἐπελεκίσθησαν.
722 3032 810 3131 ἦσαν
835 3043 873 3112 δέ
896 3039 1024 3112 τούτων
1046 3041 1136 3124 τινές

167 3145 215 3234 τῷ
237 3149 433 3235 Κολλατίνῳ
463 3142 702 3233 προσήκοντες·
735 3142 779 3213 δι’
805 3139 864 3225 οὓς
887 3145 943 3214 καλ
968 3137 1134 3232 ω’ργίζετο.

167 3241 251 3313 ὅθεν
273 3241 454 3332 ὁΒροῠτος
478 3242 566 3316 οὕτω
590 3242 665 3316 κατ’
685 3242 792 3315 αὐτοῦ
812 3244 873 3316 τόν
898 3251 1006 3334 δῆμον
1023 3242 1135 3335 παρό-
1149 3275 1176 3316 ω

167 3347 268 3426 ξυνεν
286 3337 330 3426 ὥς
347 3349 469 3434 μικροό
487 3347 543 3415 καὶ
555 3344 747 3440 αὐτοχειρίᾳ
760 3343 864 3418 αὐτόν
876 3343 1022 3418 ἀνελεῖν.
1049 3343 1136 3416 ἀλλά

167 3446 264 3514 τοῦτο
288 3445 351 3535 μέν
372 3444 436 3516 οόκ
460 3449 638 3537 ἐποίησαν,
667 3447 729 3538 τήν
756 3445 789 3518 δ’
809 3445 916 3540 ἀρχήν
940 3443 1137 3537 ήνάγκασαν
