2510 3834
215 179 257 244 66
523 179 595 232 LIB.
607 177 656 230 VI.
676 175 755 228 OAP.
768 175 871 227 XXIII.

216 325 320 390 ταῦτα
337 323 432 400 Τίτος
449 313 586 387 ἄνωθεν
601 318 636 385 έκ
648 317 706 404 τῆς
715 313 907 402 Ἀντωνίας,
926 311 1086 403 ἑπαμύνει
1099 311 1175 404 μετὰ
1248 403 1250 408 ,

216 425 284 492 τοῖν
302 423 483 492 ἐπιλέκτων
502 420 640 488 ίππέων.
666 418 722 486 καλ
732 411 888 487 Ἰουδαῖοι
901 414 962 504 τὴν
980 421 1103 505 ἔφοδον
1119 412 1175 505 οῦχ

181 521 419 612 Βῦπέμειναν,
437 518 514 590 ἀλλ’
534 525 581 601 είς
598 517 634 589 τὸ
652 525 752 590 ένδον
769 523 1060 610 συνεκλείσθησαν
1079 514 1173 606 ίερόν.

216 621 501 713 ὑποχωρήσαντος·
520 621 558 691 δὲ
577 626 687 692 Τίτου
712 618 795 710 πρός
825 614 942 706 ὀλίγον
965 615 1175 708 λωφήσαντες

217 730 251 795 ολ
267 725 462 795 στασιασταὶ
479 721 581 792 πόλιν
594 717 764 809 Ῥωμαίοις
782 723 1013 792 έπιτίθενται.«
1032 721 1089 789 καὶ
1104 746 1200 810 τρε-ε

217 825 361 916 φάμενοι
373 820 497 908 αῦτοῦς
511 827 546 894 οί
551 821 702 920 Ῥωμαῖοι
714 824 811 914 μέχρι
823 825 883 891 τοῦ
896 825 981 900 ναοῦ
993 824 1175 910 παρῆλθον.

218 935 277 998 καί
291 956 340 1009 τις
357 931 425 998 τῦν
443 929 655 1016 στρατιωτῶν
673 925 710 994 έκ
724 927 784 1012 τῆς
801 920 1009 1014 φλεγομένης
1026 919 1108 1012 ῦλης
1124 923 1177 1012 μέ-

218 1059 275 1118 ρος
297 1026 465 1120 ἁρπάσας,
490 1029 547 1098 καλ
570 1021 633 1116 ὑφ’
658 1026 772 1116 ἑτέρου
796 1021 1060 1114 ἀνακουφισθεὶς
1084 1047 1177 1114 στρα-

217 1128 354 1218 τιοότον,
383 1133 491 1218 ἐνίησι
512 1127 550 1198 τό
567 1131 635 1216 πῦρ
651 1133 769 1218 θυρίδι
792 1133 909 1217 χρυσῇ.
946 1128 1124 1216 αἰρομένης
1142 1125 1178 1195 δέ

216 1235 274 1320 τῆς
304 1229 427 1320 φλοχὸς
455 1226 627 1301 Ἰουδαίων
657 1230 719 1318 μὲν
749 1231 911 1318 ἐγείρεται
941 1224 1089 1316 κραυγή,
1124 1229 1216 1300 καλιο

218 1334 384 1404 συνέθεον
410 1331 494 1421 πρὸς
517 1331 580 1419 τὴν
609 1327 760 1419 ἄμυναν,
798 1335 893 1410 Τίτος
918 1329 955 1398 δέ
978 1326 1080 1416 χνοῦς
1108 1335 1191 1418 ἔθει

217 1431 300 1524 πρός
323 1431 382 1504 τόν
404 1431 489 1504 ναῦν
507 1429 670 1502 κωλύσων
692 1428 729 1502 τό
747 1434 835 1520 πῦρ,
860 1431 916 1520 καί
938 1433 979 1520 τῇ
1003 1435 1101 1521 φωνῇ
1124 1431 1179 1499 καὶ

216 1539 258 1626 τῇ
283 1538 374 1628 δεξιᾷ
399 1531 591 1624 διεσήμαινε
613 1547 683 1614 τοῖς
705 1534 902 1622 μαχομένοις
924 1529 961 1601 τὸ
984 1535 1053 1618 πῦρ
1077 1537 1177 1619 σβεν-

217 1635 329 1707 νύειν..
371 1631 452 1705 οῦτε
483 1635 521 1704 δέ
551 1637 696 1721 βοῶντος
726 1631 851 1722 η’κονον
881 1631 959 1704 οῦτε
988 1636 1046 1721 τῆς
1075 1631 1180 1724 χειρός

200 1753 397 1825 προσεῖχον
413 1751 483 1816 τοῖς
500 1733 654 1825 νεύμασι,
681 1733 721 1806 τὰ
740 1735 778 1805 δέ
795 1733 944 1824 τόχματα
963 1731 1107 1805 εἰσιόντα
1124 1737 1181 1804 καὶ
1193 1766 1220 1807 ιε

4 1805 11 1888 δ
115 1853 214 1904 P1301
222 1841 270 1932 τῷ
287 1842 358 1930 ναῷ
377 1834 599 1926 πλησιάζοντα
620 1839 689 1906 νῦν
711 1837 774 1925 μέν
790 1842 850 1906 τοῦ
873 1842 973 1908 Τίτον
996 1845 1182 1926 παραγγελ-

4 1939 5 1970 ³
217 1940 330 2029 μάτων
348 1941 610 2030 προσεποιοῦντο
627 1937 712 2028 μηδὲ
729 1933 883 2028 ἀκούειν,
901 1953 970 2019 τοϊς
988 1935 1053 2028 πρό
1071 1935 1183 2008 αὐτῶν

218 2041 256 2112 δέ
273 2043 342 2132 πῦρ
366 2043 489 2112 ἐνιέναι
506 2037 777 2138 παρεκελεύοντο.
814 2035 981 2128 ἀμηχανία
999 2037 1031 2108 δ’
1051 2027 1096 2128 ἦν
1111 2053 1182 2120 τοῖς

217 2159 446 2230 στασιασταῖς,
479 2137 675 2233 ἀπειρηκόσι
706 2139 788 2230 πρός
810 2138 962 2230 ἄμυναν,
994 2142 1050 2210 καὶ
1078 2137 1183 2228 φόνος

216 2250 387 2334 πανταχοῦ
404 2246 461 2314 καὶ
478 2241 593 2334 τροπή.
635 2250 786 2330 Τίτοςχε
802 2239 870 2330 μὴν
887 2240 933 2322 ῦς
950 2237 1029 2312 οῦτε
1046 2239 1104 2322 τοὶς
1123 2238 1223 2330 όρ-το

216 2343 279 2436 μῦς
296 2349 364 2416 τοῖν
382 2347 594 2435 στρατιωτῶν
612 2343 870 2414 ἐνθουσιώντων
888 2337 957 2424 οἷός
971 2371 1006 2414 τε
1023 2333 1066 2431 ἦν
1082 2369 1184 2414 κατα·

216 2461 310 2535 σχεῖν
340 2441 457 2516 καὶτὸ
482 2451 551 2535 πῦρ
575 2445 772 2533 ἐπεκρότει,
797 2441 979 2534 παρελθόν
1007 2443 1185 2534 μετὰτῶν

215 2540 390 2636 ἡγεμόνων
421 2543 583 2618 έθεόσατο
612 2552 672 2618 τοῦ
702 2549 790 2617 θεοῦ
817 2544 853 2617 τὸ
878 2543 974 2634 ἅγιον
1000 2544 1121 2616 καὶτὰ
1147 2547 1186 2615 ἐν

216 2645 318 2741 αύτῷ.
358 2653 417 2736 της
446 2649 482 2718 δὲ
512 2644 635 2738 φλογὸς
665 2643 799 2719 οῦδέπω
832 2648 1066 2737 διικνουμένης
1090 2656 1186 2734 εἴσω,

215 2744 294 2830 τοῦς
320 2747 358 2818 δέ
375 2751 452 2838 περὶ
469 2746 528 2820 τόν
545 2750 629 2820 ναὸν
652 2751 835 2840 νεμομένης
852 2760 982 2839 οίιιους,
1009 2756 1057 2819 έτι
1076 2746 1187 2818 δύνα-
1201 2777 1230 2818 25

214 2861 298 2924 σθαι
323 2854 478 2940 σωθῆναι
493 2848 531 2922 τό
555 2859 654 2942 έρχον
671 2849 838 2941 οίόμενος,
862 2849 963 2934 αὐτός
979 2879 1016 2922 τε
1033 2875 1189 2940 παρακα-

215 2961 289 3024 λελν
307 2954 458 3044 ἐπειρᾶτο
471 2954 551 3034 τούς
564 2950 766 3044 στρατιιότας
786 2951 822 3023 τὸ
840 2957 910 3042 πῦρ
927 2949 1107 3040 σβεννύειν
1127 2957 1192 3022 καί

216 3081 291 3123 τινα
308 3058 376 3124 τῦν
393 3055 471 3145 περὶ
496 3051 600 3125 αὐτόν
617 3052 725 3138 ξύλοις
743 3060 886 3124 παίοντα
902 3053 981 3136 τοῦς
998 3050 1191 3124 ἀπειθοῦν·

183 3167 274 3236 Βτας
293 3157 468 3226 ἐκέλευσεν
487 3165 618 3247 εἴργειν.
646 3161 681 3226 οί
697 3157 734 3226 δέ
747 3153 926 3246 νικιόμενοι
942 3159 990 3248 τῷ
1003 3157 1107 3248 θυμῷ
1128 3155 1192 3224 καὶ

215 3259 262 3348 τῷ
280 3252 362 3344 πρὸς
375 3253 559 3339 Ἰουδαίους
575 3262 695 3346 μίσει,
709 3254 846 3348 οῦτετῇ
863 3257 949 3349 πρός
971 3263 1072 3328 Τίτον
1088 3261 1195 3326 αἰδοῖ
1207 3283 1237 3325 ιο

216 3353 439 3428 ἀνεκόπτοντο
456 3355 534 3429 οῦτε
550 3356 649 3454 φόβῳ
672 3361 718 3452 τηῦ
737 3362 797 3430 τοῦ
813 3356 1010 3441 κωλύοντος.
1046 3353 1128 3439 τοῦς
1149 3357 1194 3428 δέ

215 3455 359 3540 πολλοῦς
381 3461 439 3529 καὶ
463 3461 556 3541 ἐλπὶς
574 3461 767 3550 παρέθηγεν
790 3458 958 3552 ἁρπαγης,
982 3460 1085 3550 μεστὰ
1104 3487 1194 3551 χρη-
