2558 3820
474 195 545 246 Lm.
558 195 592 245 x.
613 194 690 246 CAP.
702 193 725 248 1.
1022 195 1083 260 341

121 335 156 405 τό
175 337 312 424 σῶφρον
328 333 365 404 τὸ
384 336 461 424 περὶ
481 339 613 404 δίαιταν
631 332 767 422 κοίτην
791 331 958 417 ἐνόπλοις
982 333 1086 425 ἀσκη-

122 458 183 507 σιν.
227 437 284 506 καὶ
306 442 470 506 τοσοῦτον
493 425 537 524 ἦν
561 433 598 505 τό
628 435 711 525 πρός
742 433 845 506 αὐτόν
874 445 1015 526 φίλτρον
1042 431 1087 520 69

122 545 293 618 δείσαντος
318 532 423 608 αύτοῦ
452 534 512 608 τόν
536 543 585 608 Κί
583 539 717 608 ννανέ
716 542 916 626 κδιαβολῆς
947 540 1087 609 καὶτοῦ

120 639 346 730 στρατοπέδου
377 635 489 732 λάθρα
520 635 770 727 διεκπεσόντος,
804 641 878 710 ἐπεί
905 665 943 709 τε
973 638 1018 729 μὴ
1046 629 1088 727 ἦν

93 771 106 808 ε
121 741 271 830 ἐμφανὴς
284 739 386 828 λόγον
400 735 647 822 διαδοθέντος”
628 769 677 810 οτι
690 735 853 830 ἀνῄρηται
866 765 956 830 παρα
945 738 1087 829 Κίννα,

121 839 278 931 ὥρμησαν
302 839 374 912 κατ’
397 837 502 913 αύτού
523 845 558 912 οί
578 845 752 930 μισοῦντες
770 843 826 910 καί
844 837 952 924 άλλως
970 839 1088 929 αάτόν,

118 945 175 1012 καί
198 940 351 1034 ἀνῃρέθη
369 950 498 1024 Κίννας
523 941 662 1032 φεύγων
686 945 914 1032 καταληφθεὶς
937 941 1004 1014 ύπό
1028 971 1088 1014 του

116 1047 186 1115 τεόν
203 1048 365 1134 λοχαγῶν.

198 1141 297 1216 Ούτω
311 1146 348 1216 δὲ
362 1151 474 1216 Κίννα
491 1147 682 1236 φθαρέντος
695 1145 843 1236 Κάρβων
855 1142 896 1216 τά
913 1143 1090 1236 πράγματα

80 1279 103 1320 10
117 1249 307 1335 διεδέξατο,
344 1247 603 1336 ἐμπληκτότερος
638 1249 769 1318 ἐκείνου
803 1243 976 1337 τύραννος.
1029 1250 1090 1317 τού

114 1347 239 1424 Σύλλα
270 1343 302 1416 δ’
335 1343 660 1438 ἀντικαθισταμένοα
690 1351 739 1443 τῷ
764 1345 945 1471 Κάρβωνι,
981 1345 1122 1442 τούτφο

114 1451 307 1542 προσετέθη
337 1447 438 1520 xaz‘
423 1478 442 1520 ο
472 1447 662 1539 Πομπήιος·
704 1447 745 1520 ού
780 1447 945 1540 πρότερον
975 1419 1088 1538 μέντόι

114 1553 294 1674 προσηλθε
311 1546 431 1641 πρίν”
410 1577 452 1620 αν
469 1579 559 1632 τινος
575 1548 706 1640 χάριτος
720 1549 803 1641 πρός
822 1554 952 1622 ἐκεῖνον
966 1549 1089 1640 κατηρ-

9 1699 10 1704 1
115 1658 206 1737 ξατο.
242 1642 287 1741 ἦν
304 1642 425 1744 μέν
383 1680 449 1722 ουν
466 1649 539 1722 τότε
563 1661 668 1723 είκοσι
685 1656 740 1723 καί
763 1659 839 1744 τρία
855 1650 1001 1777 γεγονός
1020 1659 1088 1742 έτη,

79 1785 100 1824 ιτ
116 1761 175 1825 καί
194 1752 431 1843 στρατιωτικόν
449 1757 627 1837 καταλέξας
639 1751 770 1845 περιῄει
787 1751 847 1836 τάς
860 1751 990 1843 πόλεις,
1009 1752 1088 1836 τούς

115 1859 156 1927 τά
189 1853 377 1945 Κάρβωνος
407 1860 618 1944 φρονοῦντας
649 1854 837 1940 ἐξελαύνων
867 1853 998 1944 αὐτῶν,
1033 1858 1089 1925 καὶ

116 1954 201 2044 πρός
221 1955 360 2028 Σύλλαν
378 1953 498 2028 ἀπιόν.
536 1958 572 2026 ἐν
592 1957 629 2025 δέ
648 1960 695 2050 τῷ
718 1955 852 2028 ἀπιέναι
876 1973 965 2046 τρεῖς
984 1953 1089 2027 αύτόν

115 2060 295 2147 στρατηγοί
319 2061 388 2128 τῶν
413 2059 664 2146 προσκειμένων
687 2061 734 2150 τῷ
759 2055 918 2147 Κάρβωνι
943 2055 1090 2127 ἐκνκλύ-

115 2179 230 2230 σαντο.
272 2155 291 2228 6
316 2159 353 2230 δὲ
376 2155 516 2240 τούτους
539 2128 745 2246 τρεψάμενός
770 2155 828 2238 τάς
855 2155 966 2237 πόλεις
997 2155 1090 2250 αύτῷ

79 2256 380 2350 τοπροσχωρούσας
411 2262 549 2348 ἐδέχετο.
600 2256 660 2329 εἶτ’
687 2247 786 2340 αὖθις
809 2266 1000 2338 Σκιπίωνος
1031 2261 1090 2328 τού

66 2385 67 2388 ’
114 2360 252 2432 ὑπάτου
275 2359 425 2442 ἐπιόντος
454 2355 546 2454 αύτῷ
573 2358 609 2431 τό
635 2367 828 2442 Σκιπίωνος
854 2358 1090 2450 στρατιωτικόν

114 2459 358 2553 ἀσπασάμενον
387 2459 465 2542 τούς
494 2464 554 2534 τού
578 2469 759 2552 Πομπηίου
782 2458 874 2556 αύτῷ
903 2459 1089 2553 προσερρύ·

115 2587 223 2654 ησαν,
248 2559 266 2633 6
292 2564 329 2634 δέ
353 2571 509 2634 Σκιπίων
534 2569 649 2652 ἐφνγε.
684 2566 740 2634 καὶ
764 2561 949 2652 Κάρβωνος
973 2565 1009 2634 δὲ
1034 2569 1090 2633 άπ-

115 2668 210 2736 πέων
228 2673 302 2745 ίλας
325 2664 451 2754 σνχνάς
474 2665 665 2753 πέμψαντος
686 2662 758 2736 κατ’
780 2661 904 2753 αύτοῦ,
928 2668 984 2735 καὶ
1008 2662 1124 2736 ταά-Ι)

80 2791 104 2832 ετ
116 2795 176 2850 τας
202 2767 379 2854 ἐτρέψατο,
406 2765 450 2849 69
478 2761 525 2836 δι’
544 2756 737 2854 ἀπόγνωσιν
759 2773 926 2855 σωτηρίας
951 2765 1090 2848 ἕαατοάς

117 2865 211 2961 αύτςό
229 2872 418 2958 ἐγχειρίσαι.
460 2863 548 2937 οὕτω
575 2867 612 2937 δέ
629 2864 734 2938 αὐτόν
757 2862 775 2936 6
795 2864 934 2947 Σύλλας
959 2869 1090 2949 ἐδέξατο

117 2963 164 3050 τός
182 2967 398 3058 ἀποπηδῆσαν
415 2971 478 3040 τού
494 2973 602 3039 ἵππου
620 2972 675 3038 καὶ
693 2962 981 3059 προσαγορευθεὶς
995 2965 1090 3036 αύτο·

118 3068 251 3159 κράτωρ
264 3067 332 3140 ὑπό
346 3075 527 3160 Πομπηίον
541 3070 595 3140 καί
611 3066 711 3151 αὐτὸς
724 3064 980 3156 ἀντιπροσερείν
993 3063 1090 3138 αύτο·
1191 3089 1194 3094 ’

118 3167 264 3260 κράτορα
281 3167 341 3241 τόν
358 3168 546 3261 Πομπήιον.
582 3172 638 3240 καί
663 3167 767 3240 τάλλα
787 3168 825 3239 δὲ
847 3184 919 3251 ταῖς
936 3167 1089 3260 προόταις

80 3296 105 3338 ιο
118 3271 387 3391 φιλοφροσύναις
401 3274 616 3361 συνέβαινεν
646 3268 945 3355 ὑπεξανίστατο
905 3299 969 3360 γαρ
988 3293 1089 3360 προσ-

22 3397 23 3426 ³
119 3369 203 3442 ιόντι
221 3401 267 3443 τω
258 3376 434 3468 Πομπηί
422 3401 448 3444 ω
408 3375 518 3444 ίκαλ
532 3370 616 3443 ἀλλα
629 3371 712 3464 πρὸς
725 3372 826 3464 τιμὴν
840 3375 971 3442 ἐκείνου
985 3375 1089 3441 ἐποίει

119 3467 142 3540 6
168 3473 249 3565 πρὸς
280 3470 401 3556 ἀλλους
432 3471 495 3546 ούκ
527 3462 617 3545 άπτο
643 3467 768 3567 βαδίως
795 3479 911 3545 ποιων
957 3473 1028 3542 ἐπεί
1055 3467 1087 3539 δ’
