<?xml version="1.0" encoding="UTF-8"?>
<!DOCTYPE html PUBLIC "-//W3C//DTD XHTML 1.0 Transitional//EN"
    "http://www.w3.org/TR/xhtml1/DTD/xhtml1-transitional.dtd">
<html xmlns="http://www.w3.org/1999/xhtml" xml:lang="en" lang="en">
 <head>
  <title>
</title>
<meta http-equiv="Content-Type" content="text/html;charset=utf-8" />
  <meta name='ocr-system' content='tesseract 3.04.00' />
  <meta name='ocr-capabilities' content='ocr_page ocr_carea ocr_par ocr_line ocrx_word'/>
</head>
<body>
  <div class='ocr_page' id='page_1' title='image "./iannoutouznapae01canggoog_0053.png"; bbox 0 0 2510 3834; ppageno 0'>
   <div class='ocr_carea' id='block_1_1' title="bbox 209 137 852 204">
    <p class='ocr_par' dir='ltr' id='par_1_1' title="bbox 209 137 852 204">
     <span class='ocr_line' id='line_1_1' title="bbox 209 137 852 204; baseline -0.003 -14"><span class='ocrx_word' id='word_1_1' title='bbox 209 140 251 204; x_wconf 77' lang='grc'><strong><em>46</em></strong></span> <span class='ocrx_word' id='word_1_2' title='bbox 533 139 665 194; x_wconf 81' lang='lat' dir='ltr'>Llss.v1.</span> <span class='ocrx_word' id='word_1_3' title='bbox 685 137 764 190; x_wconf 76' lang='grc' dir='ltr'><strong><em>οΑΡ.</em></strong></span> <span class='ocrx_word' id='word_1_4' title='bbox 777 140 852 192; x_wconf 84' lang='lat' dir='ltr'>xv1.</span> 
     </span>
    </p>
   </div>
   <div class='ocr_carea' id='block_1_2' title="bbox 58 274 1229 3514">
    <p class='ocr_par' dir='ltr' id='par_1_2' title="bbox 178 274 1254 1184">
     <span class='ocr_line' id='line_1_2' title="bbox 211 274 1179 370; baseline 0 -19"><span class='ocrx_word' id='word_1_5' title='bbox 211 274 314 351; x_wconf 82' lang='grc' dir='ltr'><strong><em>αὐτόν</em></strong></span> <span class='ocrx_word' id='word_1_6' title='bbox 331 280 560 350; x_wconf 71' lang='grc' dir='ltr'><strong><em>νουθετοῦντα</em></strong></span> <span class='ocrx_word' id='word_1_7' title='bbox 578 279 727 369; x_wconf 79' lang='grc' dir='ltr'><strong><em>περὶτοῦ</em></strong></span> <span class='ocrx_word' id='word_1_8' title='bbox 744 275 938 368; x_wconf 71' lang='grc' dir='ltr'><strong><em>κρειττόνως</em></strong></span> <span class='ocrx_word' id='word_1_9' title='bbox 952 286 1179 370; x_wconf 80' lang='grc' dir='ltr'><strong><em>προίστασθαι</em></strong></span> 
     </span>
     <span class='ocr_line' id='line_1_3' title="bbox 210 375 1180 470; baseline -0.002 -16"><span class='ocrx_word' id='word_1_10' title='bbox 210 388 278 454; x_wconf 75' lang='grc' dir='ltr'><strong><em>τῶν</em></strong></span> <span class='ocrx_word' id='word_1_11' title='bbox 294 379 377 452; x_wconf 84' lang='grc' dir='ltr'><strong><em>κατά</em></strong></span> <span class='ocrx_word' id='word_1_12' title='bbox 394 381 456 470; x_wconf 85' lang='grc' dir='ltr'><strong><em>τήν</em></strong></span> <span class='ocrx_word' id='word_1_13' title='bbox 476 376 660 469; x_wconf 82' lang='grc' dir='ltr'><strong><em>Ἰουδαίαν,</em></strong></span> <span class='ocrx_word' id='word_1_14' title='bbox 685 379 855 469; x_wconf 88' lang='grc' dir='ltr'><strong><em>πρόφασιν</em></strong></span> <span class='ocrx_word' id='word_1_15' title='bbox 873 377 976 468; x_wconf 75' lang='grc' dir='ltr'><strong><em>ἐζήτει</em></strong></span> <span class='ocrx_word' id='word_1_16' title='bbox 995 375 1041 450; x_wconf 87' lang='grc' dir='ltr'><strong><em>δι’</em></strong></span> <span class='ocrx_word' id='word_1_17' title='bbox 1055 375 1099 468; x_wconf 73' lang='grc' dir='ltr'><strong><em>ἣν</em></strong></span> <span class='ocrx_word' id='word_1_18' title='bbox 1118 378 1180 452; x_wconf 84' lang='grc' dir='ltr'><strong><em>τόν</em></strong></span> 
     </span>
     <span class='ocr_line' id='line_1_4' title="bbox 212 478 1197 574; baseline -0.002 -20"><span class='ocrx_word' id='word_1_19' title='bbox 212 487 411 574; x_wconf 80' lang='grc' dir='ltr'><strong><em>ένοχλούντα</em></strong></span> <span class='ocrx_word' id='word_1_20' title='bbox 429 487 577 571; x_wconf 73' lang='grc' dir='ltr'><strong><em>συνεχῶς</em></strong></span> <span class='ocrx_word' id='word_1_21' title='bbox 597 480 852 572; x_wconf 79' lang='grc' dir='ltr'><strong><em>μεταστήσεται·</em></strong></span> <span class='ocrx_word' id='word_1_22' title='bbox 879 483 935 552; x_wconf 76' lang='grc' dir='ltr'><strong><em>καὶ</em></strong></span> <span class='ocrx_word' id='word_1_23' title='bbox 955 478 1011 552; x_wconf 85' lang='grc' dir='ltr'><strong><em>διά</em></strong></span> <span class='ocrx_word' id='word_1_24' title='bbox 1030 484 1098 552; x_wconf 79' lang='grc' dir='ltr'><strong><em>των</em></strong></span> <span class='ocrx_word' id='word_1_25' title='bbox 1119 492 1197 573; x_wconf 61' lang='grc' dir='ltr'><strong><em>λητ,</em></strong></span> 
     </span>
     <span class='ocr_line' id='line_1_5' title="bbox 202 579 1180 681; baseline 0 -25"><span class='ocrx_word' id='word_1_26' title='bbox 202 589 301 656; x_wconf 65' lang='lat' dir='ltr'><strong><em>miv</em></strong></span> <span class='ocrx_word' id='word_1_27' title='bbox 313 581 417 656; x_wconf 87' lang='grc' dir='ltr'><strong><em>αύτὸν</em></strong></span> <span class='ocrx_word' id='word_1_28' title='bbox 428 579 571 674; x_wconf 79' lang='grc' dir='ltr'><strong><em>ἀναιρεῖ,</em></strong></span> <span class='ocrx_word' id='word_1_29' title='bbox 590 591 624 653; x_wconf 81' lang='grc' dir='ltr'><strong><em>ολ</em></strong></span> <span class='ocrx_word' id='word_1_30' title='bbox 641 585 677 652; x_wconf 84' lang='grc' dir='ltr'><strong><em>ἐν</em></strong></span> <span class='ocrx_word' id='word_1_31' title='bbox 694 589 740 677; x_wconf 76' lang='grc' dir='ltr'><strong><em>τῷ</em></strong></span> <span class='ocrx_word' id='word_1_32' title='bbox 756 587 828 676; x_wconf 79' lang='grc' dir='ltr'><strong><em>ναῷ</em></strong></span> <span class='ocrx_word' id='word_1_33' title='bbox 847 581 1113 681; x_wconf 88' lang='grc' dir='ltr'><strong><em>παραγεγονότες</em></strong></span> <span class='ocrx_word' id='word_1_34' title='bbox 1131 582 1180 666; x_wconf 74' lang='grc' dir='ltr'><strong><em>ὦς</em></strong></span> 
     </span>
     <span class='ocr_line' id='line_1_6' title="bbox 213 679 1209 778; baseline 0 -22"><span class='ocrx_word' id='word_1_35' title='bbox 213 684 504 778; x_wconf 81' lang='grc' dir='ltr'><strong><em>προσκυνήσοντες</em></strong></span> <span class='ocrx_word' id='word_1_36' title='bbox 522 685 578 756; x_wconf 86' lang='grc' dir='ltr'><strong><em>καλ</em></strong></span> <span class='ocrx_word' id='word_1_37' title='bbox 592 687 725 773; x_wconf 79' lang='grc' dir='ltr'><strong><em>ξιφίδια</em></strong></span> <span class='ocrx_word' id='word_1_38' title='bbox 742 687 901 774; x_wconf 84' lang='grc' dir='ltr'><strong><em>φέροντες</em></strong></span> <span class='ocrx_word' id='word_1_39' title='bbox 918 679 984 754; x_wconf 80' lang='grc' dir='ltr'><strong><em>ἀπὸ</em></strong></span> <span class='ocrx_word' id='word_1_40' title='bbox 1000 681 1059 768; x_wconf 86' lang='grc' dir='ltr'><strong><em>τάς</em></strong></span> <span class='ocrx_word' id='word_1_41' title='bbox 1077 687 1209 774; x_wconf 65' lang='grc' dir='ltr'><strong><em>έσθήι</em></strong></span> 
     </span>
     <span class='ocr_line' id='line_1_7' title="bbox 210 781 1180 879; baseline 0 -21"><span class='ocrx_word' id='word_1_42' title='bbox 210 817 268 870; x_wconf 90' lang='grc' dir='ltr'><strong><em>τας</em></strong></span> <span class='ocrx_word' id='word_1_43' title='bbox 279 785 510 877; x_wconf 77' lang='grc' dir='ltr'><strong><em>ἀνεμίχθησαν</em></strong></span> <span class='ocrx_word' id='word_1_44' title='bbox 523 787 571 879; x_wconf 72' lang='grc' dir='ltr'><strong><em>τῷ</em></strong></span> <span class='ocrx_word' id='word_1_45' title='bbox 575 784 706 874; x_wconf 86' lang='grc' dir='ltr'><strong><em>πλήθει</em></strong></span> <span class='ocrx_word' id='word_1_46' title='bbox 717 789 773 857; x_wconf 83' lang='grc' dir='ltr'><strong><em>καλ</em></strong></span> <span class='ocrx_word' id='word_1_47' title='bbox 786 785 844 856; x_wconf 87' lang='grc' dir='ltr'><strong><em>τόν</em></strong></span> <span class='ocrx_word' id='word_1_48' title='bbox 854 781 1019 874; x_wconf 77' lang='grc' dir='ltr'><strong><em>Ἰωνάθην</em></strong></span> <span class='ocrx_word' id='word_1_49' title='bbox 1031 784 1180 858; x_wconf 81' lang='grc' dir='ltr'><strong><em>ἀνεῖλον.</em></strong></span> 
     </span>
     <span class='ocr_line' id='line_1_8' title="bbox 178 883 1184 977; baseline -0.001 -17"><span class='ocrx_word' id='word_1_50' title='bbox 178 887 432 977; x_wconf 77' lang='grc' dir='ltr'><strong><em>Οάνεκδικήτον</em></strong></span> <span class='ocrx_word' id='word_1_51' title='bbox 452 889 489 958; x_wconf 75' lang='grc' dir='ltr'><strong><em>δὲ</em></strong></span> <span class='ocrx_word' id='word_1_52' title='bbox 506 891 566 958; x_wconf 85' lang='grc' dir='ltr'><strong><em>τού</em></strong></span> <span class='ocrx_word' id='word_1_53' title='bbox 583 885 787 977; x_wconf 78' lang='grc' dir='ltr'><strong><em>τολμήματος</em></strong></span> <span class='ocrx_word' id='word_1_54' title='bbox 807 895 1002 976; x_wconf 87' lang='grc' dir='ltr'><strong><em>μείναντος,</em></strong></span> <span class='ocrx_word' id='word_1_55' title='bbox 1020 883 1129 970; x_wconf 82' lang='grc' dir='ltr'><strong><em>ἀδεαῐς</em></strong></span> <span class='ocrx_word' id='word_1_56' title='bbox 1146 894 1184 959; x_wconf 82' lang='grc' dir='ltr'><strong><em>οἱ</em></strong></span> 
     </span>
     <span class='ocr_line' id='line_1_9' title="bbox 211 983 1182 1082; baseline -0.002 -22"><span class='ocrx_word' id='word_1_57' title='bbox 211 983 329 1082; x_wconf 79' lang='grc' dir='ltr'><strong><em>λησταλ</em></strong></span> <span class='ocrx_word' id='word_1_58' title='bbox 346 989 586 1078; x_wconf 71' lang='grc' dir='ltr'><strong><em>ἀναβαίνοντες</em></strong></span> <span class='ocrx_word' id='word_1_59' title='bbox 599 983 659 1071; x_wconf 79' lang='grc' dir='ltr'><strong><em>οδς</em></strong></span> <span class='ocrx_word' id='word_1_60' title='bbox 678 989 741 1078; x_wconf 72' lang='grc' dir='ltr'><strong><em>μὲν</em></strong></span> <span class='ocrx_word' id='word_1_61' title='bbox 758 994 901 1070; x_wconf 88' lang='grc' dir='ltr'><strong><em>οίκείους</em></strong></span> <span class='ocrx_word' id='word_1_62' title='bbox 926 987 1069 1079; x_wconf 81' lang='grc' dir='ltr'><strong><em>ἐχθρούς</em></strong></span> <span class='ocrx_word' id='word_1_63' title='bbox 1092 988 1182 1079; x_wconf 80' lang='grc' dir='ltr'><strong><em>ἀνή-</em></strong></span> 
     </span>
     <span class='ocr_line' id='line_1_10' title="bbox 212 1087 1181 1184; baseline -0.003 -21"><span class='ocrx_word' id='word_1_64' title='bbox 212 1121 306 1181; x_wconf 89' lang='grc' dir='ltr'><strong><em>ρουν,</em></strong></span> <span class='ocrx_word' id='word_1_65' title='bbox 324 1087 383 1174; x_wconf 73' lang='grc' dir='ltr'><strong><em>οὓς</em></strong></span> <span class='ocrx_word' id='word_1_66' title='bbox 403 1089 434 1160; x_wconf 89' lang='grc' dir='ltr'><strong><em>δ’</em></strong></span> <span class='ocrx_word' id='word_1_67' title='bbox 457 1093 580 1181; x_wconf 83' lang='grc' dir='ltr'><strong><em>ἑτέρων</em></strong></span> <span class='ocrx_word' id='word_1_68' title='bbox 598 1093 652 1160; x_wconf 78' lang='grc' dir='ltr'><strong><em>ἐπὶ</em></strong></span> <span class='ocrx_word' id='word_1_69' title='bbox 669 1093 791 1184; x_wconf 72' lang='grc' dir='ltr'><strong><em>μισθῷ.</em></strong></span> <span class='ocrx_word' id='word_1_70' title='bbox 827 1088 944 1179; x_wconf 86' lang='grc' dir='ltr'><strong><em>γόητες</em></strong></span> <span class='ocrx_word' id='word_1_71' title='bbox 964 1091 1001 1160; x_wconf 71' lang='grc' dir='ltr'><strong><em>δέ</em></strong></span> <span class='ocrx_word' id='word_1_72' title='bbox 1018 1092 1075 1160; x_wconf 82' lang='grc' dir='ltr'><strong><em>καὶ</em></strong></span> <span class='ocrx_word' id='word_1_73' title='bbox 1092 1088 1181 1162; x_wconf 90' lang='grc' dir='ltr'><strong><em>ἀπα-</em></strong></span> 
     </span>
    </p>

    <p class='ocr_par' dir='ltr' id='par_1_3' title="bbox 157 1188 1221 1688">
     <span class='ocr_line' id='line_1_11' title="bbox 157 1188 1221 1284; baseline 0.002 -22"><span class='ocrx_word' id='word_1_74' title='bbox 157 1194 164 1204; x_wconf 78' lang='grc'><strong><em>’</em></strong></span> <span class='ocrx_word' id='word_1_75' title='bbox 211 1200 332 1275; x_wconf 77' lang='grc' dir='ltr'><strong><em>τεῶνες</em></strong></span> <span class='ocrx_word' id='word_1_76' title='bbox 350 1193 526 1283; x_wconf 89' lang='grc' dir='ltr'><strong><em>ἀνθρωποι</em></strong></span> <span class='ocrx_word' id='word_1_77' title='bbox 543 1192 602 1262; x_wconf 84' lang='grc' dir='ltr'><strong><em>τόν</em></strong></span> <span class='ocrx_word' id='word_1_78' title='bbox 620 1191 720 1282; x_wconf 81' lang='grc' dir='ltr'><strong><em>ὅγλον</em></strong></span> <span class='ocrx_word' id='word_1_79' title='bbox 737 1188 922 1264; x_wconf 72' lang='grc' dir='ltr'><strong><em>ἀνέπειθον</em></strong></span> <span class='ocrx_word' id='word_1_80' title='bbox 940 1196 1083 1264; x_wconf 79' lang='grc' dir='ltr'><strong><em>ἔπεσθαι</em></strong></span> <span class='ocrx_word' id='word_1_81' title='bbox 1100 1200 1181 1284; x_wconf 91' lang='grc' dir='ltr'><strong><em>σφί·</em></strong></span> <span class='ocrx_word' id='word_1_82' title='bbox 1196 1225 1221 1264; x_wconf 85' lang='grc' dir='ltr'><strong><em>ιο</em></strong></span> 
     </span>
     <span class='ocr_line' id='line_1_12' title="bbox 211 1291 1182 1384; baseline 0 -20"><span class='ocrx_word' id='word_1_83' title='bbox 211 1316 266 1365; x_wconf 93' lang='grc' dir='ltr'><strong><em>σιν</em></strong></span> <span class='ocrx_word' id='word_1_84' title='bbox 291 1301 338 1376; x_wconf 86' lang='grc' dir='ltr'><strong><em>είς</em></strong></span> <span class='ocrx_word' id='word_1_85' title='bbox 362 1291 424 1382; x_wconf 86' lang='grc' dir='ltr'><strong><em>τήν</em></strong></span> <span class='ocrx_word' id='word_1_86' title='bbox 443 1297 613 1384; x_wconf 66' lang='grc' dir='ltr'><strong><em>ἐρημίαν,</em></strong></span> <span class='ocrx_word' id='word_1_87' title='bbox 635 1298 803 1377; x_wconf 74' lang='grc' dir='ltr'><strong><em>δείξουσιν</em></strong></span> <span class='ocrx_word' id='word_1_88' title='bbox 828 1297 951 1384; x_wconf 77' lang='grc' dir='ltr'><strong><em>ἐναργῆ</em></strong></span> <span class='ocrx_word' id='word_1_89' title='bbox 975 1308 1095 1382; x_wconf 79' lang='grc' dir='ltr'><strong><em>σημεῖα</em></strong></span> <span class='ocrx_word' id='word_1_90' title='bbox 1120 1297 1182 1364; x_wconf 80' lang='grc' dir='ltr'><strong><em>καὶ</em></strong></span> 
     </span>
     <span class='ocr_line' id='line_1_13' title="bbox 210 1387 1181 1485; baseline 0 -19"><span class='ocrx_word' id='word_1_91' title='bbox 210 1399 330 1484; x_wconf 86' lang='grc' dir='ltr'><strong><em>τέρατα</em></strong></span> <span class='ocrx_word' id='word_1_92' title='bbox 347 1393 507 1485; x_wconf 88' lang='grc' dir='ltr'><strong><em>γινόμενα</em></strong></span> <span class='ocrx_word' id='word_1_93' title='bbox 533 1399 569 1465; x_wconf 85' lang='grc' dir='ltr'><strong><em>έκ</em></strong></span> <span class='ocrx_word' id='word_1_94' title='bbox 586 1398 687 1465; x_wconf 81' lang='grc' dir='ltr'><strong><em>θεοῦ·</em></strong></span> <span class='ocrx_word' id='word_1_95' title='bbox 714 1387 762 1466; x_wconf 69' lang='grc' dir='ltr'><strong><em>οἷν</em></strong></span> <span class='ocrx_word' id='word_1_96' title='bbox 785 1393 928 1478; x_wconf 83' lang='grc' dir='ltr'><strong><em>πολλούς</em></strong></span> <span class='ocrx_word' id='word_1_97' title='bbox 946 1393 964 1464; x_wconf 86' lang='grc' dir='ltr'><strong>ὁ</strong></span> <span class='ocrx_word' id='word_1_98' title='bbox 983 1397 1088 1482; x_wconf 82' lang='grc' dir='ltr'><strong><em>Φήλιξ</em></strong></span> <span class='ocrx_word' id='word_1_99' title='bbox 1107 1394 1181 1466; x_wconf 85' lang='grc' dir='ltr'><strong><em>ἐκό-</em></strong></span> 
     </span>
     <span class='ocr_line' id='line_1_14' title="bbox 211 1493 1180 1586; baseline 0 -18"><span class='ocrx_word' id='word_1_100' title='bbox 211 1506 315 1581; x_wconf 82' lang='grc' dir='ltr'><strong><em>λαζεν.</em></strong></span> <span class='ocrx_word' id='word_1_101' title='bbox 353 1502 387 1567; x_wconf 82' lang='lat' dir='ltr'><strong><em>oc</em></strong></span> <span class='ocrx_word' id='word_1_102' title='bbox 404 1499 445 1566; x_wconf 88' lang='grc' dir='ltr'><strong><em>δέ</em></strong></span> <span class='ocrx_word' id='word_1_103' title='bbox 458 1524 497 1584; x_wconf 83' lang='grc' dir='ltr'><strong><em>γε</em></strong></span> <span class='ocrx_word' id='word_1_104' title='bbox 514 1499 633 1586; x_wconf 85' lang='grc' dir='ltr'><strong><em>λησταλ</em></strong></span> <span class='ocrx_word' id='word_1_105' title='bbox 650 1493 710 1568; x_wconf 84' lang='grc' dir='ltr'><strong><em>τόν</em></strong></span> <span class='ocrx_word' id='word_1_106' title='bbox 729 1499 835 1585; x_wconf 82' lang='grc' dir='ltr'><strong><em>δῆμον</em></strong></span> <span class='ocrx_word' id='word_1_107' title='bbox 854 1503 901 1579; x_wconf 87' lang='grc' dir='ltr'><strong><em>είς</em></strong></span> <span class='ocrx_word' id='word_1_108' title='bbox 922 1493 983 1568; x_wconf 88' lang='grc' dir='ltr'><strong><em>τόν</em></strong></span> <span class='ocrx_word' id='word_1_109' title='bbox 1000 1494 1085 1585; x_wconf 85' lang='grc' dir='ltr'><strong><em>πρός</em></strong></span> <span class='ocrx_word' id='word_1_110' title='bbox 1103 1495 1180 1568; x_wconf 84' lang='grc' dir='ltr'><strong><em>Ῥω·</em></strong></span> 
     </span>
     <span class='ocr_line' id='line_1_15' title="bbox 210 1592 1181 1688; baseline -0.001 -18"><span class='ocrx_word' id='word_1_111' title='bbox 210 1605 330 1686; x_wconf 89' lang='grc' dir='ltr'><strong><em>μαίους</em></strong></span> <span class='ocrx_word' id='word_1_112' title='bbox 351 1595 508 1686; x_wconf 74' lang='grc' dir='ltr'><strong><em>ἠρέθιζον</em></strong></span> <span class='ocrx_word' id='word_1_113' title='bbox 533 1595 697 1688; x_wconf 89' lang='grc' dir='ltr'><strong><em>πόλεμον,</em></strong></span> <span class='ocrx_word' id='word_1_114' title='bbox 727 1599 886 1681; x_wconf 84' lang='grc' dir='ltr'><strong><em>θέλοντες</em></strong></span> <span class='ocrx_word' id='word_1_115' title='bbox 916 1595 961 1688; x_wconf 86' lang='grc' dir='ltr'><strong><em>μή</em></strong></span> <span class='ocrx_word' id='word_1_116' title='bbox 992 1592 1181 1669; x_wconf 76' lang='grc' dir='ltr'><strong><em>ὑπακούειν</em></strong></span> 
     </span>
    </p>

    <p class='ocr_par' dir='ltr' id='par_1_4' title="bbox 192 1695 1223 1789">
     <span class='ocr_line' id='line_1_16' title="bbox 192 1695 1223 1789; baseline 0.004 -22"><span class='ocrx_word' id='word_1_117' title='bbox 192 1695 341 1787; x_wconf 73' lang='grc' dir='ltr'><strong><em>αὐτῶν,</em></strong></span> <span class='ocrx_word' id='word_1_118' title='bbox 372 1697 509 1779; x_wconf 81' lang='grc' dir='ltr'><strong><em>καὶτὰς</em></strong></span> <span class='ocrx_word' id='word_1_119' title='bbox 533 1697 669 1788; x_wconf 76' lang='grc' dir='ltr'><strong><em>τῶυμή</em></strong></span> <span class='ocrx_word' id='word_1_120' title='bbox 693 1703 906 1789; x_wconf 76' lang='grc' dir='ltr'><strong><em>πειθομένων</em></strong></span> <span class='ocrx_word' id='word_1_121' title='bbox 937 1697 1050 1788; x_wconf 75' lang='grc' dir='ltr'><strong><em>κόμας</em></strong></span> <span class='ocrx_word' id='word_1_122' title='bbox 1081 1705 1181 1788; x_wconf 82' lang='grc' dir='ltr'><strong><em>ἐμπι-</em></strong></span> <span class='ocrx_word' id='word_1_123' title='bbox 1196 1731 1223 1771; x_wconf 75' lang='grc' dir='ltr'><strong><em>ιε</em></strong></span> 
     </span>
    </p>

    <p class='ocr_par' dir='ltr' id='par_1_5' title="bbox 211 1800 1035 1890">
     <span class='ocr_line' id='line_1_17' title="bbox 211 1800 1035 1890; baseline 0.001 -21"><span class='ocrx_word' id='word_1_124' title='bbox 211 1807 360 1890; x_wconf 77' lang='grc' dir='ltr'><strong><em>πρῶντες</em></strong></span> <span class='ocrx_word' id='word_1_125' title='bbox 379 1800 584 1889; x_wconf 87' lang='grc' dir='ltr'><strong><em>διέφθειρον,</em></strong></span> <span class='ocrx_word' id='word_1_126' title='bbox 1031 1860 1035 1870; x_wconf 96' lang='grc'><em>.</em></span> 
     </span>
    </p>

    <p class='ocr_par' dir='ltr' id='par_1_6' title="bbox 177 1899 1182 2196">
     <span class='ocr_line' id='line_1_18' title="bbox 242 1899 1181 1991; baseline 0.002 -20"><span class='ocrx_word' id='word_1_127' title='bbox 242 1949 243 1954; x_wconf 41' lang='lat'>1</span> <span class='ocrx_word' id='word_1_128' title='bbox 288 1899 414 1988; x_wconf 79' lang='grc' dir='ltr'><strong><em>Σύρων</em></strong></span> <span class='ocrx_word' id='word_1_129' title='bbox 433 1901 470 1982; x_wconf 68' lang='grc' dir='ltr'><strong><em>δὲ</em></strong></span> <span class='ocrx_word' id='word_1_130' title='bbox 487 1903 543 1970; x_wconf 86' lang='grc' dir='ltr'><strong><em>καλ</em></strong></span> <span class='ocrx_word' id='word_1_131' title='bbox 557 1899 731 1973; x_wconf 88' lang='grc' dir='ltr'><strong><em>Ἰουδαίων</em></strong></span> <span class='ocrx_word' id='word_1_132' title='bbox 748 1900 810 1990; x_wconf 89' lang='grc' dir='ltr'><strong><em>τήν</em></strong></span> <span class='ocrx_word' id='word_1_133' title='bbox 823 1899 1031 1991; x_wconf 75' lang='grc' dir='ltr'><strong><em>Καισάρειαν</em></strong></span> <span class='ocrx_word' id='word_1_134' title='bbox 1044 1900 1181 1973; x_wconf 76' lang='grc' dir='ltr'><strong><em>οἰκούν-</em></strong></span> 
     </span>
     <span class='ocr_line' id='line_1_19' title="bbox 212 1999 1182 2095; baseline 0.004 -24"><span class='ocrx_word' id='word_1_135' title='bbox 212 2031 280 2072; x_wconf 91' lang='grc' dir='ltr'><strong><em>των</em></strong></span> <span class='ocrx_word' id='word_1_136' title='bbox 297 2009 332 2074; x_wconf 86' lang='grc' dir='ltr'><strong><em>οί</em></strong></span> <span class='ocrx_word' id='word_1_137' title='bbox 352 2005 413 2092; x_wconf 71' lang='grc' dir='ltr'><strong><em>μὲν</em></strong></span> <span class='ocrx_word' id='word_1_138' title='bbox 427 2001 591 2074; x_wconf 81' lang='grc' dir='ltr'><strong><em>,Ἰουδαῖοι</em></strong></span> <span class='ocrx_word' id='word_1_139' title='bbox 613 2001 800 2095; x_wconf 85' lang='grc' dir='ltr'><strong><em>πρωτεύειν</em></strong></span> <span class='ocrx_word' id='word_1_140' title='bbox 822 2001 939 2092; x_wconf 87' lang='grc' dir='ltr'><strong><em>ήξίουν</em></strong></span> <span class='ocrx_word' id='word_1_141' title='bbox 964 1999 1007 2085; x_wconf 71' lang='grc' dir='ltr'><strong><em>αἱς</em></strong></span> <span class='ocrx_word' id='word_1_142' title='bbox 1025 2000 1182 2092; x_wconf 79' lang='grc' dir='ltr'><strong><em>Ἡροόδου</em></strong></span> 
     </span>
     <span class='ocr_line' id='line_1_20' title="bbox 177 2101 1181 2196; baseline -0.003 -19"><span class='ocrx_word' id='word_1_143' title='bbox 177 2107 273 2177; x_wconf 81' lang='grc' dir='ltr'><strong><em>Βτού</em></strong></span> <span class='ocrx_word' id='word_1_144' title='bbox 290 2109 387 2193; x_wconf 81' lang='grc' dir='ltr'><strong><em>σφῶν</em></strong></span> <span class='ocrx_word' id='word_1_145' title='bbox 404 2106 567 2193; x_wconf 87' lang='grc' dir='ltr'><strong><em>βασιλέως</em></strong></span> <span class='ocrx_word' id='word_1_146' title='bbox 584 2103 645 2192; x_wconf 85' lang='grc' dir='ltr'><strong><em>τήν</em></strong></span> <span class='ocrx_word' id='word_1_147' title='bbox 663 2103 764 2175; x_wconf 90' lang='grc' dir='ltr'><strong><em>πόλιν</em></strong></span> <span class='ocrx_word' id='word_1_148' title='bbox 781 2108 988 2194; x_wconf 77' lang='grc' dir='ltr'><strong><em>ἐγείραντος,</em></strong></span> <span class='ocrx_word' id='word_1_149' title='bbox 1012 2101 1121 2196; x_wconf 81' lang='grc' dir='ltr'><strong><em>Σύροι</em></strong></span> <span class='ocrx_word' id='word_1_150' title='bbox 1140 2107 1181 2174; x_wconf 71' lang='grc' dir='ltr'><strong><em>δὲ</em></strong></span> 
     </span>
    </p>

    <p class='ocr_par' dir='ltr' id='par_1_7' title="bbox 177 2201 1221 2701">
     <span class='ocr_line' id='line_1_21' title="bbox 210 2201 1221 2296; baseline 0.002 -22"><span class='ocrx_word' id='word_1_151' title='bbox 210 2203 251 2275; x_wconf 88' lang='grc' dir='ltr'><strong><em>τά</em></strong></span> <span class='ocrx_word' id='word_1_152' title='bbox 267 2207 330 2295; x_wconf 71' lang='grc' dir='ltr'><strong><em>μὲν</em></strong></span> <span class='ocrx_word' id='word_1_153' title='bbox 346 2210 425 2296; x_wconf 85' lang='grc' dir='ltr'><strong><em>περὶ</em></strong></span> <span class='ocrx_word' id='word_1_154' title='bbox 442 2203 503 2276; x_wconf 87' lang='grc' dir='ltr'><strong><em>τόν</em></strong></span> <span class='ocrx_word' id='word_1_155' title='bbox 516 2201 671 2296; x_wconf 75' lang='grc' dir='ltr'><strong><em>Ἡρώδην</em></strong></span> <span class='ocrx_word' id='word_1_156' title='bbox 690 2201 896 2295; x_wconf 73' lang='grc' dir='ltr'><strong><em>ὡμολόγουν,</em></strong></span> <span class='ocrx_word' id='word_1_157' title='bbox 916 2212 1044 2295; x_wconf 86' lang='grc' dir='ltr'><strong><em>έφασαυ</em></strong></span> <span class='ocrx_word' id='word_1_158' title='bbox 1063 2207 1101 2275; x_wconf 78' lang='grc' dir='ltr'><strong><em>δὲ</em></strong></span> <span class='ocrx_word' id='word_1_159' title='bbox 1118 2209 1179 2276; x_wconf 82' lang='grc' dir='ltr'><strong><em>καλ</em></strong></span> <span class='ocrx_word' id='word_1_160' title='bbox 1193 2235 1221 2276; x_wconf 84' lang='grc' dir='ltr'><strong><em>ω</em></strong></span> 
     </span>
     <span class='ocr_line' id='line_1_22' title="bbox 211 2305 1180 2400; baseline 0.002 -24"><span class='ocrx_word' id='word_1_161' title='bbox 211 2309 328 2400; x_wconf 70' lang='grc' dir='ltr'><strong><em>πρῴην</em></strong></span> <span class='ocrx_word' id='word_1_162' title='bbox 352 2309 451 2376; x_wconf 87' lang='grc' dir='ltr'><strong><em>πόλιν</em></strong></span> <span class='ocrx_word' id='word_1_163' title='bbox 476 2306 564 2376; x_wconf 82' lang='grc' dir='ltr'><strong><em>εἶναι</em></strong></span> <span class='ocrx_word' id='word_1_164' title='bbox 581 2305 780 2396; x_wconf 86' lang='grc' dir='ltr'><strong><em>Στράτωνος</em></strong></span> <span class='ocrx_word' id='word_1_165' title='bbox 804 2310 1016 2397; x_wconf 81' lang='grc' dir='ltr'><strong><em>καλουμένην</em></strong></span> <span class='ocrx_word' id='word_1_166' title='bbox 1033 2305 1180 2397; x_wconf 87' lang='grc' dir='ltr'><strong><em>πύργον,</em></strong></span> 
     </span>
     <span class='ocr_line' id='line_1_23' title="bbox 177 2404 1181 2495; baseline 0.004 -21"><span class='ocrx_word' id='word_1_167' title='bbox 177 2489 178 2495; x_wconf 12' lang='lat'>¹</span> <span class='ocrx_word' id='word_1_168' title='bbox 210 2409 266 2474; x_wconf 83' lang='grc' dir='ltr'><strong><em>καὶ</em></strong></span> <span class='ocrx_word' id='word_1_169' title='bbox 297 2409 426 2494; x_wconf 84' lang='grc' dir='ltr'><strong><em>μηδένα</em></strong></span> <span class='ocrx_word' id='word_1_170' title='bbox 451 2405 525 2476; x_wconf 84' lang='grc' dir='ltr'><strong><em>τότε</em></strong></span> <span class='ocrx_word' id='word_1_171' title='bbox 551 2404 613 2494; x_wconf 88' lang='grc' dir='ltr'><strong><em>τήν</em></strong></span> <span class='ocrx_word' id='word_1_172' title='bbox 639 2405 738 2477; x_wconf 91' lang='grc' dir='ltr'><strong><em>πόλιν</em></strong></span> <span class='ocrx_word' id='word_1_173' title='bbox 760 2405 928 2478; x_wconf 79' lang='grc' dir='ltr'><strong><em>Ἰουδαῖον</em></strong></span> <span class='ocrx_word' id='word_1_174' title='bbox 958 2415 1072 2480; x_wconf 81' lang='grc' dir='ltr'><strong><em>οίκεῖν.</em></strong></span> <span class='ocrx_word' id='word_1_175' title='bbox 1120 2410 1181 2479; x_wconf 85' lang='grc' dir='ltr'><strong><em>διά</em></strong></span> 
     </span>
     <span class='ocr_line' id='line_1_24' title="bbox 210 2508 1182 2600; baseline 0.005 -25"><span class='ocrx_word' id='word_1_176' title='bbox 210 2509 314 2576; x_wconf 81' lang='grc' dir='ltr'><strong><em>ταύτα</em></strong></span> <span class='ocrx_word' id='word_1_177' title='bbox 335 2513 454 2577; x_wconf 89' lang='grc' dir='ltr'><strong><em>τοίνυν</em></strong></span> <span class='ocrx_word' id='word_1_178' title='bbox 476 2510 544 2578; x_wconf 73' lang='grc' dir='ltr'><strong><em>τόν</em></strong></span> <span class='ocrx_word' id='word_1_179' title='bbox 562 2510 760 2598; x_wconf 87' lang='grc' dir='ltr'><strong><em>Καισαρέων</em></strong></span> <span class='ocrx_word' id='word_1_180' title='bbox 784 2508 1045 2598; x_wconf 79' lang='grc' dir='ltr'><strong><em>στασιαζόντων,</em></strong></span> <span class='ocrx_word' id='word_1_181' title='bbox 1070 2515 1105 2580; x_wconf 85' lang='grc' dir='ltr'><strong><em>οί</em></strong></span> <span class='ocrx_word' id='word_1_182' title='bbox 1119 2518 1182 2600; x_wconf 78' lang='grc' dir='ltr'><strong><em>τῆς</em></strong></span> 
     </span>
     <span class='ocr_line' id='line_1_25' title="bbox 211 2605 1182 2701; baseline 0.006 -25"><span class='ocrx_word' id='word_1_183' title='bbox 211 2605 319 2697; x_wconf 72' lang='grc' dir='ltr'><strong><em>χώρας</em></strong></span> <span class='ocrx_word' id='word_1_184' title='bbox 338 2607 589 2698; x_wconf 78' lang='grc' dir='ltr'><strong><em>ἐπιμελούμενοι</em></strong></span> <span class='ocrx_word' id='word_1_185' title='bbox 607 2620 750 2699; x_wconf 76' lang='grc' dir='ltr'><strong><em>πληγαῖς</em></strong></span> <span class='ocrx_word' id='word_1_186' title='bbox 761 2610 844 2692; x_wconf 82' lang='grc' dir='ltr'><strong><em>’τούς</em></strong></span> <span class='ocrx_word' id='word_1_187' title='bbox 863 2616 990 2694; x_wconf 90' lang='grc' dir='ltr'><strong><em>αίτίους</em></strong></span> <span class='ocrx_word' id='word_1_188' title='bbox 1003 2609 1182 2701; x_wconf 75' lang='grc' dir='ltr'><strong><em>ᾐκίσαντο,</em></strong></span> 
     </span>
    </p>

    <p class='ocr_par' dir='ltr' id='par_1_8' title="bbox 112 2705 1226 3215">
     <span class='ocr_line' id='line_1_26' title="bbox 211 2705 1226 2808; baseline 0.006 -28"><span class='ocrx_word' id='word_1_189' title='bbox 211 2711 267 2780; x_wconf 84' lang='grc' dir='ltr'><strong><em>καλ</em></strong></span> <span class='ocrx_word' id='word_1_190' title='bbox 283 2709 366 2798; x_wconf 89' lang='grc' dir='ltr'><strong><em>πρὸς</em></strong></span> <span class='ocrx_word' id='word_1_191' title='bbox 382 2705 496 2798; x_wconf 85' lang='grc' dir='ltr'><strong><em>ὀλίγον</em></strong></span> <span class='ocrx_word' id='word_1_192' title='bbox 513 2711 575 2782; x_wconf 85' lang='grc' dir='ltr'><strong><em>τὸν</em></strong></span> <span class='ocrx_word' id='word_1_193' title='bbox 591 2710 744 2802; x_wconf 82' lang='grc' dir='ltr'><strong><em>θόρυβον</em></strong></span> <span class='ocrx_word' id='word_1_194' title='bbox 762 2719 1004 2802; x_wconf 84' lang='grc' dir='ltr'><strong><em>κατεποίμισαν.</em></strong></span> <span class='ocrx_word' id='word_1_195' title='bbox 1042 2711 1181 2808; x_wconf 75' lang='grc' dir='ltr'><strong><em>πλούτῳ</em></strong></span> <span class='ocrx_word' id='word_1_196' title='bbox 1198 2745 1226 2786; x_wconf 81' lang='grc' dir='ltr'><strong><em>ετ</em></strong></span> 
     </span>
     <span class='ocr_line' id='line_1_27' title="bbox 213 2810 1183 2903; baseline 0.008 -25"><span class='ocrx_word' id='word_1_197' title='bbox 213 2811 250 2881; x_wconf 73' lang='grc' dir='ltr'><strong><em>δὲ</em></strong></span> <span class='ocrx_word' id='word_1_198' title='bbox 266 2813 335 2880; x_wconf 79' lang='grc' dir='ltr'><strong><em>τῶν</em></strong></span> <span class='ocrx_word' id='word_1_199' title='bbox 352 2810 478 2903; x_wconf 84' lang='grc' dir='ltr'><strong><em>Σύρων</em></strong></span> <span class='ocrx_word' id='word_1_200' title='bbox 496 2819 531 2882; x_wconf 83' lang='grc' dir='ltr'><strong><em>οί</em></strong></span> <span class='ocrx_word' id='word_1_201' title='bbox 541 2811 697 2884; x_wconf 76' lang='grc' dir='ltr'><strong><em>Ἰουδαῖοι</em></strong></span> <span class='ocrx_word' id='word_1_202' title='bbox 709 2816 917 2903; x_wconf 78' lang='grc' dir='ltr'><strong><em>προέχοντες,</em></strong></span> <span class='ocrx_word' id='word_1_203' title='bbox 927 2817 991 2884; x_wconf 81' lang='grc' dir='ltr'><strong><em>καλ</em></strong></span> <span class='ocrx_word' id='word_1_204' title='bbox 1010 2812 1067 2884; x_wconf 71' lang='grc' dir='ltr'><strong><em>’διά</em></strong></span> <span class='ocrx_word' id='word_1_205' title='bbox 1077 2821 1183 2886; x_wconf 85' lang='grc' dir='ltr'><strong><em>τοῦτο</em></strong></span> 
     </span>
     <span class='ocr_line' id='line_1_28' title="bbox 112 2910 1184 3005; baseline 0.006 -24"><span class='ocrx_word' id='word_1_206' title='bbox 112 2987 115 2994; x_wconf 49' lang='grc'><strong><em>,</em></strong></span> <span class='ocrx_word' id='word_1_207' title='bbox 212 2918 500 3005; x_wconf 78' lang='grc' dir='ltr'><strong><em>καταφρονοῦντες</em></strong></span> <span class='ocrx_word' id='word_1_208' title='bbox 518 2910 643 3003; x_wconf 75' lang='grc' dir='ltr'><strong><em>αὐτόν,</em></strong></span> <span class='ocrx_word' id='word_1_209' title='bbox 661 2913 902 3004; x_wconf 80' lang='grc' dir='ltr'><strong><em>ἐβλασφήμουν</em></strong></span> <span class='ocrx_word' id='word_1_210' title='bbox 920 2913 1052 2997; x_wconf 89' lang='grc' dir='ltr'><strong><em>αύτούς.</em></strong></span> <span class='ocrx_word' id='word_1_211' title='bbox 1089 2921 1124 2986; x_wconf 85' lang='grc' dir='ltr'><strong><em>οί</em></strong></span> <span class='ocrx_word' id='word_1_212' title='bbox 1141 2919 1184 2988; x_wconf 71' lang='grc' dir='ltr'><strong><em>δὲ</em></strong></span> 
     </span>
     <span class='ocr_line' id='line_1_29' title="bbox 211 3011 1185 3108; baseline 0.005 -24"><span class='ocrx_word' id='word_1_213' title='bbox 211 3013 354 3104; x_wconf 87' lang='grc' dir='ltr'><strong><em>χρήμασι</em></strong></span> <span class='ocrx_word' id='word_1_214' title='bbox 372 3017 435 3104; x_wconf 71' lang='grc' dir='ltr'><strong><em>μὲν</em></strong></span> <span class='ocrx_word' id='word_1_215' title='bbox 452 3011 652 3105; x_wconf 78' lang='grc' dir='ltr'><strong><em>ήττοίμενοι,</em></strong></span> <span class='ocrx_word' id='word_1_216' title='bbox 677 3021 887 3108; x_wconf 78' lang='grc' dir='ltr'><strong><em>θαρροῦντες</em></strong></span> <span class='ocrx_word' id='word_1_217' title='bbox 905 3017 943 3086; x_wconf 73' lang='grc' dir='ltr'><strong><em>δέ</em></strong></span> <span class='ocrx_word' id='word_1_218' title='bbox 960 3015 1011 3087; x_wconf 84' lang='grc' dir='ltr'><strong><em>ὅτι</em></strong></span> <span class='ocrx_word' id='word_1_219' title='bbox 1028 3026 1185 3089; x_wconf 78' lang='grc' dir='ltr'><strong><em>πλεῖστοι</em></strong></span> 
     </span>
     <span class='ocr_line' id='line_1_30' title="bbox 211 3107 1184 3215; baseline 0.006 -31"><span class='ocrx_word' id='word_1_220' title='bbox 211 3119 278 3186; x_wconf 79' lang='grc' dir='ltr'><strong><em>των</em></strong></span> <span class='ocrx_word' id='word_1_221' title='bbox 295 3111 361 3186; x_wconf 78' lang='grc' dir='ltr'><strong><em>ὑπὸ</em></strong></span> <span class='ocrx_word' id='word_1_222' title='bbox 379 3115 560 3204; x_wconf 87' lang='grc' dir='ltr'><strong><em>Ῥωμαίους</em></strong></span> <span class='ocrx_word' id='word_1_223' title='bbox 583 3120 856 3215; x_wconf 79' lang='grc' dir='ltr'><strong><em>στρατευομένων</em></strong></span> <span class='ocrx_word' id='word_1_224' title='bbox 874 3128 1055 3209; x_wconf 80' lang='grc' dir='ltr'><strong><em>Καισαρεῖς</em></strong></span> <span class='ocrx_word' id='word_1_225' title='bbox 1077 3107 1184 3211; x_wconf 83' lang='grc' dir='ltr'><strong><em>ἦσαν,</em></strong></span> 
     </span>
    </p>

    <p class='ocr_par' dir='ltr' id='par_1_9' title="bbox 58 3213 1229 3514">
     <span class='ocr_line' id='line_1_31' title="bbox 58 3213 1229 3308; baseline 0.009 -24"><span class='ocrx_word' id='word_1_226' title='bbox 58 3229 66 3239; x_wconf 79' lang='grc'><strong>’</strong></span> <span class='ocrx_word' id='word_1_227' title='bbox 204 3213 305 3308; x_wconf 54' lang='grc' dir='ltr'><strong><em>’μέχρι</em></strong></span> <span class='ocrx_word' id='word_1_228' title='bbox 322 3219 384 3305; x_wconf 87' lang='grc' dir='ltr'><strong><em>μέν</em></strong></span> <span class='ocrx_word' id='word_1_229' title='bbox 400 3246 490 3297; x_wconf 90' lang='grc' dir='ltr'><strong><em>τινος</em></strong></span> <span class='ocrx_word' id='word_1_230' title='bbox 507 3219 563 3286; x_wconf 84' lang='grc' dir='ltr'><strong><em>καλ</em></strong></span> <span class='ocrx_word' id='word_1_231' title='bbox 581 3215 677 3289; x_wconf 80' lang='grc' dir='ltr'><strong><em>αὐτοὶ</em></strong></span> <span class='ocrx_word' id='word_1_232' title='bbox 694 3217 805 3306; x_wconf 90' lang='grc' dir='ltr'><strong><em>λόγοις</em></strong></span> <span class='ocrx_word' id='word_1_233' title='bbox 821 3219 900 3301; x_wconf 82' lang='grc' dir='ltr'><strong><em>τούς</em></strong></span> <span class='ocrx_word' id='word_1_234' title='bbox 913 3218 1097 3301; x_wconf 86' lang='grc' dir='ltr'><strong><em>Ἰουδαίους</em></strong></span> <span class='ocrx_word' id='word_1_235' title='bbox 1114 3217 1184 3291; x_wconf 82' lang='grc' dir='ltr'><strong><em>ἀν·</em></strong></span> <span class='ocrx_word' id='word_1_236' title='bbox 1200 3254 1229 3295; x_wconf 79' lang='grc' dir='ltr'><strong><em>ω</em></strong></span> 
     </span>
     <span class='ocr_line' id='line_1_32' title="bbox 210 3315 1185 3411; baseline 0.007 -26"><span class='ocrx_word' id='word_1_237' title='bbox 210 3315 387 3403; x_wconf 80' lang='grc' dir='ltr'><strong><em>θύβριζον·</em></strong></span> <span class='ocrx_word' id='word_1_238' title='bbox 409 3315 479 3388; x_wconf 76' lang='grc' dir='ltr'><strong><em>εἶτα</em></strong></span> <span class='ocrx_word' id='word_1_239' title='bbox 497 3325 607 3400; x_wconf 81' lang='grc' dir='ltr'><strong><em>λίθοις</em></strong></span> <span class='ocrx_word' id='word_1_240' title='bbox 625 3315 790 3408; x_wconf 75' lang='grc' dir='ltr'><strong><em>ἀλλήλους</em></strong></span> <span class='ocrx_word' id='word_1_241' title='bbox 804 3327 960 3411; x_wconf 82' lang='grc' dir='ltr'><strong><em>ἔβαλλον,</em></strong></span> <span class='ocrx_word' id='word_1_242' title='bbox 979 3324 1040 3401; x_wconf 77' lang='grc' dir='ltr'><strong><em>ἕως</em></strong></span> <span class='ocrx_word' id='word_1_243' title='bbox 1059 3327 1185 3393; x_wconf 84' lang='grc' dir='ltr'><strong><em>πολλοὶ</em></strong></span> 
     </span>
     <span class='ocr_line' id='line_1_33' title="bbox 108 3415 1185 3514; baseline 0.007 -28"><span class='ocrx_word' id='word_1_244' title='bbox 108 3435 205 3487; x_wconf 81' lang='lat' dir='ltr'>P1289</span> <span class='ocrx_word' id='word_1_245' title='bbox 213 3415 411 3510; x_wconf 83' lang='grc' dir='ltr'><strong><em>έτριόθησάν</em></strong></span> <span class='ocrx_word' id='word_1_246' title='bbox 433 3447 469 3488; x_wconf 90' lang='grc' dir='ltr'><strong><em>τε</em></strong></span> <span class='ocrx_word' id='word_1_247' title='bbox 493 3423 549 3492; x_wconf 79' lang='grc' dir='ltr'><strong><em>καὶ</em></strong></span> <span class='ocrx_word' id='word_1_248' title='bbox 573 3427 694 3490; x_wconf 78' lang='grc' dir='ltr'><strong><em>ἔπεσον</em></strong></span> <span class='ocrx_word' id='word_1_249' title='bbox 717 3417 974 3514; x_wconf 86' lang='grc' dir='ltr'><strong><em>ἀμφοτέρωθεν·</em></strong></span> <span class='ocrx_word' id='word_1_250' title='bbox 1002 3426 1120 3494; x_wconf 78' lang='grc' dir='ltr'><strong><em>νικῶσι</em></strong></span> <span class='ocrx_word' id='word_1_251' title='bbox 1141 3426 1185 3494; x_wconf 71' lang='grc' dir='ltr'><strong><em>δὲ</em></strong></span> 
     </span>
    </p>
   </div>
   <div class='ocr_carea' id='block_1_3' title="bbox 0 0 1260 3834">
    <p class='ocr_par' dir='ltr' id='par_1_10' title="bbox 0 0 1260 3834">
     <span class='ocr_line' id='line_1_34' title="bbox 0 0 1260 3834; baseline 0 0"><span class='ocrx_word' id='word_1_252' title='bbox 0 0 1260 3834; x_wconf 95' lang='lat' dir='ltr'><strong><em> </em></strong></span> 
     </span>
    </p>
   </div>
  </div>
 </body>
</html>
