2562 3814
188 181 249 246 m
518 177 829 234 mmwst

187 321 275 411 ὅρος,
295 327 411 410 ἔμελλε
427 318 504 402 τοὺς
509 320 677 443 πρέσβεις
691 315 874 407 ἀνερέσθαι
888 311 930 405 “ή
947 313 1051 405 Ῥώμη
1069 311 1154 437 αὕτη

101 477 104 483 -
189 427 275 509 έστί;
301 420 338 492 τὸ
364 419 440 512 ὄρος
464 425 561 492 τοῦτο
553 417 740 505 ’ἐστιυ;“
723 447 743 507 η
771 415 900 508 κεφαλή
924 420 1073 488 ἐνταῦθα
1097 411 1154 486 εὖ·

189 521 315 619 ρέθη;”
343 529 378 594 λυ
381 521 483 594 ’ἐκεί
481 551 551 594 νων
568 515 709 611 μηδὲν
690 519 977 610 νποτοπησάυτων
994 521 1049 609 καὶ
1067 539 1155 608 συμ-

191 623 373 716 φησάντων
396 623 417 714 ή
437 621 578 720 δύναμις
601 651 660 692 του
644 627 821 712 σημείου
847 628 893 703 είς
916 649 953 690 το
942 605 1155 711 χωρίουν
1119 623 1155 690 ἐν

87 751 218 822 Ρ1331φ
205 719 455 818 διεγέγραπτο
477 731 666 816 μετασταίη.
702 719 796 793 ταδ’
781 723 878 813 ομὲν
901 749 1007 794 ταυτα
1025 721 1155 811 έτεχνά-
1169 749 1182 790 ι

16 825 22 836 ’
191 834 337 918 σατο,οί
352 829 564 918 δὲπρέσβεις
582 824 670 916 παρὰ
690 852 749 895 του
736 827 857 906 υίέος
876 828 946 896 ἐκεί
931 831 1006 896 ίνου
1016 819 1157 950 μαθόν-

189 959 243 1012 τες
268 959 304 1001 το
294 929 507 1056 τέχνασμα,
532 921 778 1017 έρωτιάμενοι“
782 922 845 997 οὐκ
864 921 1034 998 ἐνταῦθα’
1061 923 1157 996 εἶπον

185 1027 383 1102 Ἠοίκείται
366 1059 387 1120 η
401 1028 522 1121 Ῥοέμη,
540 1024 616 1098 ἀλλ’
633 1032 671 1100 έν
687 1056 733 1122 τφ
719 1031 876 1122 Λατίφ,
895 1026 1001 1098 καλ
969 1055 1006 1098 το
1023 1023 1101 1118 ὅρος
1120 1030 1158 1097 έν

190 1137 232 1224 τή
250 1129 420 1223 Ῥωμαίων
439 1135 511 1204 ἐστί
515 1185 524 1220 ,
552 1132 608 1201 καλ
633 1128 801 1219 ήκεφαλή
821 1134 858 1202 έν
880 1133 927 1224 τῷ
950 1125 1021 1221 ὄρει
1039 1130 1157 1222 έκείνφ

161 1229 345 1324 εὑρέθη.”
384 1230 474 1304 οὕτω
492 1233 531 1303 δὲ
553 1235 599 1326 τῷ
616 1229 851 1326 τερατοσκόπφ
876 1231 1156 1320 διακρουσθέντος
1170 1255 1196 1294 ιο

90 1342 263 1411 ΨΠΙλτοῦ
280 1335 513 1426 μηχανήματος
531 1339 644 1404 πᾶσαν
667 1337 790 1404 έκείνοι
813 1333 876 1422 τήν
893 1328 1059 1421 ἀλήθειαν
1076 1339 1158 1422 ἔμα-

192 1449 259 1508 θον
276 1439 331 1508 καλ
349 1453 418 1519 τοίς
432 1443 582 1517 πολίταις
600 1431 834 1529 ἀνήγγειλαυ”
815 1463 866 1505 οτι
883 1431 1051 1524 κράτιστοι
1064 1440 1157 1504 ἔσον·

192 1567 247 1609 ται
270 1541 326 1608 καὶ
350 1547 517 1608 πλείστων
539 1534 707 1626 ἄρξουσιν.
750 1527 906 1616 έλπὶς
867 1565 931 1607 ουν
957 1531 1020 1606 κάκ
1037 1533 1157 1606 τούτου

193 1638 308 1722 αὐτοῖς
322 1641 549 1728 προσεγένετο
573 1635 763 1708 κάντεῦθεν
777 1635 814 1724 τὸ
824 1635 903 1727 ὅρος
914 1635 1158 1727 μετωνομάσθη

193 1736 273 1828 παρ’
293 1737 407 1810 αὐτῶν
431 1737 660 1814 Καπιτωλιον·
688 1747 811 1812 καπίτα
834 1736 896 1830 γάρ
920 1743 962 1830 τη”
989 1733 1158 1828 Ῥωμαίων
1172 1759 1198 1800 1⁶

194 1843 356 1936 διαλέκτῳ
374 1835 395 1930 ή
416 1837 545 1930 κεφαλή
562 1835 763 1929 ὀνομάζεται.

270 1944 419 2031 Δεηθελς
450 1942 488 2013 δέ
519 1939 697 2033 χρημάτων
724 1949 771 2024 είς
800 1943 862 2031 τήν
888 1940 1069 2032 οἰκοδομήν
1097 1943 1160 2011 τοῦ

192 2050 276 2114 ναοῦ
305 2039 323 2116 ὁ
359 2041 544 2134 Ταρκύνιος
577 2040 767 2133 Ἀρδεάταις
799 2042 961 2133 ἐπήνεγκε
995 2041 1158 2133 πόλεμον·

160 2143 279 2216 Βὸθεν
295 2141 374 2218 οὔτε
397 2144 548 2236 χρήματα
565 2143 813 2237 προσεκτήσατο
837 2148 893 2216 καὶ
910 2151 969 2234 τῆς
987 2151 1159 2235 βασιλείας

194 2249 336 2330 ἐξέπεσε.
378 2245 535 2341 γεγόνασι
559 2244 590 2315 δ’
612 2241 702 2340 αὐτῷ
727 2249 783 2316 καὶ
806 2245 928 2337 σημεῖἀ
950 2275 1025 2318 τινα
1050 2252 1200 2336 δηλω-εο

193 2347 268 2418 τικά
292 2355 350 2436 τῆς
375 2346 579 2429 ἐκπτώσεως.
625 2356 662 2418 ἔκ
686 2373 723 2418 τε
746 2345 809 2439 γάρ
838 2355 898 2420 τοῦ
918 2345 1027 2438 κήπου
1053 2347 1161 2426 αὐτοῦ
1266 2359 1268 2364 ’

193 2455 298 2536 γῦπες
323 2448 485 2531 νεοσσοὺς
509 2445 673 2538 ἐξήλασαν
695 2447 816 2537 ἀετῶν,
842 2453 898 2521 καὶ
924 2453 956 2534 ἐξ
974 2448 1159 2539 ἀνδρῶνος,

196 2553 233 2618 έν
245 2543 272 2642 ᾦ
285 2553 494 2621 συνειστιᾶτο
509 2557 631 2640 φίλοις,
650 2547 725 2640 ὄφις
742 2554 845 2640 μέγας
865 2554 1039 2640 ἐπιφανείς
1056 2547 1162 2622 αὐτόν

194 2677 231 2719 τε
253 2652 310 2720 καλ
339 2647 417 2732 τούς
442 2658 621 2734 συσσίτους
652 2655 793 2740 ἐξέβαλε.
838 2651 893 2723 διά
917 2681 967 2724 τοι
996 2657 1102 2723 ταῦτα
1126 2655 1161 2735 ές

194 2749 353 2842 Δελφούς
376 2760 474 2824 Τίτου
491 2780 527 2825 τε
544 2757 601 2823 καὶ
613 2751 797 2844 Ἀρροῦυτα
814 2754 892 2836 τοὺς
910 2751 1005 2835 υίοάς
1023 2760 1159 2843 ἔπεμψε.
1174 2774 1202 2816 2⁵

195 2857 254 2923 τοῦ
274 2854 311 2924 δὲ
332 2849 542 2936 ’Λπόλλωνος
565 2853 749 2945 χρήσαντος
772 2855 847 2928 τότε
864 2863 923 2946 τῆς
946 2852 1048 2946 ἀρχῆς
1060 2854 1160 2925 Ιέκιτε-

196 2968 331 3027 σείσθαι
350 2951 454 3026 αὐτὸν
471 2985 526 3027 οτε
543 2954 636 3028 κύων
653 2985 751 3048 φωνη
737 2954 971 3049 ἀνθρωπίνη
990 2955 1161 3048 χρήσαιτο,

194 3052 340 3144 ἀγαθαῖς
368 3054 537 3130 ἐλπίσιν
516 3056 647 3150 ηοέρητο
657 3113 667 3148 ,
691 3059 736 3149 μή
753 3089 772 3130 ο
774 3067 883 3149 ίηθείς
901 3087 981 3130 ποτε
1001 3060 1162 3198 γενέσθαι

195 3152 232 3225 τὸ
249 3155 430 3279 μάντευμα.

264 3247 328 3332 Ην
347 3259 385 3328 δὲ
402 3259 545 3342 Λουκιος
564 3258 709 3344 Ἰούνιος
719 3259 869 3353 ἀδελφῆς
886 3290 947 3333 τον
970 3251 1162 3352 Ταρκυνίου
1175 3281 1208 3330 ³0.
1262 3317 1266 3320 .

211 3403 214 3409 ¹
266 3425 297 3474 15
316 3417 510 3503 Καπιτωλιον]
523 3427 622 3477 D1on1s
641 3427 826 3510 fragmentum
840 3429 923 3494 118.
994 3429 1027 3478 29
1048 3413 1102 3478 Ην
1124 3421 1160 3479 δὲ

195 3481 318 3551 Λούκιος
331 3482 498 3552 Ἰοννιος-
463 3508 535 3558 —p
550 3495 606 3556 117,
623 3496 653 3544 19
670 3494 770 3561 κρίνας
789 3466 898 3584 ὀρθῶς]
917 3493 1017 3562 fragm.
1032 3497 1077 3559 11,
1091 3497 1116 3548 2.
