2510 3834
200 155 241 220 74
446 157 517 212 ΙιΙΒ.
531 158 579 210 VI.
598 155 676 206 OAP.
691 155 788 208 XXVI.
801 156 914 208 XXVII.
1012 179 1014 183 ’

199 301 264 385 γῆν
294 291 521 386 ὑπενόμενεν,
555 299 613 365 ἵνα
644 297 843 387 πορρωτέρω
874 293 1096 387 προελθόντες
1128 299 1164 366 ἐν
1233 361 1251 390 ς

199 395 366 490 ἀσφαλείᾳ
389 395 593 487 ποιήσωνται
617 395 679 486 τὴν
701 393 877 468 ἀνάδυσιν.
913 393 1028 485 ὀλίγον
1050 399 1164 486 μέντοι
1251 417 1253 456 ἰ

200 503 269 570 τών
284 496 558 589 μεταλλευόντων
574 497 864 590 προχωρησάντων
888 495 1033 590 ἡτροφὴ
1050 495 1165 580 αὐτοῖς
1252 513 1253 516 ’

201 605 398 672 ἐπιλέλοιπε.
433 598 508 671 τότε
532 599 574 688 δὴ
592 598 734 681 λευκοὺς
758 597 912 672 ἐνδύεται
935 606 1165 688 χιτωνίσκους,

200 704 257 772 καλ
275 699 430 792 χλαμύδα
447 706 629 792 πορφυρᾶν
654 699 960 792 ἐμπερονησάμενος
976 697 1089 772 ’άνέδυ
1106 707 1190 788 τῆςι
1251 757 1253 760 .

153 799 158 808 “
200 808 261 892 γῆς
285 801 356 873 κατ’
380 806 511 876 ἐκεῖνον
528 800 592 893 ,τόν
617 801 720 874 τόπον
744 806 781 872 έν
805 792 1002 895 ςόπρόσθεν
1019 799 1055 872 τό
1074 793 1166 894 λερόν
1251 793 1253 796 ’

201 895 253 993 ἦν.
290 908 424 994 πρώτον
440 905 504 995 μὲν
520 895 585 977 οὖν
596 901 726 994 θάμβος
740 921 808 986 τοῖς
823 907 933 974 ἰδοῦ-σι
947 905 1165 995 προσέπεσεν,

99 1007 273 1076 Ρ1306είτα
292 1004 322 1076 δ’
344 1008 510 1097 ἐγγυτέρω
528 1001 722 1095 προσιόντες
739 1002 829 1088 ὅστις
853 1016 904 1094 είη
921 1003 1069 1094 ἠρώτων.
1107 1013 1165 1076 Σί-

202 1137 274 1197 μων
299 1109 337 1178 δδ
358 1119 475 1179 καλελν
497 1105 556 1178 τόν
579 1103 724 1197 άρχοντα
748 1111 845 1196 σφόν
868 1108 1075 1197 προσέταττε,
1111 1108 1167 1177 καλ

100 1199 275 1297 ΨΙειθῆκε
293 1211 430 1298 κληθεὶς
453 1209 624 1297 Τερέντιος
643 1207 791 1296 Ῥοῦφος,
808 1203 844 1292 ὃς
862 1207 975 1298 άρχωυ
991 1214 1049 1296 τῆς
1066 1229 1167 1298 στρα-
1179 1236 1206 1277 ιο

201 1318 273 1393 τιᾶς
297 1315 535 1396 κατελέλειπτο.
579 1301 606 1404 ᾦ
629 1317 797 1400 γνωρίσας
820 1307 910 1392 ὅστις
934 1300 976 1398 ἦν
1004 1307 1023 1379 ὁ
1048 1317 1167 1398 Σίμων

202 1409 403 1502 συνελήφθη
427 1415 482 1482 καὶ
507 1413 621 1493 δεθεὶς
646 1409 854 1501 ἐφυλάττετο.
895 1417 941 1505 τῷ
961 1412 1001 1480 δέ
1018 1438 1057 1498 γε
1080 1417 1166 1504 Τίτῳ

202 1512 223 1602 ἡ
244 1511 408 1602 σύλληψις
434 1510 537 1584 αὐτοῦ
556 1517 724 1602 ἐδηλοῦτο.
761 1515 817 1582 καλ
835 1508 853 1582 ὁ
870 1513 932 1602 μὲν
950 1519 997 1594 είς
1014 1508 1074 1582 τὸν
1092 1519 1168 1603 θρί-

203 1621 312 1704 αμβον
331 1618 488 1703 ἐτηρεῖτο,
506 1611 586 1684 καθ’
607 1609 647 1684 όν
664 1616 720 1684 καλ
737 1609 890 1704 άνηρέθη
907 1611 1035 1705 ιἰγχόνη
1053 1614 1168 1703 συρεὶς

204 1719 239 1785 έν
257 1719 299 1805 τῇ
315 1715 398 1785 κατά
414 1713 476 1804 τὴν
488 1713 616 1804 Ῥώμην
632 1711 754 1808 ἀγορᾷ,
771 1713 857 1785 ὅπου
875 1722 1020 1786 κτείνειν
1032 1709 1167 1803 Ῥωμαί·
1181 1741 1206 1783 ιε

202 1845 250 1897 οις
270 1827 413 1888 είθισται
429 1815 508 1898 τοὺς
527 1818 581 1887 ἐπὶ
599 1823 783 1909 κακουργία
800 1819 1084 1906 θανατουμένους.

284 1924 388 2006 Τοῦτο
411 1918 474 2008 μὲν
491 1907 554 1989 οὖν
570 1919 687 2008 γέγονε
710 1920 803 1999 τέλος
826 1924 873 2012 τςό
896 1921 956 1988 τοῦ
974 1915 1087 2004 Γιώρα
1103 1922 1170 1990 Σί-
1252 1929 1254 1932 ’

202 2039 301 2109 μωνι·
326 2015 481 2108 Ἰωάννης
505 2023 560 2107 δέ,
594 2017 736 2110 ἡλοιπὴ
759 2022 827 2091 τών
846 2016 1018 2091 Ἰουδαίων
1042 2017 1167 2108 ἐρινύς,

204 2120 309 2210 δεσμά
333 2128 515 2210 κατεκρίθη
541 2127 686 2210 διηνεκῆ.
731 2119 769 2191 τό
793 2121 830 2191 δὲ
853 2125 922 2191 τών
948 2117 1169 2210 αἰχμαλώτων

170 2226 333 2311 Βπληθος
355 2222 393 2293 τό
417 2224 480 2312 μέν
504 2229 552 2305 είς
574 2222 615 2293 τά
640 2218 713 2292 κατ’
734 2231 908 2310 Αἴγυπτον
931 2228 1012 2312 ἔργα
1037 2219 1169 2310 ἐστάλη,
1182 2249 1207 2289 ιο

202 2324 239 2394 τό
272 2325 309 2393 δλ
341 2327 377 2393 ἐν
407 2339 480 2405 ταῖς
510 2322 592 2394 κατά
624 2325 735 2406 πόλεις
765 2325 979 2413 τελουμένοις
1008 2329 1170 2413 θεωρίαις

204 2429 381 2514 ἐφθείρετο
399 2420 419 2512 ἢ
437 2431 673 2515 θηριομαχίαις
697 2423 913 2515 ἐκδιδόμενον
930 2421 951 2513 ἢ
969 2421 1171 2513 ἀλληλοκτο-

203 2522 377 2614 νοόμενον.
420 2519 441 2614 ἡ
461 2525 498 2595 δέ
515 2529 575 2597 του
592 2533 749 2616 Σίμωνος
772 2532 879 2616 γῆθεν
903 2523 1065 2607 άυάδνσις
1082 2523 1171 2595 πολὺ

203 2628 260 2695 καλ
276 2633 345 2696 τῶν
362 2623 475 2698 ἄλλων
488 2630 696 2698 στασιαστῶν
708 2634 838 2717 πλῆθος
854 2625 1073 2720 εὑρίσκεσθαι
1086 2625 1172 2697 κατά

165 2793 168 2796 ,
203 2725 281 2808 τούς
302 2725 493 2818 ὑπονόμους
517 2731 689 2818 ἐποίησεν,
714 2726 758 2810 ὡς
782 2733 943 2801 ἐντεῦθεν
967 2731 1023 2799 καλ
1045 2725 1086 2798 τά
1109 2731 1170 2800 τοῦ
1183 2753 1211 2796 ει

202 2831 290 2900 ναοῦ
306 2823 536 2919 άνορυχθῆναι
552 2833 702 2920 θεμέλια.

151 2927 191 2990 27
283 2930 333 3001 Οό
350 2928 456 3020 μόνον
470 2931 507 3002 δὲ
518 2947 587 3013 τοῖς
601 2934 638 3002 ἐν
651 2926 889 3023 Ἱεροσολύμοις
903 2929 1076 3012 Ἰουδαίοις
1091 2932 1172 3018 ἐπῇ-

203 3059 261 3102 κτο
284 3037 461 3121 κίνδυνος,
487 3027 573 3104 ἀλλὰ
589 3034 646 3103 καλ
664 3048 733 3114 τοῖς
753 3035 789 3104 ἐν
809 3050 882 3114 ταῖς
900 3029 1017 3114 ἄλλαις
1041 3028 1170 3102 πόλεσι.

203 3129 313 3202 πάντα
337 3133 375 3203 δέ
400 3131 628 3222 διηγήσασθαι
650 3133 831 3223 δύσεργον·
863 3135 903 3205 τά
927 3131 961 3205 δ’
988 3130 1040 3204 ἐπ’
1067 3129 1174 3204 Ἀντι-

202 3240 312 3322 οχείας
330 3251 398 3314 τοϊς
417 3238 551 3324 ἐκείνην
568 3240 718 3306 οίκοῦσιν
738 3231 912 3318 Ἰουδαίοις
935 3232 1174 3324 συμβεβηκότα
1187 3259 1215 3300 εο

202 3389 405 3399 -ῌ-..ῇ-...η-

271 3463 339 3528 Cap.
354 3465 396 3515 2⁷.
420 3463 532 3532 Iosephi
545 3465 617 3518 Belli
628 3466 737 3518 Iudaici
750 3470 774 3527 7,
787 3468 812 3529 δ.
825 3470 907 3532 3-5,
920 3468 943 3529 ὃ.
957 3469 982 3518 2.
