2562 3814
165 172 226 238 148
471 177 547 227 LIB.
561 177 623 228 Vn,
644 177 723 228 OAP.
737 179 809 233 XXI.
828 251 836 270 ι

62 314 322 408 νίΠοιΜάρκιος
342 313 486 408 Φούριος
502 315 675 407 Κάμιλλος.
702 313 738 398 δς
754 318 957 407 προσβαλών
974 323 1015 410 τη
1032 318 1129 391 πόλει

164 421 235 490 ε’πεὶ
252 417 355 488 οὐδὲν
371 415 493 506 ἤνυεν,
515 417 675 508 ὑπόγειον
692 417 840 508 ὠρύξατο
861 425 981 491 δίοδον
998 419 1128 514 πόρρω-

163 535 227 592 θεν
248 516 434 611 Ιάρξάμενος
459 523 491 600 ἐς
514 521 577 610 την
591 518 783 608 ’ἀκρόπολιν
806 521 986 610 φέρουσαν.
1024 549 1129 615 παρε-

163 623 450 710 σκευασμένου-δὲ
467 619 532 712 ἤδη
549 627 609 693 τοῦ
625 617 816 711 ύπονόμου,
841 623 912 692 ἐπεὶ
936 623 1053 694 πολλοὶ
1072 628 1129 696 καὶ

162 721 227 794 άπὸ
244 730 302 814 τῆς
320 721 444 814 Ῥάμης
463 720 552 820 αύτῷ
570 721 831 815 προσεχώρησαν
849 727 1042 814 ἐθελονταί,
1066 752 1154 798 πα-ι

129 846 152 896 Β
166 825 323 916 ραλαβοδν
340 824 516 908 κάκείνους
528 829 715 917 προσέβαλε
727 829 770 916 τῇ
783 823 876 896 πόλει
887 828 944 895 καί
962 826 1130 918 πανταχό-

161 941 227 1000 θεν
249 927 286 998 τὸ
308 945 415 1017 τεῖχος
436 925 624 998 ἐκύκλωσε·
655 931 723 998 τῶν
749 923 782 996 δ’
803 923 894 1009 ἐντός
919 931 996 1018 περὶ
1019 927 1128 999 πάντα

160 1029 219 1100 τόν
237 1023 417 1121 περίβολον
434 1031 703 1119 σκεδασθέντων,
722 1035 847 1099 ἔλαθον
865 1032 972 1119 ἕτεροι
989 1029 1043 1100 διά
1060 1035 1129 1102 των

161 1130 343 1221 ὑπονόμων
361 1130 536 1222 γεγονότες
555 1129 657 1214 ἐντός,
694 1129 839 1219 ἁλούσης
863 1131 902 1200 δέ
925 1135 984 1219 τῆς
1001 1131 1128 1214 πόλεως

158 1236 218 1304 ,καὶ
235 1236 303 1309 τοῖν
324 1229 494 1324 Ῥωμαίων
518 1231 767 1325 διαρπαζόντων
789 1231 830 1302 τά
855 1229 1013 1324 ἐναύτῇ,
1038 1231 1128 1323 δρων
1141 1266 1167 1306 ιο

131 1409 134 1414 ,
161 1331 227 1406 άπὸ
243 1339 302 1424 τῆς
323 1333 430 1427 ,ἄκρας
452 1331 470 1406 ό
489 1333 656 1424 Κάμιλλος
679 1334 720 1405 τδι
743 1331 952 1424 πραττόμενα
977 1339 1129 1419 ἐστέναξε

155 1439 218 1507 καὶ
242 1437 407 1531 ἐδάκρυσε
425 1445 483 1509 καί
500 1427 552 1508 “ά
574 1431 686 1525 θεοί”,
711 1443 793 1528 ἔφη,
819 1435 876 1507 “εί
890 1465 939 1518 τις
959 1431 1128 1526 Ῥωμαίοις

160 1537 331 1629 ὀφείλεται
347 1542 479 1629 νέμεσις
496 1545 600 1626 τῆσδε
617 1541 675 1627 τῆς
695 1533 876 1628 εὐπραγίας
894 1535 1127 1629 ἀντίστροφος,

162 1637 299 1730 εὔχομαι
329 1639 455 1729 ταύτην
484 1649 532 1723 είς
558 1639 703 1730 ἐμαυτόν
727 1635 955 1728 τελευτησαι.”
997 1639 1059 1728 τὴν
1091 1642 1128 1710 δέ

161 1744 220 1830 τῆς
238 1749 329 1824 λείας
348 1740 490 1830 δεκάτην
509 1739 628 1825 ἐξελών
654 1737 806 1814 άκόντων
828 1745 897 1812 τῶν
915 1745 1128 1832 στρατιωτῶν
1143 1770 1167 1811 15
1252 1804 1255 1808 .

159 1841 302 1935 άνέθετο
320 1850 367 1940 τῷ
383 1841 584 1934 Ἀπόλλωνι,
611 1839 716 1935 εὐχὴν
732 1847 829 1914 τούτο
846 1845 933 1935 πρὶν
945 1841 1129 1934 ποιησάμε-

158 1977 229 2030 ν.ος
265 1915 406 2020 άνέθετο
432 1947 470 2018 δέ
493 1949 550 2017 καὶ
573 1949 721 2037 κρατηρα
744 1951 895 2035 χρυσοῦν
918 1947 954 2015 ἐκ
976 1951 1037 2015 τοῦ
1060 1949 1129 2016 τεόν

160 2078 334 2138 γυναικων
358 2044 486 2140 κόσμου
508 2049 750 2138 πεποιημένω
786 2043 867 2117 ἄνθ’
893 2074 934 2116 ου
961 2075 1039 2136 τιμη
1069 2044 1128 2117 αύ-

160 2168 233 2234 ταῖς
236 2179 452 2276 παραχρημα
471 2149 651 2240 ἐψήφιστο
672 2177 692 2237 η
680 2138 789 2218 ’δὲ
767 2178 810 2238 ην
827 2176 864 2218 το
851 2143 967 2217 ἐπΗ
952 2144 1127 2238 σχημάτων

161 2249 264 2335 αύτάς
289 2258 322 2335 ἐς
346 2253 404 2335 τάς
427 2251 632 2342 πανηγύρεις
655 2253 793 2340 φοιτᾶν,
817 2243 1004 2342 αύτοποδίᾳ
1029 2255 1127 2337 βαδι-
1140 2277 1167 2318 εο

92 2367 94 2372 ’
127 2352 293 2439 Οζούσαις
316 2352 479 2446 πρότερον
504 2359 537 2436 ἐς
560 2350 672 2434 αύτάς.
708 2355 754 2446 τῷ
779 2351 816 2422 δέ
834 2321 995 2445 Καμίλλφ
1020 2373 1125 2441 προσ-

161 2453 308 2546 ώχθισεν
330 2454 348 2526 δ
368 2461 470 2544 δῆμος
489 2458 545 2526 καὶ
563 2455 759 2544 ἐνεμέσησε,
783 2452 820 2523 τδ
839 2453 901 2543 μὲν
924 2449 973 2524 ότι
989 2451 1051 2541 τὴν
1070 2459 1128 2523 δε-

159 2555 265 2646 κάτην
281 2560 351 2652 τοῖν
368 2555 531 2649 λαφύρων
549 2554 612 2627 οὐκ
630 2560 730 2648 ἐντῷ
749 2554 992 2644 διαρπάζεσθαι
1009 2557 1125 2642 ταῦτα,

159 2656 244 2730 άλλδι
261 2663 380 2750 καιροῦ
398 2656 625 2750 παρελθόντος
645 2659 848 2752 ἐξείλετο-τῷ
865 2664 953 2750 θεῷ,
971 2655 1008 2726 τό
1027 2654 1059 2725 δ’
1077 2655 1127 2726 ὅτι

160 2759 201 2831 τά
222 2790 258 2832 τε
283 2757 367 2832 άλλα
391 2765 543 2852 σοβαρῶς
570 2757 795 2851 ἐθριάμβευσε
818 2760 874 2828 καλ
899 2760 1027 2848 πρῶτος
1047 2757 1165 2838 ‘Pa-25

159 2871 269 2953 μαίων
287 2867 398 2957 λευκῷ
414 2869 592 2957 τεθρίππῳ
609 2859 649 2932 τδι
668 2864 814 2933 ἐπινίκια
831 2868 988 2952 ἔπεμψεν.

230 2965 273 3037 Ἡ
295 2967 333 3036 δὲ
356 2972 424 3035 τῶν
447 2969 621 3035 ἐπινικίων
645 2960 777 3053 πομπή,
808 2957 852 3051 ἣν
874 2963 931 3049 καί
954 2967 1125 3050 θρίαμβον

160 3064 314 3156 ἐκάλουν,
332 3064 444 3138 τοιάδε
461 3095 510 3148 τις
530 3069 664 3156 ἐγίνετο.
693 3064 748 3134 ότε
765 3093 797 3134 τι
815 3063 1027 3153 κατωρθάθη
1040 3066 1125 3153 μέγα

124 3233 127 3239 .
158 3169 213 3236 καὶ
233 3168 407 3240 ἐπινικίων
426 3165 578 3259 ἐπάξιον,
603 3163 817 3259 αὐτοκράτωρ
841 3165 961 3236 αὐτίκα
983 3159 1001 3235 δ
1025 3185 1126 3256 στρα-

159 3365 330 3418 Οεωὶλίοεο.
345 3371 420 3420 5-8
428 3369 544 3436 paucus
556 3369 670 3420 mutans
684 3373 711 3420 et
725 3367 827 3419 addms
840 3383 874 3417 ex
886 3366 990 3428 Dmne
1004 3367 1035 3414 ut
1046 3363 1124 3414 v1de

158 3439 216 3484 tur·
242 3437 288 3484 oui
303 3407 453 3487 tribuend'a
476 3452 536 3488 esse
561 3441 644 3488 etiam
667 3453 737 3502 quae
754 3431 795 3486 δε
816 3433 953 3500 triumpho
976 3403 1125 3484 fiarrantur

158 3507 269 3554 constat
280 3519 314 3553 ex
327 3503 396 3554 Tzet
385 3509 430 3554 ττι
444 3503 479 3556 ad
490 3506 525 3556 fr
538 3507 580 3570 24,
594 3508 617 3569 7,
632 3506 812 3570 e1tatop32
1047 3521 1049 3525 ·
