2562 3814
198 89 258 154 176
525 91 595 140 ειε
608 90 685 142 vm.
705 90 783 144 σεε.
796 91 831 140 11

196 216 368 352 σχεθῆναι.
406 231 613 352 συνθέμενος
638 230 675 298 66
698 233 819 318 ταῦτα,
844 225 920 311 τούς
943 230 1005 328 μέν
1027 237 1165 314 πλείους

195 336 263 402 ταῖν
286 325 509 421 πρέσβεων
485 360 530 412 ως
553 329 594 400 τὰ
617 329 847 421 στρατεύματα
872 326 962 423 αύτφ
987 353 1167 423 συμπαρα-

196 431 421 558 σκευύσοντρις
441 436 477 503 ἐν
494 431 634 524 ὁμηρείᾳ
651 434 824 557 κατέσχεν,
835 401 976 548 ὀλίγους
995 432 1028 503 6'
1051 431 1144 517 66'
1102 463 1165 505 αυ-

6 519 101 628 6¹6·
65 539 140 668 νή
162 542 264 606 Οτοῖν
281 534 386 606 καὶ
355 563 414 657 τρν
432 537 559 608 Κινέαν
575 537 768 625 προέπεμψε
786 511 851 606 666
869 539 1008 628 στρατῷ
1047 533 1165 606 ἐλθόν-

195 665 264 708 των
287 635 318 706 6
346 632 459 708 αύτῶν
482 641 518 706 οί
543 646 744 762 Τριραντίνοι
772 633 1005 728 θαρσήσαντες
1034 665 1103 710 τιον
1129 666 1204 708 τεσ

191 743 412 862 καταλλαγρῖν
429 743 497 808 τῶν
514 735 595 858 πρός
609 736 731 827 Ρωμαί
729 765 788 818 ους
812 736 995 829 σἰπέσχοντο
1020 739 1134 808 καὶ
1102 769 1166 812 τον

191 829 284 928 Αγιν
302 837 491 922 παύσαντες
515 843 574 928 τής
592 843 835 929 στροτηγίας”
814 868 874 910 ενα
897 847 967 910 τοῖν
989 843 1166 930 πρέσβειον

197 940 452 1033 ἐχειροτόνησαν
475 939 668 1031 στρατηγόν.
710 937 777 1030 μετ’
804 939 844 1012 06
870 940 956 1012 πολύ
982 943 1018 1012 66
1042 950 1165 1014 Μίλων

196 1041 263 1114 ὑπό
280 1047 342 1112 τού
353 1041 496 1134 Πύρρου
509 1041 574 1113 σύν
594 1041 735 1131 δυνάμει
752 1045 921 1134 πεμφθείς
934 1041 997 1132 τήν
1013 1072 1049 1115 τε
1066 1041 1164 1134 ἆκρό-

196 1154 294 1216 πολιν
312 1143 424 1216 αὐτῶν
442 1148 475 1226 ἐς
492 1141 554 1233 τήν
572 1147 702 1214 ἐκείνου
715 1143 885 1233 ύποθοχήν
899 1143 1090 1234 κατειλήφει
1107 1148 1163 1218 καλ
1178 1175 1203 1216 ιο

194 1243 257 1336 τήν
274 1249 334 1318 τού
350 1254 481 1336 τείχους
498 1243 653 1337 φρουρὰν
669 1243 726 1334 ὑφ’
747 1247 867 1316 ἑαυτὸν
886 1245 1070 1336 ίποιήσατο,
1107 1251 1165 1318 καλ

165 1342 169 1348 ’
195 1353 230 1418 oc
242 1357 439 1436 Ταραντῖνοι
457 1349 512 1418 ἐπὶ
529 1345 657 1429 τούτοις
675 1354 820 1439 ἔχαιρον,
840 1347 883 1429 ὡς
900 1347 983 1438 μήτε
1000 1367 1165 1440 φρουρεῖν

195 1447 266 1539 μήτ’
287 1447 367 1520 ἄλλο
385 1479 416 1520 τι
435 1454 600 1520 ἐπίπονον
617 1448 798 1539 ὑπομένειν
816 1445 1089 1543 ολναγκαζόμενοι,
1106 1454 1163 1521 καλ

196 1550 309 1632 αὐτοῖς
332 1548 457 1640 τροφός
489 1548 671 1640 ἐχορήγουν
700 1553 754 1622 καὶ
787 1555 832 1645 τῷ
857 1550 985 1646 Πύρρῳ
1014 1551 1164 1643 χρήματα

197 1660 352 1742 ἔπεμπον
796 1695 799 1699 -
1175 1681 1200 1721 ιε

268 1743 389 1824 Οούν
415 1758 569 1842 Αίμίλιος
593 1755 674 1835 τέως
687 1754 759 1844 μλν
783 1752 867 1824 κατὰ
894 1752 1008 1846 χύραν
1033 1761 1163 1845 ἔμενεν,

162 1855 270 1925 Βέπελ
295 1855 332 1924 66
354 1852 432 1938 τούς
455 1883 491 1926 τε
514 1861 705 1946 Πυρρείους
731 1852 872 1945 ἥκοντας
896 1862 999 1946 ἔγνω,
1026 1859 1082 1928 καὶ
1106 1855 1163 1928 θιύι

194 1954 254 2026 τόν
271 1964 418 2046 χειμῶνα
435 1973 696 2046 προσκαρτερεῖν
713 1953 775 2047 ούχ
792 1954 862 2038 οἷός
875 1985 911 2026 τε
930 1947 1036 2047 ήν,ς
1004 1962 1036 2039 ές
1046 1955 1163 2030 ’·Απου

195 2054 318 2128 λίαν”
291 2081 463 2184 ωρμησεν.
493 2064 529 2130 οί
544 2059 582 2130 66
604 2069 803 2148 Ταραντῖνοι
827 2067 864 2130 έν
887 2089 954 2130 τινι
971 2059 1162 2154 στενοπόρρι

195 2167 322 2256 χωρίῳ,
348 2159 393 2232 δι’
421 2149 463 2230 06
486 2158 681 2232 θιελθεῑν’
664 2158 814 2249 ανάγκην
838 2159 922 2250 είχε,
949 2160 1159 2251 λοχήσαντες,
1174 2186 1201 2228 εο

195 2257 323 2353 ἄπορον
340 2258 430 2356 αύτῷ
448 2259 509 2350 τήν
527 2269 670 2351 πορείαν
688 2266 825 2333 ἐποίουν
841 2259 1078 2388 τοξεύμασιν’
1061 2289 1159 2332 ακον·

194 2368 331 2452 τίσμασί
352 2391 389 2433 τε
407 2365 461 2433 καλ
486 2362 768 2453 σφενδονήμασιν.
804 2393 822 2434 ο
811 2358 879 2436 δὲ
896 2364 974 2446 τούς
992 2363 1161 2455 αἰχμαλώ-

193 2492 271 2547 τους
289 2469 403 2553 σφύν,
428 2459 486 2546 οὓς
505 2463 661 2554 ἐπήγετο,
685 2465 864 2555 προήγαγε.Δ
880 2556 884 2563 Ι
898 2469 1107 2555 φοβηθέντες
1126 2461 1159 2536 6'

194 2568 229 2635 οί
250 2573 449 2655 Ταραντῖνοι
465 2565 510 2656 μή
528 2565 605 2648 τούς
622 2571 804 2659 σφετέρους
822 2564 897 2638 ἀντὶ
915 2567 1161 2659 τύνῬιομαίυν

193 2661 413 2757 ἀπολέσωσιν,
434 2665 630 2739 ἐπαύσαντο.
1175 2695 1201 2737 ²⁶

265 2767 300 2842 ‘0
331 2769 369 2840 66
396 2768 533 2861 Πύρρος
563 2768 645 2840 0666
677 2767 714 2841 τό
746 2777 805 2862 ἔαρ
835 2769 1018 2861 ἀναμείνας
1048 2766 1162 2862 ἆπήει,

194 2868 381 2962 στράτευμά
398 2899 435 2942 τε
452 2869 538 2943 πολύ
555 2874 612 2942 καὶ
631 2879 781 2964 ἔκκριτον
799 2870 1002 2962 ἐπαγόμενος
1020 2874 1076 2944 καὶ
1095 2873 1163 2942 ἐλέ-

193 3001 321 3060 φαντας
340 2984 463 3062 είκοσι,
482 2977 548 3067 ζῷα
565 2971 664 3062 μήπω
681 2972 844 3066 πρότερον
870 2991 938 3056 τοῖς
957 2977 994 3046 έν
1017 2981 1058 3064 τῇ
1078 2972 1163 3048 Ἰτα-

92 3079 251 3166 ΡΙδῚθλίφ
268 3074 434 3163 ὀφθέντα·
454 3071 538 3147 ὅθεν
552 3074 791 3166 ἐξεπλήσσοντο
803 3077 890 3148 καὶ
874 3074 1071 3166 ἐθαύμαζον.
1096 3103 1163 3166 χει-

80 3219 84 3227 .
193 3181 280 3264 μύνι
299 3177 337 3246 66
354 3177 545 3268 περιπεσὼν
561 3177 598 3248 τό
612 3175 728 3250 Ἰόνιον
753 3175 993 3270 περαιούμενος
1016 3177 1163 3260 πολλούς
1176 3205 1201 3246 ao

193 3271 345 3350 όπόλεσε
362 3286 423 3350 τού
440 3277 732 3371 στρατεύματος,ο
714 3285 786 3404 ρίθ
763 3282 930 3352 θελοιπολ
947 3309 993 3375 τρι
979 3277 1163 3352 κλύδωνι

194 3377 458 3469 ἐσκεδάσθησαν.
505 3380 600 3471 μόλις
633 3379 666 3455 6'
692 3372 755 3454 οὖν
786 3381 948 3488 πεζεύσας
970 3351 1085 3472 ήλθεν
1114 3389 1174 3464 είς·
