2562 3814
153 153 214 218 ffl
474 152 794 208 mmmm

151 293 215 384 χὴν
237 293 274 364 τό
301 291 459 384 δεύτερον
487 294 637 380 αἱρεθεὶς
666 295 722 363 καὶ
747 288 858 383 μάχην
883 289 1037 376 συνάψας
1060 295 1116 362 καὶ

151 397 412 486 τραυματισθείς
431 391 585 484 φοράδην
602 398 660 483 τῆς
677 391 783 484 μάχης
801 397 1009 484 έξεκομίσθη.
1045 398 1117 464 έπι-

151 498 309 588 κειμένου
327 497 365 567 δὲ
382 502 442 566 τοῦ
459 503 614 588 Πορσίνα
635 502 677 586 τῇ
695 495 789 566 πόλει
807 495 901 585 λιμὸς
914 493 1117 585 ἥπτετοτολν

149 592 325 689 Ῥωμαίων.
368 605 405 668 ἔκ
428 625 516 679 τινος
549 599 585 668 δὲ
609 594 859 688 συμβεβηκότος
883 591 905 686 ἢ
929 603 1056 686 μᾶλλον
1081 601 1117 670 ἐκ

152 705 311 792 προνοίας
328 700 511 788 γενομένου
528 693 546 768 ὁ
565 706 736 790 Πορσίνας
758 698 819 770 τόν
836 697 918 788 πρὸς
937 696 1143 789 Ῥοιμαίουςε
1270 737 1272 742 ·

151 802 313 872 κατέλυσε
336 799 490 890 πόλεμον.
526 797 612 892 ἀνὴρ
635 799 700 892 γάρ
723 829 772 882 τις
796 798 949 884 Μούκιος
973 798 1116 892 Κόρδος,

153 911 201 984 είς
219 909 330 973 πᾶσαν
347 899 470 992 ἀρετὴν
487 897 627 992 ἀγαθός,
647 905 682 972 έν
702 902 739 972 ὄλ
755 918 824 982 τοῖς
838 912 1028 992 πολεμικοῖς
1046 899 1117 992 ἀρι·

117 1026 247 1094 Βστος,
273 1002 441 1086 Σκαιόλας
465 1000 528 1092 τὴν
552 1004 741 1094 ἐπίκλησιν,
772 998 791 1072 ό
815 1008 914 1092 δηλοῖ
934 1001 993 1074 τόν
1014 1001 1117 1094 μονό-

151 1135 245 1198 χειρα
268 1099 352 1195 ἢμὴ
374 1103 578 1196 ἀρτιόχειρα,
602 1104 660 1176 τόν
678 1109 853 1196 Πορσίναν
875 1103 1009 1176 ἀνελεῖν
1031 1111 1116 1193 βου-

151 1203 357 1296 λευσόμενος
380 1211 556 1298 παρῆλθεν
583 1213 631 1288 είς
653 1205 691 1277 τὸ
715 1210 847 1278 ἐκείνου
876 1203 1115 1297 στρατόπεδον,
1130 1237 1156 1278 ιο

156 1314 350 1398 Τυρσηνίδα
387 1312 504 1398 φορεῖν
538 1311 664 1398 ἐσθῆτα
699 1310 754 1378 καὶ
784 1305 883 1400 ὁμοίᾳ
917 1309 1117 1398 κεχρημένος

151 1413 259 1500 φωνῇ.
308 1411 363 1482 καὶ
393 1416 507 1499 σαφῶς
538 1410 600 1499 μὲν
629 1406 688 1480 τόν
717 1416 892 1498 Πορσίναν
917 1407 979 1480 οὐκ
1006 1409 1116 1497 είδοός,

153 1513 291 1603 ἐρέσθαι
310 1512 347 1582 δὲ
367 1510 503 1600 δεδιώς,
525 1509 584 1581 τόν
601 1514 794 1600 γραμματέα
819 1508 925 1582 αὐτοῦ
942 1509 1118 1600 συγκαθην

44 1643 46 1647 ’
151 1641 254 1702 μενον
272 1607 361 1705 αὐτῷ
379 1614 436 1682 καλ
452 1610 573 1701 ὁμοίως
596 1619 714 1702 ἔχοντα
738 1615 796 1700 της
812 1619 931 1702 στολῆς
948 1610 1117 1702 σπασάμε-

151 1741 208 1794 νος
226 1711 262 1782 τὸ
280 1717 375 1802 ξίφος
392 1709 575 1784 ἀπέκτεινε.
606 1715 664 1784 καὶ
682 1715 890 1803 συλληφθεὶς
908 1709 1114 1804 ἀνεκρίνετο·
1130 1743 1157 1784 ιε

151 1818 325 1904 ἐσχαρίδος
344 1817 385 1884 δέ
399 1839 487 1898 τινος
504 1821 551 1907 τῷ
569 1821 722 1908 Πορσίνᾳ
744 1817 897 1905 μέλλοντι
920 1813 1021 1888 θύειν
1043 1813 1117 1886 τότε

151 1917 414 2006 κεκοσμημένης,
445 1912 624 2006 ὑπερσχὼν
648 1917 711 2006 τὴν
735 1932 830 2006 χεῖρα
859 1919 1035 2006 καιομένης
1058 1919 1118 2005 της

154 2016 276 2108 σαρκός
312 2015 458 2106 εἱστήκει
493 2015 575 2107 πρός
609 2015 669 2089 τόν
705 2025 881 2109 Πορσίναν
915 2016 1117 2106 ἀποβλέπων
1280 2104 1281 2109 ¹

151 2116 301 2213 ἀτρέπτῳ
326 2117 512 2214 προσώπῳ,
536 2118 620 2192 ὅθεν
643 2117 734 2213 αὐτῷ
756 2122 815 2208 τῆς
838 2119 946 2209 χειρός
967 2127 1117 2210 φθαρεί-
1204 2197 1211 2203 .
1276 2197 1279 2205 ,

151 2242 211 2309 σης
236 2221 365 2309 ἐγένετο
394 2217 415 2310 η
441 2227 628 2309 ἐπίκλησις,
659 2223 754 2312 μέχρι
778 2219 957 2310 θαυμάσας
989 2224 1115 2302 έκείνος
1128 2251 1156 2291 εο

50 2321 283 2410 Ρ1336ἀφηκεν
302 2319 418 2392 αότόν.
453 2317 472 2392 ό
491 2324 528 2392 δὲ
545 2319 713 2404 Σκαιόλας
732 2325 845 2412 ἕτερον
861 2321 986 2410 τρόπον
1005 2327 1117 2410 ἐσοφί-

150 2444 230 2493 σατο
246 2422 305 2493 τὸν
319 2421 456 2513 ἐχθρόν,
474 2425 530 2494 καλ
545 2422 616 2494 εἷπε
629 2416 711 2494 “τόν
723 2422 832 2513 φόβον
851 2445 931 2513 σου,
949 2431 1115 2514 Πορσίνα,

150 2523 333 2611 νενικηκός
356 2520 500 2614 ἥττημαί
521 2546 583 2596 σου
606 2528 665 2614 της
688 2523 824 2617 ἀρετῆς,
850 2528 908 2596 καλ
930 2523 1038 2616 χάριτι
1055 2553 1116 2614 μη-

151 2623 223 2696 υόοι
248 2617 270 2692 ἀ
293 2622 377 2715 πρός
400 2622 551 2715 ἀνάγκην
580 2622 643 2698 οὐκ
666 2623 709 2696 ἀν
733 2624 942 2716 έξηγόρευσα.
985 2623 1117 2717 τριακό-

150 2747 216 2797 σιοι
228 2723 398 2816 Ῥωμαίων
414 2724 477 2818 τὴν
495 2724 602 2815 αὐτὴν
619 2730 690 2818 έμολ
707 2728 846 2818 γνοόμην
867 2735 997 2820 ἔχοντες
1015 2732 1053 2798 ἐκ
1069 2729 1116 2820 τῷ
1130 2755 1158 2796 τε

150 2831 364 2923 στρατοπέδῳ
381 2851 444 2900 σου
464 2834 711 2920 διατρίβουσιν,
737 2820 786 2902 οἷν
804 2829 868 2919 έγιὸ
886 2826 1117 2922 προεπιχειρή-

122 2933 127 2944 ’
150 2951 211 3011 σας
229 2927 341 3024 κληρφ
359 2929 470 3022 λαχάυ
494 2926 557 3002 οὐκ
574 2927 719 3022 ἀχθομαι
736 2938 778 3022 τῇ
795 2930 895 3023 ιόχη,
924 2929 1118 3022 διαμαρτών

150 3029 273 3120 ἀνδρὸς
297 3027 432 3120 ἀγαθοῦ
456 3034 513 3102 καὶ
536 3039 638 3120 φίλου
663 3039 789 3122 μᾶλλον
812 3027 834 3121 ἦ
856 3039 1019 3122 πολεμίου
1041 3027 1117 3103 Ῥει-

151 3138 261 3221 μαίοις
293 3133 380 3204 είναι
409 3131 666 3223 προσήκοντος.”
711 3138 873 3206 ἐντεῦθεν
900 3129 917 3204 ό
945 3139 1118 3225 Πορσίνας

151 3230 233 3322 πρός
251 3230 309 3315 τὰς
327 3232 510 3324 συμβάσεις
529 3237 658 3325 ἐγένετο
677 3233 936 3326 προθυμότερος.
1130 3261 1157 3304 ιο

224 3328 259 3404 ‘0
278 3336 316 3406 δὲ
333 3334 544 3418 Ποπλικόλας
561 3335 599 3406 τὸ
612 3343 726 3428 τρίτου
738 3334 917 3410 ὑπατεύων
928 3334 1001 3410 τότε
1013 3361 1117 3427 πρου-

151 3443 282 3506 καλεῖτο
306 3443 453 3527 συνεχῶς
475 3434 534 3510 τόν
563 3436 750 3528 Ταρκύνιον
774 3441 828 3510 ἐπὶ
851 3445 947 3530 δίκη,
978 3435 1022 3522 ὥς
1047 3439 1117 3521 ἐξε-
