2546 3822
339 202 410 256 LIB.
424 201 496 252 XIV.
516 199 593 253 OAP.
607 203 707 254 XXVI.
722 203 834 258 XXVII.
1006 205 1068 268 331
1091 222 1093 226 '

100 339 309 431 πατριάρχην
333 339 504 427 ἐξωθήσας
528 347 586 427 τής
611 345 797 430 ἐκκλησίας,
823 346 878 412 ἐπὶ
905 347 938 427 ἐξ
958 351 1013 432 ἔτη
1033 349 1070 416 ἐν

14 482 17 486 ·
100 441 207 532 ταότη
227 443 442 529 διαγαγόντα,
457 439 619 529 Ἰωάννην
632 443 795 529 ὁμόδοξον
812 443 905 540 αὐτῷ
923 447 1069 534 προεβά-

82 553 186 612 .λετο.
216 547 257 638 ὀί
272 544 383 631 μέντοι
400 543 592 630 Βοάλγαροι
609 543 671 632 τήν
686 545 824 636 Θράκην
842 545 1069 634 άπασανληι-

18 673 19 676 ’
79 644 238 732 ,σάμενοι
261 645 357 732 μέχρι
383 649 451 730 τῆς
467 643 596 724 πόλεως
620 647 835 736 κατέδραμον
856 647 988 717 ἅπαντα
1011 650 1069 716 καὶ
1168 654 1171 660 ’

8 807 11 810 ,
75 766 91 808 τ
104 752 200 814 λείαν
214 743 342 832 πολλήν
359 747 416 814 καὶ
429 746 658 834 αἰχμαλώτους
672 747 831 836 λαβόντες
845 749 968 836 σχεδόν
980 745 1101 838 δπὲρΒ

103 845 250 936 άρνθμόν
275 843 520 934 όπενόστησαν.
556 841 643 916 άλλά
666 847 735 936 μήν
759 849 815 916 καὶ
838 848 879 918 τά
905 847 1071 939 πρόςάν-

1 996 3 999 >
105 955 242 1035 ίσχοντα
259 943 354 1034 ἥλιον
373 945 498 1036 ὁμοίως
516 953 552 1016 οί
565 947 740 1038 τῆρ”Αγαρ
759 949 920 1020 διέθεντο.
949 949 1013 1020 δόο
1030 951 1071 1020 δὲ
1179 988 1182 992 ·

103 1047 345 1134 παρελθόντων
364 1051 527 1118 ἐνιαυτῶν
545 1050 601 1117 καὶ
613 1056 731 1138 μηνῶν
744 1078 857 1135 τινων,
877 1052 992 1134 ἐξότον
1010 1058 1071 1140 τῆς

103 1156 272 1236 βασιλείας
297 1149 488 1238 ἐκράτησεν,
517 1149 705 1238 ἱππήλατον
733 1152 922 1234 ἐπιτελέσας
940 1151 1070 1240 ἀγῶνα,

1 1289 2 1292 ¹
65 1273 90 1310 10
103 1251 159 1318 καὶ
177 1253 215 1318 ἐν
232 1255 279 1342 τῷ
297 1256 357 1320 τοῦ
376 1253 571 1334 Ζευξίππου
589 1250 671 1340 μετά
689 1253 750 1322 τόν
768 1250 885 1338 άγῶνα
903 1254 1069 1341 λουσάμε-

27 1435 29 1438 .
103 1379 161 1431 νος
186 1357 327 1442 λοετρῷ,
359 1359 540 1432 συσσίτους
570 1351 663 1433 τινάς
693 1358 762 1422 τῶν
791 1359 850 1440 τής
881 1353 1070 1440 συγκλήτου

103 1459 280 1539 πεποίητο,
308 1450 352 1532 ὡς
378 1449 414 1520 δ’
434 1458 514 1521 ἔνιοι
531 1455 684 1541 λέγουσι,
711 1453 791 1534 τούς
811 1457 847 1523 ἐν
864 1461 908 1545 τῇ
925 1461 993 1524 τῶν
1011 1460 1071 1524 ἐπ’·
1101 1491 1102 1494 “

103 1578 177 1621 πων
200 1551 324 1641 άμίλλη
349 1552 559 1640 νικήσαντας.
610 1563 846 1644 κατακείμενος
871 1549 936 1624 οόν
962 1559 1070 1648 ἐντῷ

104 1661 280 1746 συμποσίῳ
303 1653 393 1742 παρά
416 1681 518 1723 τινων
541 1660 610 1723 τῶν
633 1661 692 1742 τῆς
710 1664 890 1746 γερουσίας
907 1678 1071 1744 κατασχε-
1122 1718 1125 1724 .

64 1775 90 1847 15
104 1757 198 1834 σθεὶς
216 1759 410 1842 τυφλοῦται.
435 1759 540 1823 ταῦτα
558 1751 591 1823 δ’
612 1757 764 1845 ἐπράχθη
782 1755 865 1826 κατά
885 1757 920 1850 τό
940 1757 1071 1846 σάββα·

102 1866 165 1926 τοτ’
177 1861 237 1942 τής
255 1861 488 1942 πεντηκοστῆς.
514 1861 556 1945 τῇ
575 1854 608 1924 δ’
630 1859 702 1944 ἑξῆς
720 1853 795 1926 κατ’
816 1855 923 1946 αὐτήν
941 1857 1070 1948 δηλαδή

103 1956 165 2044 τήν
182 1953 412 2043 πεντηκοστήν
429 1953 668 2044 ἀθροισθέντες
686 1963 720 2027 οἵ
741 1987 776 2028 τε
794 1965 851 2046 τῆς
869 1959 1071 2048 ,συγκλήτου

72 2121 74 2125 ,
103 2063 230 2145 βουλῆς
254 2054 347 2126 καὶὸ
368 2056 523 2146 δημώδης
541 2054 637 2144 ὄχλος
658 2057 829 2146 Ἀρτέμιον
852 2059 912 2128 τόν
936 2081 1105 2148 προτοῦ

100 2163 281 2246 ἀσηκρήτις
311 2165 571 2247 προχειρίζονται
601 2155 847 2248 αὐτοκράτορα,
883 2159 1072 2247 μετονομά-
1198 2164 1200 2167 ’

58 2263 91 2318 '2⁰
105 2279 222 2338 σαντες
236 2256 463 2328 Ἀναστάσιοα

1 2360 2 2365 ’
174 2353 300 2431 Ἦνδέ
324 2352 421 2440 οὗτος
447 2358 465 2429 ὁ
490 2359 649 2447 βασιλεύς
678 2362 735 2428 καί
760 2359 873 2447 λόγοις
904 2367 1072 2442 παντοίοις
1083 2372 1127 2437 26

107 2461 280 2551 άμιληκοδς
292 2463 355 2534 καὶ
373 2461 579 2550 πραγμάτων
597 2461 798 2549 διοικήσεσιν
813 2456 1073 2551 ἐντριβέστατος.
1191 2475 1195 2479 ’

103 2557 202 2645 οὗτος
234 2563 293 2632 τόν
323 2563 531 2651 πατριάρχην
557 2561 718 2650 Ἰωάννην
746 2568 810 2632 τοῦ
841 2561 1073 2651 άρχιερατικοῦ
1113 2633 1121 2644 ,

107 2665 320 2744 κατασπάσας
338 2663 482 2751 θρόνου,
502 2663 546 2744 τός
563 2662 608 2752 μή
627 2661 827 2752 όρθόδοξον,
846 2669 902 2751 ἐτη
919 2672 995 2753 τρία
1013 2670 1073 2752 τῆς

65 2781 93 2822 25
108 2766 283 2850 ἐκκλησίας
307 2764 531 2852 κρατήσαντα,
554 2773 771 2853 μετατίθησιν
797 2769 832 2834 ἐκ
851 2771 999 2847 Κυζίκου
1019 2767 1074 2832 ἐπὶ
1102 2799 1104 2803 ·

105 2863 168 2951 τήν
188 2863 282 2952 ἱεράν
299 2866 472 2953 καθέδραν
489 2871 549 2954 τής
566 2870 739 2952 βασιλίδος
756 2872 826 2934 τῶν
843 2864 975 2934 πόλεων
986 2873 1074 2953 Γερ-

42 3053 45 3060 .
105 2965 226 3055 μανόν,
248 2961 294 3034 δν
319 2959 433 3034 άνωθί
448 2991 514 3035 που
532 2965 549 3035 ό
569 2966 668 3052 λόγος
687 2965 844 3054 ἱστόρησε
862 2964 953 3052 παρά
971 2974 1074 3035 Κων-

1 3061 2 3065 “
106 3074 286 3137 σταντίνου
304 3072 365 3134 τοῦ
381 3059 598 3153 Πωγωνάτου
616 3074 686 3136 τῶν
703 3065 914 3154 παιδογόνον
932 3063 1071 3154 άφαιρε-

104 3175 210 3254 θῆναι
233 3174 371 3256 μορίων.
407 3167 529 3256 μαθων
553 3169 591 3236 δὲ
615 3167 665 3237 ότι
692 3171 724 3250 ἐξ
745 3165 1074 3255 Ἀλεξανδρείας-ἐπὶ

65 3289 92 3331 ³⁰
108 3275 269 3356 Φοινίκην
287 3277 387 3336 πλοῖα
405 3268 659 3358 προσάρμισαν,
683 3273 740 3338 ἵνα
758 3269 843 3350 ξόλα
862 3272 995 3338 ἐκεῖθεν
1012 3283 1107 3338 aco-D
1204 3307 1208 3314 ·

104 3377 268 3460 μίσωνται
291 3369 540 3458 ναυπηγήσιμα,
568 3369 687 3439 στόλον
713 3369 886 3458 ἑτοιμάσας
904 3368 1075 3440 άπέστειλε

104 3469 182 3540 κατ’
209 3469 519 3566 αότῶν,ῃκελεόσας
543 3472 600 3540 καὶ
622 3469 702 3551 τούς
725 3475 794 3540 τόν
820 3470 977 3560 θεμάτων
995 3469 1077 3542 στό·
