2558 3820
452 221 524 276 mn.
541 221 576 276 x,
597 221 675 278 cAP.
687 223 748 278 vn,
1021 223 1084 289 357

190 355 245 431 Ἐκ
262 357 384 430 τοῦτου
401 361 542 451 πέμπων
559 354 725 452 ὁΚαῐσαρ
743 363 800 432 καί
814 359 913 444 αῦτδς
928 364 982 434 ἐπὶ
999 358 1116 436 &ara-c

3 459 4 462 ¹
114 467 210 533 τείαν
227 459 444 553 παρηγελλεν.
477 465 745 552 ἐναντιουμένων
763 459 796 532 δ’
817 466 939 556 ἕτέρωυ
956 463 1085 536 ἐσιώπα

3 654 8 658 -
113 561 299 653 Πομπήιος.
337 560 382 646 ώς
406 560 437 632 δ’
458 561 476 633 ὁ
497 571 626 654 Καίσαρ
651 562 795 647 πολλοῦς
818 565 859 635 τὰ
881 561 985 636 αῦτοῦ
1002 595 1083 658 φρο-

3 663 4 676 ³
114 681 189 736 νείν
207 663 362 736 ἀνέπεισε
379 663 540 754 χρήμασι,
565 670 677 746 δείσας
694 665 756 756 τὴν
774 664 936 738 σύστασιν
953 665 971 738 δ
989 677 1084 758 Πομ-

4 789 5 794 ’
87 767 214 862 επηιος
231 763 433 856 ἀναφανδὸν
455 762 503 838 δι’
525 769 647 838 ἑαυτοῦ
664 769 721 837 καί
738 771 807 839 τών
829 777 941 857 φίλων
964 773 1084 860 ἐπραγ-

3 893 4 896 ’
115 865 276 960 ματεῦετο
293 871 471 956 παυθῆναι
487 865 547 938 τόν
564 875 719 960 Καίσαρα
743 875 801 958 τῆς
824 867 928 962 ἀρχῆς
946 871 1082 960 ψηφιζό-

115 989 230 1060 μενος·
261 959 310 1040 ών
338 974 464 1052 ἐκεῖνος
488 967 565 1040 οὐδ’
587 967 672 1051 ὅλως
695 969 895 1060 ἐφρόντιζεν.
932 967 1027 1060 ἠξίου
1046 973 1085 1044 δέ

3 1093 5 1126 ³
114 1071 285 1161 δΚαίσαρ
309 1069 416 1141 αὐτόν
432 1099 468 1142 τε
491 1068 560 1160 ἅμα
583 1073 640 1141 καί
663 1068 722 1142 τόν
740 1073 916 1162 Πομπήιον
939 1085 1086 1144 καταθε-

114 1175 239 1264 μέυους
255 1171 296 1242 τά
313 1168 400 1243 ὅπλα
419 1177 613 1243 ἰδιωτεῦσαι
639 1175 695 1242 καὶ
719 1169 835 1263 ἀμφω·
866 1181 897 1244 εί
920 1172 951 1244 δ’
980 1171 1084 1246 αῦτόν

70 1295 100 1336 1⁰
113 1276 177 1366 μὲν
191 1272 413 1366 ἀφαιροῦνται
427 1273 489 1364 τὴν
501 1271 620 1365 ἀρχήν,
640 1279 757 1369 ἐκείνῳ
773 1275 810 1346 δέ
824 1279 1007 1366 βεβαιοῦσι,
1026 1276 1085 1348 τόν

116 1379 233 1468 ἕτερον
259 1373 539 1460 κατασκευάζουσι
563 1375 743 1467 τύραννον.
790 1381 920 1466 λέγεται
947 1381 987 1448 δέ
1008 1405 1084 1449 τινα

114 1482 184 1549 τών
201 1476 292 1568 παρὰ
310 1484 480 1570 Καίσαρος
497 1479 686 1548 σταλέντων
703 1481 904 1570 ταξιαρχών,
930 1477 1084 1570 μαθόντα

114 1577 161 1670 μὴ
179 1576 312 1648 διδόναι
329 1577 392 1668 την
409 1585 590 1669 γερουσίαν
606 1582 664 1668 τῆς
681 1577 783 1670 ἀρχῆς
800 1577 922 1671 χρόνον
939 1585 1117 1674 &Kal-1>

115 1702 219 1772 σαρι,
240 1675 338 1750 “ἀλλ’
373 1677 477 1768 αῦτη”
505 1679 611 1769 φάναι
635 1675 800 1770 “δω’σει”,
829 1679 1019 1772 κρούσαντα
1042 1689 1083 1773 τῇ

3 1795 4 1798 ’
71 1813 102 1854 ιε
116 1783 203 1874 χειρὶ
221 1781 361 1870 τὴντοῦ
379 1787 497 1871 ξίφους
521 1779 638 1870 λαβήν,
676 1783 745 1853 εἶτα
768 1781 884 1873 γνώμη
902 1781 1084 1873 είσήνεκτο,

3 1925 4 1968 3
115 1891 148 1956 εἰ
164 1882 208 1974 μὴ
228 1885 265 1954 ἐν
282 1878 451 1974 ὡρισμένῃ
465 1878 572 1976 ἡμέρα
586 1893 718 1974 Καίσαρ
730 1881 874 1956 τάῦπλα
888 1886 1084 1974 κατάθηται,

3 1995 4 1998 ’
116 1981 275 2073 ἡγεῖσθαι
292 1985 351 2055 τόν
368 1981 477 2074 ἀνδρα
490 1986 659 2075 πολέμιον.
690 1981 874 2058 Ἀντωνίου
893 1987 930 2058 δέ
943 1989 999 2056 καὶ
1017 1993 1085 2058 τοῦν

3 2155 4 2160 ,
116 2083 334 2178 πραττόντων
363 2083 403 2156 τά
430 2091 597 2174 Καίσαρος
627 2083 812 2168 ἀξιούντων
844 2089 900 2156 καὶ
931 2093 1086 2176 Καίσαρα

3 2199 5 2252 ἶ
113 2189 173 2259 καί
192 2185 371 2277 Πομπήιον
387 2185 446 2268 τάς
464 2185 567 2279 ἀρχάς
584 2182 790 2275 ἀποθέσθαι,
808 2191 849 2276 τῇ
867 2185 985 2277 γνώμη
1003 2184 1086 2258 πάν-

3 2309 8 2356 !
72 2322 102 2362 νο
114 2317 170 2372 τες
188 2291 382 2360 συνέθεντο.
421 2291 494 2360 ἐπεὶ
514 2290 550 2359 δέ
568 2285 658 2381 παρά
672 2293 843 2378 Καίσαρος
861 2279 945 2376 ἧκον
960 2289 1086 2358 ἐπιστο-

3 2413 4 2420 ’
115 2393 172 2462 λαὶ
185 2397 255 2460 τών
268 2392 329 2480 μὲν
338 2389 451 2461 ἀλλων
465 2392 690 2480 ἐξισταμένου,
704 2386 766 2478 τὴν
780 2386 814 2460 δ’
831 2389 923 2472 ἐντός
932 2386 1086 2461 ’Ἄλπεων

116 2496 282 2582 ἐπαρχίαν
299 2491 409 2562 καὶτὸ
427 2489 613 2586 Ἰλλυρικόν
636 2489 807 2576 ἀξιοῦντος
831 2489 923 2587 αὐτῷ
941 2493 1087 2581 δοθηναι

114 2593 198 2685 μετὰ
220 2599 317 2669 δνείν
340 2589 533 2684 ταγμάτων,
556 2593 661 2667 τᾶλλα
684 2593 746 2684 μέν
765 2597 882 2665 ἐδίδου
900 2592 1192 2685 Πομπήιος,ΡῙ483

3 2749 4 2752 ,
113 2693 194 2776 τοῦς
220 2699 259 2766 δέ
282 2723 320 2784 γε
335 2693 548 2786 στρατιώτας
571 2691 702 2786 ἀφῄρει.
744 2701 779 2768 οί
804 2693 836 2766 δ’
862 2694 1086 2780 ῦπατεῦοντες

74 2826 102 2866 ετ
114 2799 173 2868 καί
192 2801 252 2886 της
270 2799 394 2886 βουλης
414 2794 576 2887 ἐξήλασαν
593 2797 653 2868 τόν
667 2795 846 2869 ’Λντώνιον
859 2799 916 2867 καὶ
929 2798 1007 2880 τοῦς
1020 2797 1086 2870 σῦν

3 2947 4 2950 =
115 2896 220 2992 αῦτςό.
256 2905 291 2969 οί
306 2899 344 2970 δέ
363 2895 546 2988 διὰφόβον
564 2901 602 2970 ἐν
625 2904 799 2978 δουλικαῖς
818 2901 938 2987 ἐσθῆσι
962 2925 1086 2988 μετημ-

114 3001 291 3090 φιεσμένοι
316 3001 370 3070 ἐπί
388 3005 516 3088 ζευγῶν
542 3007 691 3090 μισθίων
712 3004 771 3087 τῆς
790 2997 911 3088 Ῥώμης
937 2995 1084 3088 ἐξῄεσαν.

114 3097 135 3172 ό
158 3099 237 3182 τοῦς
260 3099 462 3189 στρατιώτας
486 3100 702 3191 παρώξυνεν,
733 3098 860 3190 ἀνδρας
891 3104 1086 3190 ἐλλογίμους

114 3204 172 3274 καὶ
196 3199 358 3294 ἀρχοντας
375 3206 677 3294 περιυβρισμένους
695 3199 854 3295 δρώντας.
879 3209 1030 3293 7Καίσαρ
1049 3203 1087 3274 δέ

3 3319 4 3322 ’
73 3333 100 3374 ω
115 3303 262 3388 πολλοῦς
290 3304 471 3394 λογισμοῦς
493 3305 631 3395 κινήσας
655 3307 711 3375 καὶ
737 3301 913 3397 διαφόρων
941 3309 1087 3394 γνωμῦν

115 3404 285 3496 γεγονώς,
309 3407 401 3488 τέλος
418 3412 516 3478 τοῦτο
542 3403 584 3494 δὴ
607 3404 643 3476 τὸ
668 3404 781 3478 κοινόν
805 3403 957 3478 ὑπειπών
974 3400 1086 3498 “ἐρρί-

115 3519 198 3596 φθω
208 3502 327 3595 κῦβος”
342 3503 485 3600 ώρμησε,
500 3510 556 3580 καὶ
566 3505 963 3596 τδνποταμὸνῬουβίκον
978 3507 1087 3594 διίβη,
