2538 3824
182 181 223 264 14
516 161 649 236 L1ss.'x1.
669 182 748 239 οεν.
760 179 809 232 1V.

182 323 313 394 ἐκεῖνον
336 318 502 410 ἐκάκιζεν,
533 323 590 392 καί
614 321 691 404 τούς
715 323 934 402 ἐπαινοῦντας
958 317 1003 401 ὡς
1027 324 1155 407 φίλους

182 427 315 494 ἐκείνου
333 425 454 513 ἐμίσει·
483 424 539 494 καὶ
557 433 772 514 παμπληθεῖς
789 417 963 492 άπέκτεινε
980 427 1048 492 τῶν
1065 419 1149 491 κατὰ

180 531 240 598 τοῦ
263 523 387 614 πατρὸς
410 525 467 595 καὶ
490 529 549 613 τής
570 522 692 616 μητρός
709 526 765 595 καὶ
783 527 852 596 τῶν
868 520 1027 613 άδελφοόν
1044 515 1150 592 αύτού

180 627 240 699 τόν
263 629 417 717 Τιβέριον
435 625 682 716 ἐρεθισάντων,
709 633 816 698 καίτοι
833 622 895 715 τήν
910 621 1017 715 ὀργήν
1034 621 1148 706 αὐτοῖς

179 727 319 819 άφείναι
343 731 451 818 λέγων
475 727 589 798 καί
554 757 594 800 τα
612 729 788 820 γράμματα
805 723 1064 817 καταφλέξαι’
1024 734 1145 799 αυτόν.
1160 757 1176 800 ε

182 833 238 902 καὶ
267 827 371 914 ναούς
396 831 483 902 δὲ
465 835 574 924 εαυτῷ
599 833 655 900 καὶ
680 827 852 914 θυσίας’
829 857 873 912 ως
895 832 970 924 θεῷ
991 835 1148 919 γίνεσθαι

182 933 367 1004 ἐκέλευσεν.
421 901 618 1022 αίτοόμένός
641 933 680 1002 τέ
700 961 732 1003 τι
755 929 826 1024 άργ
828 937 929 1020 ίζετο,
958 933 1015 1002 καὶ
1044 920 1149 1014 αὖθις

183 1031 343 1124 έμηνία
319 1063 364 1116 ως
380 1030 425 1122 μή
444 1031 652 1132 αἰτούμενος·
684 1031 808 1118 όξύς’
779 1063 797 1104 τ
832 1037 890 1104 έπί
903 1061 997 1116 τινας
1014 1031 1150 1124 πράξεις

106 1219 108 1224 ,
182 1138 330 1226 ἐφέρετο,
348 1164 406 1205 και
394 1124 618 1218 νωθέστατα
637 1139 689 1208 ἐνί
674 1143 727 1218 ίας
741 1141 1024 1227 ’μετακεχείριστο
1049 1133 1096 1208 ,τά
1113 1162 1150 1206 τε

181 1236 332 1328 χρήματα
349 1237 406 1308 καὶ
423 1233 646 1327 ἀφειδέστατα
663 1233 833 1327 άνήλισκε,
851 1239 908 1308 καὶ
926 1234 1149 1329 ρυπαράτατα
1163 1267 1191 1307 ιο

80 1336 417 1431 ΡΙοσεήργνρολόγει’
459 1354 529 1420 τοῖς
557 1368 594 1410 τε
619 1337 839 1412 θακεύουσιν
869 1335 973 1411 αὐτὸν
998 1341 1055 1410 καὶ
1080 1354 1150 1421 τοῖς

182 1441 498 1533 παρρησιαζομένοις
516 1443 573 1512 καὶ
589 1440 714 1532 ήχθειο
731 1435 853 1532 ὁμοίως
870 1443 926 1512 καὶ
943 1437 1053 1531 ήδετο.
1093 1443 1150 1511 καὶ

151 1625 153 1628 ,
181 1541 325 1625 πολλούς
349 1543 412 1633 μέν
434 1541 562 1633 μεγάλα
580 1539 805 1632 ἀδικήσαντας
823 1541 982 1632 ἐκόλασε,
1004 1539 1154 1623 πολλούς

184 1646 220 1716 δὲ
243 1645 350 1735 μηδὲν
372 1640 588 1768 ἠδικηκότας
596 1639 779 1716 άπέκτεινε
834 1647 891 1716 καλ
913 1648 982 1716 τόν
1007 1647 1150 1742 ἑταίρων

181 1745 260 1830 τούς
282 1747 345 1836 μὲν
367 1733 651 1838 ύπερεκολάκευε,
675 1746 752 1829 τοὺς
777 1747 815 1816 δε
837 1743 1046 1838 δπερύβριζε.
1083 1775 1149 1818 τοι·
1164 1772 1191 1813 ιε

182 1845 270 1944 οάτςο
296 1849 353 1918 δε
350 1847 395 1919 τό
420 1846 567 1975 σμ’μπαν
582 1853 617 1920 οί
633 1843 788 1939 Ρωμαῖοι
811 1847 885 1919 τότε
908 1845 1150 1941 παρεδόθησαν

183 1946 403 2042 αὐτοκράτορι
427 1947 512 2021 ὥστε
529 1949 570 2021 τά
587 1957 647 2020 τού
671 1956 825 2042 Τιβερίου
844 1957 945 2041 ἔργα,
968 1956 1077 2022 καίτοι
1096 1955 1150 2019 δο-

182 2058 307 2124 κοῦντα
324 2049 538 2144 παγχάλεπα,
556 2056 715 2124 τοσοῦτον
732 2049 772 2122 τά
788 2059 848 2123 τοῦ
865 2059 971 2124 Γαΐου
988 2077 1150 2142 παρενεγ-

182 2169 256 2226 κεῖν
278 2150 359 2225 ὅσον
382 2161 520 2245 κρείττω
548 2157 687 2224 ἐκείνων
710 2153 749 2224 τά
767 2159 827 2224 τοῦ
844 2149 1045 2242 Αὐγούστου
1062 2153 1149 2222 εἶναι

183 2249 334 2330 ἐδόκουν.
359 2279 364 2287 ·
389 2257 540 2345 Τιβέριος
569 2256 632 2345 μὲν
660 2253 724 2347 γάρ
754 2245 835 2347 ήρχε
861 2259 918 2326 καὶ
942 2270 1012 2337 τοῖς
1032 2251 1147 2334 άλλως
1162 2277 1192 2319 ιο

64 2431 68 2442 ,
182 2355 363 2448 ὑπηρέταις
386 2353 469 2444 πρός
492 2355 530 2426 τδ
555 2354 661 2428 αὐτού
684 2358 837 2448 ἐκέχρητο
855 2355 1025 2448 βούλημα,
1049 2352 1150 2436 Γάιος

159 2491 161 2496 ·
184 2459 223 2528 δέ
248 2458 366 2548 ήρχετο
388 2457 451 2546 μέν
472 2454 540 2528 ύπδ
562 2462 632 2530 τόν
653 2456 977 2549 άρμαπηλατοάντων
1001 2459 1059 2528 καὶ
1083 2454 1151 2527 ὑπὸ

147 2580 171 2632 Β
185 2563 253 2629 τεόν
269 2554 561 2649 ὁπλομαχούντων,
580 2557 741 2632 ἐδούλευε
759 2561 797 2630 δέ
814 2563 871 2632 καὶ
887 2577 957 2643 τοῖς
973 2556 1153 2652 ὀρχησταῖς

183 2659 240 2731 καὶ
262 2676 331 2742 τοῖς
353 2668 481 2744 λοιποῖς
504 2677 573 2744 τοῖς
597 2663 675 2753 περὶ
698 2661 760 2756 τήν
787 2659 925 2753 σκηνήν.
978 2659 1037 2733 τόν
1065 2663 1153 2748 νοῦν

180 2757 343 2852 Ἀπελλῆν
359 2767 427 2834 τεόν
444 2761 518 2834 τότε
534 2767 718 2858 τραγῳδῶν
734 2761 794 2834 τόν
808 2761 1078 2854 εὐδοκιμώτατον
1094 2763 1151 2832 καὶ
1164 2783 1192 2824 2⁵

184 2861 397 2954 δημοσιεύων
414 2863 561 2937 συνόντα
578 2861 671 2958 αύτῷ
691 2864 779 2956 εἶχεν
796 2861 866 2954 άεί,
893 2867 953 2936 ’καί
971 2866 1072 2957 χωρὶς
1088 2864 1152 2954 μὲν

184 2969 329 3056 ἐκεῖνος,
354 2969 455 3058 χωρίς
479 2966 511 3037 δ’
537 2972 574 3037 ολ
594 2969 703 3038 λοιποὶ
727 2965 834 3038 πάνθ’
859 2965 922 3038 ὅσα
947 2960 992 3038 άν
1007 2968 1172 3037 τοιούτοι1

186 3069 391 3193 δυνηθέντες
413 3065 702 3159 τολμήσειαν,π
661 3064 714 3140 ἐπ’
735 3071 890 3153 ἐξουσίας
906 3071 982 3140 ἐποί
966 3074 1051 3140 ίουν.
1094 3067 1152 3137 καὶ

185 3167 297 3240 αὐτων
319 3197 360 3240 τα
348 3167 445 3260 μέν
467 3175 582 3259 πρῶτα
606 3169 731 3260 θεατής
754 3166 847 3242 καὶ’
828 3165 1047 3277 ακροατήςέν
1026 3176 1153 3259 νίνετο,

185 3267 429 3354 συσπουδάζειν
446 3273 502 3340 καὶ
520 3267 781 3358 άντιστασιάζων
797 3277 868 3343 τισί
865 3292 901 3358 ν
852 3271 1000 3344 ίείτα
1017 3265 1113 3342 καλ“
1091 3298 1152 3360 αρ-
1168 3289 1195 3330 ³⁰

185 3394 271 3456 ματα
288 3365 392 3458 ήλασε
409 3371 501 3440 καλ
485 3371 749 3465 εμονομάχησεν,
774 3371 910 3466 ὀρχήσει
931 3401 969 3446 τε
993 3373 1154 3496 ἐκέχρητο

165 3469 241 3536 Δκαὶ
265 3475 457 3564 τραγῳδίαν
478 3467 685 3564 ὑπεκρίνετο.
722 3472 808 3560 άπαξ
835 3477 873 3549 δέ
895 3473 974 3558 τούς
997 3471 1159 3568 πρώτους
