<?xml version="1.0" encoding="UTF-8"?>
<!DOCTYPE html PUBLIC "-//W3C//DTD XHTML 1.0 Transitional//EN"
    "http://www.w3.org/TR/xhtml1/DTD/xhtml1-transitional.dtd">
<html xmlns="http://www.w3.org/1999/xhtml" xml:lang="en" lang="en">
 <head>
  <title>
</title>
<meta http-equiv="Content-Type" content="text/html;charset=utf-8" />
  <meta name='ocr-system' content='tesseract 3.04.00' />
  <meta name='ocr-capabilities' content='ocr_page ocr_carea ocr_par ocr_line ocrx_word'/>
</head>
<body>
  <div class='ocr_page' id='page_1' title='image "./iannoutouznapae01canggoog_0319.png"; bbox 0 0 2558 3820; ppageno 0'>
   <div class='ocr_carea' id='block_1_1' title="bbox 208 125 856 190">
    <p class='ocr_par' dir='ltr' id='par_1_1' title="bbox 208 125 856 190">
     <span class='ocr_line' id='line_1_1' title="bbox 208 125 856 190; baseline -0.019 1"><span class='ocrx_word' id='word_1_1' title='bbox 208 125 271 190; x_wconf 79' lang='lat'><em>312</em></span> <span class='ocrx_word' id='word_1_2' title='bbox 526 127 600 182; x_wconf 72' lang='grc' dir='ltr'><em>σιω.</em></span> <span class='ocrx_word' id='word_1_3' title='bbox 616 128 664 178; x_wconf 84' lang='lat' dir='ltr'><em>1x.</em></span> <span class='ocrx_word' id='word_1_4' title='bbox 683 127 762 179; x_wconf 77' lang='grc' dir='ltr'><em>σεε.</em></span> <span class='ocrx_word' id='word_1_5' title='bbox 780 128 856 180; x_wconf 76' lang='lat' dir='ltr'><strong>xxl.</strong></span> 
     </span>
    </p>
   </div>
   <div class='ocr_carea' id='block_1_2' title="bbox 119 263 1266 3299">
    <p class='ocr_par' dir='ltr' id='par_1_2' title="bbox 119 263 1266 3299">
     <span class='ocr_line' id='line_1_2' title="bbox 211 263 1242 357; baseline -0.001 -20"><span class='ocrx_word' id='word_1_6' title='bbox 211 273 364 357; x_wconf 91' lang='grc' dir='ltr'><em>λιορκίαν</em></span> <span class='ocrx_word' id='word_1_7' title='bbox 377 268 573 338; x_wconf 88' lang='grc' dir='ltr'><em>κατέλυσαν.</em></span> <span class='ocrx_word' id='word_1_8' title='bbox 604 265 883 357; x_wconf 75' lang='grc' dir='ltr'><em>ὁμολογησάντων</em></span> <span class='ocrx_word' id='word_1_9' title='bbox 898 263 929 336; x_wconf 88' lang='grc' dir='ltr'><em>δ’</em></span> <span class='ocrx_word' id='word_1_10' title='bbox 947 263 1059 336; x_wconf 75' lang='grc' dir='ltr'><em>αὐτόν</em></span> <span class='ocrx_word' id='word_1_11' title='bbox 1076 267 1131 336; x_wconf 84' lang='grc' dir='ltr'><em>καλ</em></span> <span class='ocrx_word' id='word_1_12' title='bbox 1149 271 1178 336; x_wconf 87' lang='grc' dir='ltr'><em>οί</em></span> <span class='ocrx_word' id='word_1_13' title='bbox 1236 313 1242 345; x_wconf 74' lang='lat' dir='ltr'>z</span> 
     </span>
     <span class='ocr_line' id='line_1_3' title="bbox 176 365 1242 460; baseline -0.003 -20"><span class='ocrx_word' id='word_1_14' title='bbox 176 369 360 446; x_wconf 84' lang='grc' dir='ltr'><em>ΒΑίτωλοὶ</em></span> <span class='ocrx_word' id='word_1_15' title='bbox 378 367 617 458; x_wconf 75' lang='grc' dir='ltr'><em>μετεβάλοντο·</em></span> <span class='ocrx_word' id='word_1_16' title='bbox 642 371 699 438; x_wconf 84' lang='grc' dir='ltr'><em>καλ</em></span> <span class='ocrx_word' id='word_1_17' title='bbox 720 366 939 460; x_wconf 76' lang='grc' dir='ltr'><em>διεπράξαντο</em></span> <span class='ocrx_word' id='word_1_18' title='bbox 956 365 1093 458; x_wconf 86' lang='grc' dir='ltr'><em>άνοχήν,</em></span> <span class='ocrx_word' id='word_1_19' title='bbox 1112 367 1178 438; x_wconf 83' lang='grc' dir='ltr'><em>εἶτα</em></span> <span class='ocrx_word' id='word_1_20' title='bbox 1232 419 1242 427; x_wconf 19' lang='grc' dir='ltr'><em>η</em></span> 
     </span>
     <span class='ocr_line' id='line_1_4' title="bbox 211 466 1179 561; baseline -0.001 -21"><span class='ocrx_word' id='word_1_21' title='bbox 211 473 267 540; x_wconf 84' lang='grc' dir='ltr'><em>καλ</em></span> <span class='ocrx_word' id='word_1_22' title='bbox 293 469 432 560; x_wconf 77' lang='grc' dir='ltr'><em>εἰρήνην</em></span> <span class='ocrx_word' id='word_1_23' title='bbox 456 469 547 561; x_wconf 79' lang='grc' dir='ltr'><em>παρὰ</em></span> <span class='ocrx_word' id='word_1_24' title='bbox 569 473 631 540; x_wconf 79' lang='grc' dir='ltr'><em>τοῦ</em></span> <span class='ocrx_word' id='word_1_25' title='bbox 654 467 780 560; x_wconf 92' lang='grc' dir='ltr'><em>δήμου,</em></span> <span class='ocrx_word' id='word_1_26' title='bbox 805 467 911 542; x_wconf 82' lang='grc' dir='ltr'><em>πολλά</em></span> <span class='ocrx_word' id='word_1_27' title='bbox 934 469 997 559; x_wconf 71' lang='grc' dir='ltr'><em>μὲν</em></span> <span class='ocrx_word' id='word_1_28' title='bbox 1020 466 1179 560; x_wconf 86' lang='grc' dir='ltr'><em>χρήματα,</em></span> 
     </span>
     <span class='ocr_line' id='line_1_5' title="bbox 211 568 1247 664; baseline 0 -22"><span class='ocrx_word' id='word_1_29' title='bbox 211 570 358 653; x_wconf 77' lang='grc' dir='ltr'><em>πολλοὺς</em></span> <span class='ocrx_word' id='word_1_30' title='bbox 384 573 421 642; x_wconf 80' lang='grc' dir='ltr'><em>δέ</em></span> <span class='ocrx_word' id='word_1_31' title='bbox 452 575 508 642; x_wconf 80' lang='grc' dir='ltr'><em>καὶ</em></span> <span class='ocrx_word' id='word_1_32' title='bbox 537 569 684 664; x_wconf 79' lang='grc' dir='ltr'><em>ὁμήρους</em></span> <span class='ocrx_word' id='word_1_33' title='bbox 708 570 833 654; x_wconf 80' lang='grc' dir='ltr'><em>δόντες.</em></span> <span class='ocrx_word' id='word_1_34' title='bbox 869 569 967 641; x_wconf 81' lang='grc' dir='ltr'><em>καλό</em></span> <span class='ocrx_word' id='word_1_35' title='bbox 997 568 1179 654; x_wconf 73' lang='grc' dir='ltr'><em>Φουλούιος</em></span> <span class='ocrx_word' id='word_1_36' title='bbox 1245 609 1247 614; x_wconf 15' lang='grc' dir='ltr'><em>κ</em></span> 
     </span>
     <span class='ocr_line' id='line_1_6' title="bbox 210 671 1249 768; baseline -0.001 -25"><span class='ocrx_word' id='word_1_37' title='bbox 210 672 273 762; x_wconf 85' lang='grc' dir='ltr'><em>τήν</em></span> <span class='ocrx_word' id='word_1_38' title='bbox 304 679 547 762; x_wconf 75' lang='grc' dir='ltr'><em>Κεφαλληνίαν</em></span> <span class='ocrx_word' id='word_1_39' title='bbox 575 673 735 768; x_wconf 76' lang='grc' dir='ltr'><em>ὁμολογίᾳ</em></span> <span class='ocrx_word' id='word_1_40' title='bbox 768 671 999 764; x_wconf 78' lang='grc' dir='ltr'><em>παρεστήσατο</em></span> <span class='ocrx_word' id='word_1_41' title='bbox 1028 674 1085 743; x_wconf 83' lang='grc' dir='ltr'><em>καλ</em></span> <span class='ocrx_word' id='word_1_42' title='bbox 1120 671 1204 762; x_wconf 82' lang='grc' dir='ltr'><em>τήνι</em></span> <span class='ocrx_word' id='word_1_43' title='bbox 1247 688 1249 691; x_wconf 84' lang='grc'><strong>’</strong></span> 
     </span>
     <span class='ocr_line' id='line_1_7' title="bbox 212 771 1247 864; baseline -0.001 -18"><span class='ocrx_word' id='word_1_44' title='bbox 212 771 476 863; x_wconf 89' lang='grc' dir='ltr'><em>Πελοπόννησον</em></span> <span class='ocrx_word' id='word_1_45' title='bbox 494 772 736 860; x_wconf 78' lang='grc' dir='ltr'><em>στασιάζουσαν</em></span> <span class='ocrx_word' id='word_1_46' title='bbox 753 772 986 864; x_wconf 87' lang='grc' dir='ltr'><em>κατεστήσατο.</em></span> <span class='ocrx_word' id='word_1_47' title='bbox 1242 819 1247 831; x_wconf 89' lang='lat'>·</span> 
     </span>
     <span class='ocr_line' id='line_1_8' title="bbox 289 874 1182 966; baseline -0.001 -19"><span class='ocrx_word' id='word_1_48' title='bbox 289 884 397 947; x_wconf 83' lang='grc' dir='ltr'><em>Γαίου</em></span> <span class='ocrx_word' id='word_1_49' title='bbox 416 878 453 947; x_wconf 79' lang='grc' dir='ltr'><em>δέ</em></span> <span class='ocrx_word' id='word_1_50' title='bbox 473 885 662 966; x_wconf 88' lang='grc' dir='ltr'><em>Φλαμινίου</em></span> <span class='ocrx_word' id='word_1_51' title='bbox 680 879 738 948; x_wconf 83' lang='grc' dir='ltr'><em>καλ</em></span> <span class='ocrx_word' id='word_1_52' title='bbox 755 883 915 966; x_wconf 80' lang='grc' dir='ltr'><em>Αἰμιλίου</em></span> <span class='ocrx_word' id='word_1_53' title='bbox 928 880 1080 948; x_wconf 77' lang='grc' dir='ltr'><em>Λεπίδου</em></span> <span class='ocrx_word' id='word_1_54' title='bbox 1097 874 1182 948; x_wconf 79' lang='grc' dir='ltr'><em>ὑπα-</em></span> 
     </span>
     <span class='ocr_line' id='line_1_9' title="bbox 212 972 1183 1068; baseline -0.001 -20"><span class='ocrx_word' id='word_1_55' title='bbox 212 975 381 1049; x_wconf 87' lang='grc' dir='ltr'><em>τευόντων</em></span> <span class='ocrx_word' id='word_1_56' title='bbox 405 981 579 1068; x_wconf 81' lang='grc' dir='ltr'><em>μετέπειτα</em></span> <span class='ocrx_word' id='word_1_57' title='bbox 602 977 799 1068; x_wconf 85' lang='grc' dir='ltr'><em>δἈντίοχος</em></span> <span class='ocrx_word' id='word_1_58' title='bbox 824 984 946 1066; x_wconf 85' lang='grc' dir='ltr'><em>ἐθανε,</em></span> <span class='ocrx_word' id='word_1_59' title='bbox 972 978 1028 1050; x_wconf 79' lang='grc' dir='ltr'><em>καὶ</em></span> <span class='ocrx_word' id='word_1_60' title='bbox 1045 972 1183 1049; x_wconf 80' lang='grc' dir='ltr'><em>αι’πόνό</em></span> 
     </span>
     <span class='ocr_line' id='line_1_10' title="bbox 212 1074 1258 1203; baseline 0.001 -55"><span class='ocrx_word' id='word_1_61' title='bbox 212 1079 286 1161; x_wconf 83' lang='grc' dir='ltr'><em>υίός</em></span> <span class='ocrx_word' id='word_1_62' title='bbox 316 1077 335 1150; x_wconf 89' lang='grc' dir='ltr'><em>ό</em></span> <span class='ocrx_word' id='word_1_63' title='bbox 360 1082 529 1203; x_wconf 54' lang='lat' dir='ltr'><em>&gt;332st</em></span> <span class='ocrx_word' id='word_1_64' title='bbox 561 1081 740 1164; x_wconf 78' lang='grc' dir='ltr'><em>διεδέξατο·</em></span> <span class='ocrx_word' id='word_1_65' title='bbox 775 1077 1037 1169; x_wconf 87' lang='grc' dir='ltr'><em>τελευτήσαντος</em></span> <span class='ocrx_word' id='word_1_66' title='bbox 1060 1079 1097 1149; x_wconf 68' lang='grc' dir='ltr'><em>δὲ</em></span> <span class='ocrx_word' id='word_1_67' title='bbox 1128 1074 1184 1149; x_wconf 88' lang='grc' dir='ltr'><em>κά·</em></span> <span class='ocrx_word' id='word_1_68' title='bbox 1242 1113 1258 1178; x_wconf 58' lang='grc' dir='ltr'><em>χ</em></span> 
     </span>
     <span class='ocr_line' id='line_1_11' title="bbox 213 1175 1259 1278; baseline 0.001 -28"><span class='ocrx_word' id='word_1_69' title='bbox 213 1188 330 1252; x_wconf 85' lang='grc' dir='ltr'><em>κείνου</em></span> <span class='ocrx_word' id='word_1_70' title='bbox 355 1186 468 1278; x_wconf 75' lang='grc' dir='ltr'><em>πολλῷ</em></span> <span class='ocrx_word' id='word_1_71' title='bbox 492 1203 635 1272; x_wconf 90' lang='grc' dir='ltr'><em>υστερον</em></span> <span class='ocrx_word' id='word_1_72' title='bbox 658 1175 677 1252; x_wconf 91' lang='grc' dir='ltr'><em>ό</em></span> <span class='ocrx_word' id='word_1_73' title='bbox 703 1186 751 1263; x_wconf 84' lang='grc' dir='ltr'><em>είς</em></span> <span class='ocrx_word' id='word_1_74' title='bbox 774 1178 836 1274; x_wconf 87' lang='grc' dir='ltr'><em>τήν</em></span> <span class='ocrx_word' id='word_1_75' title='bbox 855 1179 984 1271; x_wconf 85' lang='grc' dir='ltr'><em>Ῥιόμην</em></span> <span class='ocrx_word' id='word_1_76' title='bbox 1008 1177 1183 1271; x_wconf 77' lang='grc' dir='ltr'><em>ὁμηρεύων</em></span> <span class='ocrx_word' id='word_1_77' title='bbox 1195 1206 1217 1247; x_wconf 79' lang='grc' dir='ltr'><em>1ο</em></span> <span class='ocrx_word' id='word_1_78' title='bbox 1255 1183 1259 1254; x_wconf 70' lang='lat'><em>&#39;2</em></span> 
     </span>
     <span class='ocr_line' id='line_1_12' title="bbox 210 1277 1186 1374; baseline -0.004 -20"><span class='ocrx_word' id='word_1_79' title='bbox 210 1279 377 1374; x_wconf 86' lang='grc' dir='ltr'><em>Ἀντίοχος</em></span> <span class='ocrx_word' id='word_1_80' title='bbox 403 1285 628 1372; x_wconf 86' lang='grc' dir='ltr'><em>ἐβασιλευσεν.</em></span> <span class='ocrx_word' id='word_1_81' title='bbox 665 1277 684 1354; x_wconf 86' lang='grc' dir='ltr'><em>ό</em></span> <span class='ocrx_word' id='word_1_82' title='bbox 709 1283 751 1354; x_wconf 93' lang='grc' dir='ltr'><em>δέ</em></span> <span class='ocrx_word' id='word_1_83' title='bbox 771 1311 810 1371; x_wconf 81' lang='grc' dir='ltr'><em>χε</em></span> <span class='ocrx_word' id='word_1_84' title='bbox 835 1289 1003 1364; x_wconf 86' lang='grc' dir='ltr'><em>Φίλιππος</em></span> <span class='ocrx_word' id='word_1_85' title='bbox 1028 1280 1186 1372; x_wconf 84' lang='grc' dir='ltr'><em>ἐτόλμησε</em></span> 
     </span>
     <span class='ocr_line' id='line_1_13' title="bbox 119 1381 1185 1477; baseline -0.002 -23"><span class='ocrx_word' id='word_1_86' title='bbox 119 1419 127 1436; x_wconf 73' lang='lat'><em>1</em></span> <span class='ocrx_word' id='word_1_87' title='bbox 213 1383 277 1473; x_wconf 73' lang='grc' dir='ltr'><em>μέν</em></span> <span class='ocrx_word' id='word_1_88' title='bbox 294 1391 488 1477; x_wconf 84' lang='grc' dir='ltr'><em>νεωτερίσαι</em></span> <span class='ocrx_word' id='word_1_89' title='bbox 506 1383 557 1455; x_wconf 84' lang='grc' dir='ltr'><em>δτι</em></span> <span class='ocrx_word' id='word_1_90' title='bbox 574 1381 708 1454; x_wconf 77' lang='grc' dir='ltr'><em>πόλεων</em></span> <span class='ocrx_word' id='word_1_91' title='bbox 730 1411 833 1456; x_wconf 86' lang='grc' dir='ltr'><em>τινων</em></span> <span class='ocrx_word' id='word_1_92' title='bbox 858 1384 1022 1475; x_wconf 80' lang='grc' dir='ltr'><em>ἐστερήθη</em></span> <span class='ocrx_word' id='word_1_93' title='bbox 1047 1387 1085 1455; x_wconf 92' lang='grc' dir='ltr'><em>ἐν</em></span> <span class='ocrx_word' id='word_1_94' title='bbox 1104 1395 1185 1456; x_wconf 85' lang='grc' dir='ltr'><em>Θεσ-</em></span> 
     </span>
     <span class='ocr_line' id='line_1_14' title="bbox 214 1485 1184 1578; baseline 0 -23"><span class='ocrx_word' id='word_1_95' title='bbox 214 1492 314 1577; x_wconf 78' lang='grc' dir='ltr'><em>σαλία</em></span> <span class='ocrx_word' id='word_1_96' title='bbox 341 1488 398 1556; x_wconf 82' lang='grc' dir='ltr'><em>καὶ</em></span> <span class='ocrx_word' id='word_1_97' title='bbox 422 1485 506 1578; x_wconf 86' lang='grc' dir='ltr'><em>πρός</em></span> <span class='ocrx_word' id='word_1_98' title='bbox 537 1491 654 1557; x_wconf 81' lang='grc' dir='ltr'><em>ταῖσδε</em></span> <span class='ocrx_word' id='word_1_99' title='bbox 678 1487 735 1556; x_wconf 82' lang='grc' dir='ltr'><em>καὶ</em></span> <span class='ocrx_word' id='word_1_100' title='bbox 754 1497 864 1558; x_wconf 80' lang='grc' dir='ltr'><em>Λίνου</em></span> <span class='ocrx_word' id='word_1_101' title='bbox 888 1487 945 1556; x_wconf 82' lang='grc' dir='ltr'><em>καὶ</em></span> <span class='ocrx_word' id='word_1_102' title='bbox 967 1492 1184 1578; x_wconf 82' lang='grc' dir='ltr'><em>Μαρωνείας,</em></span> 
     </span>
     <span class='ocr_line' id='line_1_15' title="bbox 214 1583 1262 1678; baseline 0 -22"><span class='ocrx_word' id='word_1_103' title='bbox 214 1583 277 1657; x_wconf 80' lang='grc' dir='ltr'><em>οὐκ</em></span> <span class='ocrx_word' id='word_1_104' title='bbox 295 1584 454 1676; x_wconf 88' lang='grc' dir='ltr'><em>ήδυνήθη</em></span> <span class='ocrx_word' id='word_1_105' title='bbox 474 1587 512 1656; x_wconf 78' lang='grc' dir='ltr'><em>δὲ</em></span> <span class='ocrx_word' id='word_1_106' title='bbox 530 1584 584 1657; x_wconf 84' lang='grc' dir='ltr'><em>διά</em></span> <span class='ocrx_word' id='word_1_107' title='bbox 601 1585 639 1658; x_wconf 89' lang='grc' dir='ltr'><em>τὸ</em></span> <span class='ocrx_word' id='word_1_108' title='bbox 656 1593 762 1678; x_wconf 81' lang='grc' dir='ltr'><em>χήρας</em></span> <span class='ocrx_word' id='word_1_109' title='bbox 783 1589 840 1658; x_wconf 83' lang='grc' dir='ltr'><em>καλ</em></span> <span class='ocrx_word' id='word_1_110' title='bbox 865 1583 920 1658; x_wconf 85' lang='grc' dir='ltr'><em>διά</em></span> <span class='ocrx_word' id='word_1_111' title='bbox 942 1586 983 1657; x_wconf 83' lang='grc' dir='ltr'><em>τά</em></span> <span class='ocrx_word' id='word_1_112' title='bbox 1006 1588 1084 1676; x_wconf 81' lang='grc' dir='ltr'><em>περὶ</em></span> <span class='ocrx_word' id='word_1_113' title='bbox 1107 1586 1187 1666; x_wconf 80' lang='grc' dir='ltr'><em>τοὺς</em></span> <span class='ocrx_word' id='word_1_114' title='bbox 1261 1603 1262 1610; x_wconf 76' lang='grc'>’</span> 
     </span>
     <span class='ocr_line' id='line_1_16' title="bbox 213 1686 1264 1782; baseline -0.002 -24"><span class='ocrx_word' id='word_1_115' title='bbox 213 1693 338 1768; x_wconf 76' lang='grc' dir='ltr'><em>παῖδας</em></span> <span class='ocrx_word' id='word_1_116' title='bbox 357 1689 604 1776; x_wconf 78' lang='grc' dir='ltr'><em>συνενεχθέντα</em></span> <span class='ocrx_word' id='word_1_117' title='bbox 630 1687 731 1782; x_wconf 74' lang='grc' dir='ltr'><em>αὐτῷ.</em></span> <span class='ocrx_word' id='word_1_118' title='bbox 774 1691 830 1759; x_wconf 82' lang='grc' dir='ltr'><em>καὶ</em></span> <span class='ocrx_word' id='word_1_119' title='bbox 847 1686 996 1760; x_wconf 88' lang='grc' dir='ltr'><em>Γαλάται</em></span> <span class='ocrx_word' id='word_1_120' title='bbox 1018 1688 1106 1769; x_wconf 72' lang='grc' dir='ltr'><em>τινες</em></span> <span class='ocrx_word' id='word_1_121' title='bbox 1131 1687 1221 1768; x_wconf 76' lang='grc' dir='ltr'><em>τᾶςσ</em></span> <span class='ocrx_word' id='word_1_122' title='bbox 1262 1709 1264 1744; x_wconf 76' lang='grc' dir='ltr'>ἐ</span> 
     </span>
     <span class='ocr_line' id='line_1_17' title="bbox 204 1781 1187 1880; baseline 0 -20"><span class='ocrx_word' id='word_1_123' title='bbox 204 1785 341 1870; x_wconf 78' lang='grc' dir='ltr'><em>Ἀλπεις</em></span> <span class='ocrx_word' id='word_1_124' title='bbox 359 1782 566 1878; x_wconf 76' lang='grc' dir='ltr'><em>ὑπερβάντες</em></span> <span class='ocrx_word' id='word_1_125' title='bbox 584 1788 683 1862; x_wconf 89' lang='grc' dir='ltr'><em>πόλιν</em></span> <span class='ocrx_word' id='word_1_126' title='bbox 701 1787 793 1872; x_wconf 86' lang='grc' dir='ltr'><em>ἐντός</em></span> <span class='ocrx_word' id='word_1_127' title='bbox 806 1786 921 1861; x_wconf 75' lang='grc' dir='ltr'><em>αὐτόν</em></span> <span class='ocrx_word' id='word_1_128' title='bbox 937 1796 1048 1860; x_wconf 91' lang='grc' dir='ltr'><em>κτίσαι</em></span> <span class='ocrx_word' id='word_1_129' title='bbox 1065 1781 1187 1880; x_wconf 78' lang='grc' dir='ltr'><em>ήθέλη·</em></span> 
     </span>
     <span class='ocr_line' id='line_1_18' title="bbox 180 1879 1266 1983; baseline 0.002 -24"><span class='ocrx_word' id='word_1_130' title='bbox 180 1911 288 1967; x_wconf 77' lang='grc' dir='ltr'><em>οσαν.</em></span> <span class='ocrx_word' id='word_1_131' title='bbox 314 1879 363 1959; x_wconf 74' lang='grc' dir='ltr'><em>τόν</em></span> <span class='ocrx_word' id='word_1_132' title='bbox 380 1888 398 1960; x_wconf 86' lang='grc' dir='ltr'>ὁ</span> <span class='ocrx_word' id='word_1_133' title='bbox 413 1889 553 1980; x_wconf 88' lang='grc' dir='ltr'><em>Μάρκος</em></span> <span class='ocrx_word' id='word_1_134' title='bbox 566 1889 584 1961; x_wconf 87' lang='grc' dir='ltr'><em>δ</em></span> <span class='ocrx_word' id='word_1_135' title='bbox 598 1889 798 1983; x_wconf 83' lang='grc' dir='ltr'><em>Μάρκελλος</em></span> <span class='ocrx_word' id='word_1_136' title='bbox 814 1890 855 1962; x_wconf 86' lang='grc' dir='ltr'><em>τά</em></span> <span class='ocrx_word' id='word_1_137' title='bbox 872 1919 908 1964; x_wconf 91' lang='grc' dir='ltr'><em>τε</em></span> <span class='ocrx_word' id='word_1_138' title='bbox 925 1887 1013 1962; x_wconf 81' lang='grc' dir='ltr'><em>ὅπλα</em></span> <span class='ocrx_word' id='word_1_139' title='bbox 1030 1889 1188 1981; x_wconf 80' lang='grc' dir='ltr'><em>ἀφείλετο</em></span> <span class='ocrx_word' id='word_1_140' title='bbox 1264 1909 1266 1932; x_wconf 73' lang='lat'>³</span> 
     </span>
     <span class='ocr_line' id='line_1_19' title="bbox 213 1987 1266 2084; baseline 0.004 -23"><span class='ocrx_word' id='word_1_141' title='bbox 213 1991 270 2061; x_wconf 82' lang='grc' dir='ltr'><em>καί</em></span> <span class='ocrx_word' id='word_1_142' title='bbox 301 1987 406 2062; x_wconf 83' lang='grc' dir='ltr'><em>τάλλα</em></span> <span class='ocrx_word' id='word_1_143' title='bbox 435 1987 498 2062; x_wconf 79' lang='grc' dir='ltr'><em>ὅσα</em></span> <span class='ocrx_word' id='word_1_144' title='bbox 529 1997 775 2082; x_wconf 82' lang='grc' dir='ltr'><em>ἐπεκομίζοντο·</em></span> <span class='ocrx_word' id='word_1_145' title='bbox 816 1999 851 2064; x_wconf 88' lang='grc' dir='ltr'><em>οί</em></span> <span class='ocrx_word' id='word_1_146' title='bbox 880 1989 914 2064; x_wconf 90' lang='grc' dir='ltr'><em>δ’</em></span> <span class='ocrx_word' id='word_1_147' title='bbox 942 1997 980 2065; x_wconf 87' lang='grc' dir='ltr'><em>ἐν</em></span> <span class='ocrx_word' id='word_1_148' title='bbox 1015 1998 1055 2084; x_wconf 79' lang='grc' dir='ltr'><em>τῇ</em></span> <span class='ocrx_word' id='word_1_149' title='bbox 1081 1987 1188 2082; x_wconf 70' lang='grc' dir='ltr'><em>Ῥώμη</em></span> <span class='ocrx_word' id='word_1_150' title='bbox 1265 2001 1266 2006; x_wconf 71' lang='grc'>’</span> 
     </span>
     <span class='ocr_line' id='line_1_20' title="bbox 214 2090 1189 2190; baseline -0.002 -26"><span class='ocrx_word' id='word_1_151' title='bbox 214 2095 521 2185; x_wconf 79' lang='grc' dir='ltr'><em>πρεσβευσαμένοις</em></span> <span class='ocrx_word' id='word_1_152' title='bbox 547 2102 666 2184; x_wconf 86' lang='grc' dir='ltr'><em>σφίσιν</em></span> <span class='ocrx_word' id='word_1_153' title='bbox 687 2096 741 2166; x_wconf 86' lang='grc' dir='ltr'><em>ἐπὶ</em></span> <span class='ocrx_word' id='word_1_154' title='bbox 767 2097 816 2190; x_wconf 73' lang='grc' dir='ltr'><em>τῷ</em></span> <span class='ocrx_word' id='word_1_155' title='bbox 840 2091 946 2176; x_wconf 80' lang='grc' dir='ltr'><em>εόθδς</em></span> <span class='ocrx_word' id='word_1_156' title='bbox 971 2090 1189 2185; x_wconf 73' lang='grc' dir='ltr'><em>ἀναχωρῆσαι</em></span> 
     </span>
     <span class='ocr_line' id='line_1_21' title="bbox 214 2192 1224 2268; baseline -0.005 -2"><span class='ocrx_word' id='word_1_157' title='bbox 214 2192 325 2266; x_wconf 93' lang='grc' dir='ltr'><em>πάντα</em></span> <span class='ocrx_word' id='word_1_158' title='bbox 342 2193 530 2268; x_wconf 85' lang='grc' dir='ltr'><em>άπέδωκαν.</em></span> <span class='ocrx_word' id='word_1_159' title='bbox 1201 2221 1224 2261; x_wconf 84' lang='grc' dir='ltr'><em>ιο</em></span> 
     </span>
     <span class='ocr_line' id='line_1_22' title="bbox 298 2291 1189 2390; baseline -0.001 -23"><span class='ocrx_word' id='word_1_160' title='bbox 298 2294 378 2368; x_wconf 82' lang='grc' dir='ltr'><em>Τότε</em></span> <span class='ocrx_word' id='word_1_161' title='bbox 397 2297 434 2366; x_wconf 71' lang='grc' dir='ltr'><em>δέ</em></span> <span class='ocrx_word' id='word_1_162' title='bbox 451 2300 508 2368; x_wconf 82' lang='grc' dir='ltr'><em>καὶ</em></span> <span class='ocrx_word' id='word_1_163' title='bbox 525 2291 543 2368; x_wconf 88' lang='grc' dir='ltr'><em>ό</em></span> <span class='ocrx_word' id='word_1_164' title='bbox 558 2297 716 2386; x_wconf 85' lang='grc' dir='ltr'><em>Ἀννίβας</em></span> <span class='ocrx_word' id='word_1_165' title='bbox 730 2293 892 2370; x_wconf 86' lang='grc' dir='ltr'><em>άπέθανε.</em></span> <span class='ocrx_word' id='word_1_166' title='bbox 929 2298 1106 2390; x_wconf 85' lang='grc' dir='ltr'><em>πρέσβεων</em></span> <span class='ocrx_word' id='word_1_167' title='bbox 1124 2296 1189 2386; x_wconf 80' lang='grc' dir='ltr'><em>γὰρ</em></span> 
     </span>
     <span class='ocr_line' id='line_1_23' title="bbox 214 2396 1191 2490; baseline 0.003 -23"><span class='ocrx_word' id='word_1_168' title='bbox 214 2397 298 2489; x_wconf 85' lang='grc' dir='ltr'><em>πρὸς</em></span> <span class='ocrx_word' id='word_1_169' title='bbox 316 2396 375 2468; x_wconf 86' lang='grc' dir='ltr'><em>τὸν</em></span> <span class='ocrx_word' id='word_1_170' title='bbox 385 2406 563 2487; x_wconf 90' lang='grc' dir='ltr'><em>Προυσίαν</em></span> <span class='ocrx_word' id='word_1_171' title='bbox 576 2397 635 2469; x_wconf 86' lang='grc' dir='ltr'><em>τόν</em></span> <span class='ocrx_word' id='word_1_172' title='bbox 647 2404 707 2488; x_wconf 89' lang='grc' dir='ltr'><em>τής</em></span> <span class='ocrx_word' id='word_1_173' title='bbox 720 2405 887 2482; x_wconf 86' lang='grc' dir='ltr'><em>Βιθυνίας</em></span> <span class='ocrx_word' id='word_1_174' title='bbox 900 2403 1088 2490; x_wconf 80' lang='grc' dir='ltr'><em>κρατοῦντα</em></span> <span class='ocrx_word' id='word_1_175' title='bbox 1106 2424 1191 2487; x_wconf 82' lang='grc' dir='ltr'><em>πεμ·</em></span> 
     </span>
     <span class='ocr_line' id='line_1_24' title="bbox 214 2495 1191 2589; baseline 0 -21"><span class='ocrx_word' id='word_1_176' title='bbox 214 2499 375 2586; x_wconf 84' lang='grc' dir='ltr'><em>φθέντων</em></span> <span class='ocrx_word' id='word_1_177' title='bbox 400 2501 435 2568; x_wconf 89' lang='grc' dir='ltr'><em>ἐκ</em></span> <span class='ocrx_word' id='word_1_178' title='bbox 455 2495 580 2589; x_wconf 79' lang='grc' dir='ltr'><em>Ῥιόμης</em></span> <span class='ocrx_word' id='word_1_179' title='bbox 606 2497 653 2570; x_wconf 90' lang='grc' dir='ltr'><em>δι’</em></span> <span class='ocrx_word' id='word_1_180' title='bbox 679 2498 764 2571; x_wconf 86' lang='grc' dir='ltr'><em>άλλα</em></span> <span class='ocrx_word' id='word_1_181' title='bbox 787 2502 826 2570; x_wconf 89' lang='grc' dir='ltr'><em>τέ</em></span> <span class='ocrx_word' id='word_1_182' title='bbox 845 2529 921 2572; x_wconf 90' lang='grc' dir='ltr'><em>τινα</em></span> <span class='ocrx_word' id='word_1_183' title='bbox 943 2502 1000 2571; x_wconf 82' lang='grc' dir='ltr'><em>καὶ</em></span> <span class='ocrx_word' id='word_1_184' title='bbox 1017 2497 1109 2582; x_wconf 83' lang='grc' dir='ltr'><em>ὅπως</em></span> <span class='ocrx_word' id='word_1_185' title='bbox 1133 2501 1191 2570; x_wconf 78' lang='grc' dir='ltr'><em>καὶ</em></span> 
     </span>
     <span class='ocr_line' id='line_1_25' title="bbox 213 2595 1190 2696; baseline 0.002 -28"><span class='ocrx_word' id='word_1_186' title='bbox 213 2597 274 2668; x_wconf 90' lang='grc' dir='ltr'><em>τδν</em></span> <span class='ocrx_word' id='word_1_187' title='bbox 283 2595 443 2688; x_wconf 87' lang='grc' dir='ltr'><em>Ἀννίβαν</em></span> <span class='ocrx_word' id='word_1_188' title='bbox 457 2604 572 2692; x_wconf 79' lang='grc' dir='ltr'><em>ἐνδοίη</em></span> <span class='ocrx_word' id='word_1_189' title='bbox 586 2596 661 2692; x_wconf 88' lang='grc' dir='ltr'><em>παρ’</em></span> <span class='ocrx_word' id='word_1_190' title='bbox 682 2597 774 2696; x_wconf 75' lang='grc' dir='ltr'><em>αὐτῷ</em></span> <span class='ocrx_word' id='word_1_191' title='bbox 788 2597 880 2692; x_wconf 80' lang='grc' dir='ltr'><em>ὄντα,</em></span> <span class='ocrx_word' id='word_1_192' title='bbox 896 2601 1083 2692; x_wconf 78' lang='grc' dir='ltr'><em>προμαθων</em></span> <span class='ocrx_word' id='word_1_193' title='bbox 1100 2596 1190 2672; x_wconf 78' lang='grc' dir='ltr'><em>τοῦτ’</em></span> 
     </span>
     <span class='ocr_line' id='line_1_26' title="bbox 218 2699 1228 2794; baseline 0.003 -25"><span class='ocrx_word' id='word_1_194' title='bbox 218 2702 344 2782; x_wconf 75' lang='grc' dir='ltr'><em>ἐκεῖνος</em></span> <span class='ocrx_word' id='word_1_195' title='bbox 362 2702 421 2771; x_wconf 80' lang='grc' dir='ltr'><em>καί</em></span> <span class='ocrx_word' id='word_1_196' title='bbox 440 2707 618 2792; x_wconf 83' lang='grc' dir='ltr'><em>διαδράναι</em></span> <span class='ocrx_word' id='word_1_197' title='bbox 634 2702 680 2793; x_wconf 87' lang='grc' dir='ltr'><em>μή</em></span> <span class='ocrx_word' id='word_1_198' title='bbox 698 2700 767 2786; x_wconf 81' lang='grc' dir='ltr'><em>οἷός</em></span> <span class='ocrx_word' id='word_1_199' title='bbox 785 2731 820 2774; x_wconf 88' lang='grc' dir='ltr'><em>τε</em></span> <span class='ocrx_word' id='word_1_200' title='bbox 840 2699 889 2775; x_wconf 76' lang='grc' dir='ltr'><em>δν</em></span> <span class='ocrx_word' id='word_1_201' title='bbox 914 2702 1034 2774; x_wconf 81' lang='grc' dir='ltr'><em>ἑαυτὸν</em></span> <span class='ocrx_word' id='word_1_202' title='bbox 1053 2699 1191 2794; x_wconf 86' lang='grc' dir='ltr'><em>διεχρή-</em></span> <span class='ocrx_word' id='word_1_203' title='bbox 1204 2730 1228 2773; x_wconf 78' lang='grc' dir='ltr'><em>ει</em></span> 
     </span>
     <span class='ocr_line' id='line_1_27' title="bbox 217 2801 1192 2899; baseline 0.001 -28"><span class='ocrx_word' id='word_1_204' title='bbox 217 2823 308 2873; x_wconf 86' lang='grc' dir='ltr'><em>σατο.</em></span> <span class='ocrx_word' id='word_1_205' title='bbox 345 2810 496 2894; x_wconf 82' lang='grc' dir='ltr'><em>χρησμοῦ</em></span> <span class='ocrx_word' id='word_1_206' title='bbox 521 2807 561 2874; x_wconf 87' lang='grc' dir='ltr'><em>δέ</em></span> <span class='ocrx_word' id='word_1_207' title='bbox 582 2832 661 2876; x_wconf 89' lang='grc' dir='ltr'><em>ποτε</em></span> <span class='ocrx_word' id='word_1_208' title='bbox 686 2801 775 2899; x_wconf 80' lang='grc' dir='ltr'><em>αὐτῷ</em></span> <span class='ocrx_word' id='word_1_209' title='bbox 798 2805 982 2894; x_wconf 77' lang='grc' dir='ltr'><em>γενομένου</em></span> <span class='ocrx_word' id='word_1_210' title='bbox 1007 2808 1044 2874; x_wconf 90' lang='grc' dir='ltr'><em>ἐν</em></span> <span class='ocrx_word' id='word_1_211' title='bbox 1067 2808 1111 2894; x_wconf 78' lang='grc' dir='ltr'><em>μή</em></span> <span class='ocrx_word' id='word_1_212' title='bbox 1131 2814 1192 2876; x_wconf 92' lang='grc' dir='ltr'><em>Λι-</em></span> 
     </span>
     <span class='ocr_line' id='line_1_28' title="bbox 217 2899 1193 2998; baseline 0.002 -26"><span class='ocrx_word' id='word_1_213' title='bbox 217 2903 328 2994; x_wconf 84' lang='grc' dir='ltr'><em>βόσση</em></span> <span class='ocrx_word' id='word_1_214' title='bbox 353 2903 596 2996; x_wconf 77' lang='grc' dir='ltr'><em>τεθνήξεσθαι,</em></span> <span class='ocrx_word' id='word_1_215' title='bbox 620 2899 720 2996; x_wconf 77' lang='grc' dir='ltr'><em>όμλν</em></span> <span class='ocrx_word' id='word_1_216' title='bbox 745 2909 782 2978; x_wconf 90' lang='grc' dir='ltr'><em>ἐν</em></span> <span class='ocrx_word' id='word_1_217' title='bbox 801 2912 842 2996; x_wconf 81' lang='grc' dir='ltr'><em>τῇ</em></span> <span class='ocrx_word' id='word_1_218' title='bbox 860 2913 996 2998; x_wconf 89' lang='grc' dir='ltr'><em>πατρίδι</em></span> <span class='ocrx_word' id='word_1_219' title='bbox 1020 2912 1060 2995; x_wconf 82' lang='grc' dir='ltr'><em>τῇ</em></span> <span class='ocrx_word' id='word_1_220' title='bbox 1074 2901 1193 2996; x_wconf 81' lang='grc' dir='ltr'><em>Λιβύη</em></span> 
     </span>
     <span class='ocr_line' id='line_1_29' title="bbox 216 3003 1194 3102; baseline 0.001 -28"><span class='ocrx_word' id='word_1_221' title='bbox 216 3003 409 3096; x_wconf 84' lang='grc' dir='ltr'><em>προσεδόκα</em></span> <span class='ocrx_word' id='word_1_222' title='bbox 426 3017 567 3097; x_wconf 82' lang='grc' dir='ltr'><em>θανεῖν,</em></span> <span class='ocrx_word' id='word_1_223' title='bbox 587 3014 683 3097; x_wconf 88' lang='grc' dir='ltr'><em>ἐτυχε</em></span> <span class='ocrx_word' id='word_1_224' title='bbox 702 3008 739 3078; x_wconf 76' lang='grc' dir='ltr'><em>δέ</em></span> <span class='ocrx_word' id='word_1_225' title='bbox 756 3007 918 3097; x_wconf 85' lang='grc' dir='ltr'><em>θνήσκων</em></span> <span class='ocrx_word' id='word_1_226' title='bbox 937 3011 973 3079; x_wconf 87' lang='grc' dir='ltr'><em>ἐν</em></span> <span class='ocrx_word' id='word_1_227' title='bbox 991 3012 1104 3102; x_wconf 71' lang='grc' dir='ltr'><em>χωρίῳ</em></span> <span class='ocrx_word' id='word_1_228' title='bbox 1123 3007 1194 3077; x_wconf 83' lang='grc' dir='ltr'><em>τινλ</em></span> 
     </span>
     <span class='ocr_line' id='line_1_30' title="bbox 181 3104 1195 3203; baseline -0.004 -22"><span class='ocrx_word' id='word_1_229' title='bbox 181 3104 393 3194; x_wconf 79' lang='grc' dir='ltr'><em>Βτυγχάνων</em></span> <span class='ocrx_word' id='word_1_230' title='bbox 410 3111 605 3203; x_wconf 81' lang='grc' dir='ltr'><em>καλουμένῳ</em></span> <span class='ocrx_word' id='word_1_231' title='bbox 624 3108 790 3200; x_wconf 78' lang='grc' dir='ltr'><em>Λιβύσσῃ.</em></span> <span class='ocrx_word' id='word_1_232' title='bbox 827 3111 883 3180; x_wconf 85' lang='grc' dir='ltr'><em>καλ</em></span> <span class='ocrx_word' id='word_1_233' title='bbox 900 3107 917 3179; x_wconf 89' lang='grc' dir='ltr'><em>ό</em></span> <span class='ocrx_word' id='word_1_234' title='bbox 933 3104 1134 3201; x_wconf 81' lang='grc' dir='ltr'><em>Ἀφρικανός</em></span> <span class='ocrx_word' id='word_1_235' title='bbox 1155 3105 1195 3178; x_wconf 69' lang='grc' dir='ltr'><em>δὲ</em></span> 
     </span>
     <span class='ocr_line' id='line_1_31' title="bbox 217 3206 1266 3299; baseline 0.004 -25"><span class='ocrx_word' id='word_1_236' title='bbox 217 3212 373 3277; x_wconf 89' lang='grc' dir='ltr'><em>Σκιπίων</em></span> <span class='ocrx_word' id='word_1_237' title='bbox 390 3206 463 3278; x_wconf 87' lang='grc' dir='ltr'><em>τότε</em></span> <span class='ocrx_word' id='word_1_238' title='bbox 480 3208 670 3299; x_wconf 85' lang='grc' dir='ltr'><em>μετήλλαξε.</em></span> <span class='ocrx_word' id='word_1_239' title='bbox 1049 3213 1051 3218; x_wconf 77' lang='grc'><strong>’</strong></span> <span class='ocrx_word' id='word_1_240' title='bbox 1206 3237 1231 3278; x_wconf 83' lang='grc' dir='ltr'><em>ω</em></span> <span class='ocrx_word' id='word_1_241' title='bbox 1264 3293 1266 3296; x_wconf 17' lang='lat'>¹</span> 
     </span>
    </p>
   </div>
   <div class='ocr_carea' id='block_1_3' title="bbox 216 3359 419 3372">
    <p class='ocr_par' dir='ltr' id='par_1_3' title="bbox 216 3359 419 3372">
     <span class='ocr_line' id='line_1_32' title="bbox 216 3359 419 3372; baseline 0.015 -5"><span class='ocrx_word' id='word_1_242' title='bbox 216 3359 419 3372; x_wconf 81' lang='lat'><em>---..-....-.....</em></span> 
     </span>
    </p>
   </div>
   <div class='ocr_carea' id='block_1_4' title="bbox 285 3432 632 3496">
    <p class='ocr_par' dir='ltr' id='par_1_4' title="bbox 285 3432 632 3496">
     <span class='ocr_line' id='line_1_33' title="bbox 285 3432 632 3496; baseline 0.029 -12"><span class='ocrx_word' id='word_1_243' title='bbox 285 3437 302 3484; x_wconf 84' lang='lat'>8</span> <span class='ocrx_word' id='word_1_244' title='bbox 321 3432 399 3489; x_wconf 84' lang='lat' dir='ltr'>Conf.</span> <span class='ocrx_word' id='word_1_245' title='bbox 418 3437 516 3490; x_wconf 78' lang='lat' dir='ltr'>Dionis</span> <span class='ocrx_word' id='word_1_246' title='bbox 535 3441 570 3492; x_wconf 82' lang='lat' dir='ltr'><em>fr.</em></span> <span class='ocrx_word' id='word_1_247' title='bbox 589 3444 632 3496; x_wconf 78' lang='lat'><em>64,</em></span> 
     </span>
    </p>
   </div>
   <div class='ocr_carea' id='block_1_5' title="bbox 0 0 1295 3820">
    <p class='ocr_par' dir='ltr' id='par_1_5' title="bbox 0 0 1295 3820">
     <span class='ocr_line' id='line_1_34' title="bbox 0 0 1295 3820; baseline 0 0"><span class='ocrx_word' id='word_1_248' title='bbox 0 0 1295 3820; x_wconf 95' lang='lat' dir='ltr'><em> </em></span> 
     </span>
    </p>
   </div>
  </div>
 </body>
</html>
