2558 3820
170 134 233 200 320
482 137 555 186 mss.
570 136 616 186 m
636 135 714 188 σεε.
727 135 827 186 xx1v.

170 275 346 368 μνύνοντο.
391 266 525 346 ἐλθόντι
550 270 583 344 δ’
611 276 643 358 ἐς
662 269 788 364 Ῥάμην
810 277 857 368 τῷ
880 272 1009 367 Παύλρι
1033 275 1140 345 πολλά

172 383 365 468 ἐψηφίσθη,
389 371 484 465 καλή
503 375 617 466 πομπή
635 382 704 446 τῶν
728 381 929 466 νικητηρίων
947 372 1038 469 αὐτῷ
1056 385 1140 466 λαμ-

171 477 316 571 προτάτη
344 480 482 567 ἐγένετο.
533 485 660 568 έπεμψε
689 478 752 566 μέν
780 474 918 568 γάρκαὶ
947 473 1051 548 τᾶλλα
1076 474 1140 548 ὅσα

172 580 311 652 ἑαλώκει
324 578 449 669 πάντα,
468 584 595 669 έπεμψε
609 579 648 649 δέ
664 581 721 650 καὶ
742 585 851 650 Βίθνν
862 575 923 650 τόν
938 581 999 648 τοῦ
1010 576 1141 661 Κότυος

172 681 265 771 υἱόν,
289 680 401 752 τόντε
419 683 552 774 Περσέα
570 683 627 751 καὶ
644 679 706 770 τήν
723 695 870 770 γυναῖκα
888 675 992 750 αὐτοῦ
1008 679 1086 762 τούς
1103 709 1140 751 τε
1167 715 1181 754 ε

172 791 295 866 παῖδας
311 799 402 873 τρεῖς
419 780 517 866 όντας
542 786 642 878 ἐντῷ
662 789 731 853 τάν
753 779 973 872 αἰχμαλώτων
989 781 1140 873 σχήματι.

173 893 286 970 δείσας
310 885 349 956 δέ
381 884 436 955 διά
466 883 530 974 τήν
554 887 613 974 τής
638 879 793 974 εὐτυχίας
815 879 1009 976 ὑπερβολήν
1038 883 1084 975 μή
1110 913 1143 954 τι

171 985 340 1079 νεμεσήση
371 981 486 1068 αύτοῖς
515 985 553 1057 τὸ
585 983 773 1076 δαιμόνων,
804 983 928 1074 ηὔξατο
958 989 1014 1056 καὶ
1045 975 1143 1068 οὗτος

138 1089 254 1162 Βκατά
270 1087 329 1160 τὸν
342 1086 516 1179 Κάμιλλον
539 1085 585 1179 μή
601 1116 633 1158 τι
651 1085 758 1158 κακόν
773 1094 815 1178 τῇ
835 1086 930 1159 πόλει
948 1090 985 1158 ἐκ
1001 1085 1142 1178 τούτων,

171 1189 243 1263 ἀλλ’
273 1194 397 1286 ἐαυτῷ,
424 1201 458 1260 εί
471 1219 502 1260 τι
521 1191 608 1279 δέω,
632 1187 854 1280 γενήσεσθαι·
881 1192 937 1261 καὶ
956 1187 1020 1260 δύο
1042 1194 1141 1278 υἱεῖς,
1157 1223 1182 1262 1⁰
1275 1196 1276 1251 l

171 1291 231 1366 τόν
248 1294 311 1383 μέν
328 1291 392 1382 πρὸ
409 1296 469 1364 τοῦ
492 1290 663 1381 θριάμβου
686 1289 822 1381 μικρόν,
848 1290 908 1362 τόν
933 1293 970 1362 δὲ
995 1295 1033 1362 ἐν
1056 1290 1143 1382 αὐτῇ

172 1400 212 1486 τή
229 1399 298 1466 τῶν
317 1397 491 1466 ἐπινικίων
509 1389 678 1482 ἀπέβαλεν
701 1396 810 1484 ἑορτή.
851 1382 895 1482 ήν
918 1393 956 1464 δέ
978 1391 1019 1463 οὐ
1044 1416 1142 1482 στρα-

172 1500 314 1586 τηγῆσαι
340 1494 445 1586 μόνον
472 1492 618 1584 άναθός,
649 1490 732 1564 άλλά
759 1497 815 1565 καὶ
840 1493 1033 1587 ὑπερόπτης
1065 1523 1143 1585 χρη·
1270 1557 1271 1560 ,

172 1596 295 1688 μάτων.
331 1593 510 1687 τεκμήριον
529 1599 584 1686 δέ,
611 1593 770 1687 δεύτερον
786 1594 860 1667 τότε
876 1591 1068 1679 ὑπατεύσας
1085 1599 1144 1667 καὶ

173 1697 336 1790 λαφύρων
371 1694 556 1788 άμυθήτων
590 1695 756 1787 κρατήσας
791 1703 829 1770 ἐν
862 1696 1007 1789 τοσαύτη
1041 1705 1143 1792 πενίᾳ
1157 1728 1183 1770 ιε

174 1807 290 1888 διεβίω
309 1795 393 1871 ὥστε
410 1806 561 1890 χαλεπῶς
585 1804 626 1891 τή
643 1801 783 1889 ’γυναικὶ
807 1797 913 1872 αὐτοῦ
935 1799 997 1889 τήν
1020 1817 1144 1891 προῖκα

172 1899 429 1990 τελευτήσαντος
447 1899 669 1990 άποδοθήναι.

253 2006 329 2076 Τιόν
348 1999 382 2073 δ’
401 1999 552 2074 άλόντων
569 2009 617 2097 τῷ
641 2005 742 2094 πατρὶ
765 2004 827 2093 μὲν
849 2001 867 2074 5
885 2010 995 2086 Βίθυς
1019 2020 1144 2094 προῖκα

173 2104 295 2196 ἐδόθη,
315 2103 465 2196 Περσεύς
483 2107 521 2176 δέ
540 2102 726 2194 εἰς”Αλβαν
744 2104 809 2176 σάν
827 2121 897 2188 τοῖς
914 2106 1010 2176 παισὶ
1028 2107 1081 2175 καὶ
1098 2108 1143 2195 τῇ

141 2214 338 2300 σθεραπείρι
356 2210 535 2295 κατετέθη·
563 2204 661 2276 κάκεῖ
677 2210 738 2289 ἕως
756 2208 818 2298 μέν
835 2203 950 2296 ήλιιιζε
967 2205 1028 2296 τήν
1046 2213 1141 2296 βασι·
1157 2235 1185 2278 εο

70 2379 73 2386 ,
172 2318 267 2380 λείαν
284 2315 489 2399 κομίσασθαι
507 2305 675 2397 ἀντεῖχεν,
703 2309 776 2378 ἐπεὶ
795 2305 826 2378 δ’
847 2306 997 2398 άπέγνω,
1022 2308 1144 2380 ἑαυτόν

173 2417 401 2500 διεχειρίσατο.
437 2411 493 2480 καὶ
511 2405 529 2478 5
548 2417 714 2491 Φίλιππος
731 2406 749 2480 5
767 2409 839 2492 υίὸς
857 2406 1000 2500 αύτοῦή
1022 2437 1059 2480 τε
1074 2421 1145 2480 θυ-

172 2509 276 2601 γάτηρ
295 2507 402 2581 αὐτού
419 2509 482 2581 οὐκ
505 2517 552 2591 είς
570 2510 702 2602 μακράν
726 2508 914 2582 άπέθανον·
942 2509 1042 2601 μόνος
1069 2507 1143 2582 δ’ὁ

172 2610 334 2693 νεότατος
358 2628 426 2692 τοῖς
450 2615 518 2682 τῶν
537 2609 710 2700 Ἀλβανῶν
733 2609 895 2704 άρχουσιν
923 2608 1144 2704 ὑπογραμμα-

171 2711 279 2785 τεύων
298 2717 355 2784 έπί
369 2741 445 2784 τινα
461 2712 583 2804 χρόνον
602 2712 787 2804 διήρκεσεν.
823 2713 929 2797 οὕτως
952 2709 970 2785 5
988 2714 1144 2806 Περσεύς
1157 2744 1187 2786 τε

172 2810 189 2886 5
214 2812 259 2886 δι’
281 2826 384 2887 εῖκοσι
407 2817 574 2906 βασιλέων
598 2813 715 2906 αάχων
736 2818 929 2908 γεγονέναι,
954 2819 1011 2886 καὶ
1034 2813 1145 2888 πολύν

173 2917 235 3008 μὲν
258 2917 318 2990 τὸν
337 2924 527 3006 Φίλιππον,
551 2923 656 2988 πλείω
682 2919 720 2988 δέ
743 2925 884 3010 θρυλῶν
907 2917 965 2990 τὸν
985 2917 1145 3003 Ἀλέξαν-

173 3026 255 3109 δρον
286 3022 342 3090 καὶ
372 3017 434 3108 τήν
464 3025 638 3109 βασιλείαν
667 3015 820 3091 άπάλεσε
850 3023 905 3090 καὶ
936 3018 1145 3111 αἰχμάλωτος

173 3124 290 3208 γέγονε
308 3124 364 3190 καὶ
382 3125 504 3204 ἐντοῖς
524 3124 695 3204 ἐπινικίοις
709 3117 915 3213 ἐπόμπευσε,
935 3123 1041 3214 δεσμά
1058 3123 1144 3214 μετά

173 3224 233 3288 τοῦ
253 3219 453 3310 διαδήματος
471 3229 707 3314 περικείμενος.
740 3250 743 3256 ’
1158 3253 1187 3297 ω

243 3451 274 3500 12
293 3450 371 3501 Cous.
384 3454 482 3505 Dionis
500 3456 598 3521 fragm.
612 3456 665 3524 675
