2510 3834
185 181 227 244 84
495 181 567 232 Lm.
581 181 627 234 τι.
646 178 725 230 οτι).
738 180 839 232 xx1x.

189 319 271 411 πρὸς
288 319 348 391 τόν
370 317 521 409 ἡγεμόνα
545 319 655 411 ἑαυτοῦ
676 319 739 408 μὲν
762 323 947 410 ἐμηχανᾶτο
971 325 1028 410 τῆς
1054 347 1153 410 τιμω-

190 433 264 513 ρίας
284 419 447 509 έξάλυξιν,
465 424 512 513 τῷ
526 417 689 490 Κατῦλλιι
709 421 746 490 δὲ
763 416 916 511 άφορμάς
933 421 1062 492 ἀδίκων
1079 450 1153 511 κερ

191 526 262 595 δοῦν
291 519 554 614 περιεποιήσατο.
594 520 673 604 τοῦς
697 519 761 612 γὰρ
788 519 1056 605 πλουσιωτάτους
1085 528 1157 603 τῶν

183 621 358 695 Ἰουδαίων
382 631 475 711 ἔλεγε
482 677 492 712 ,
517 622 808 712 καταψευδόμενος
832 623 963 713 αὐτῶν,
991 624 1155 698 διδασκά-

189 736 267 807 λους
292 724 382 820 αὐτῷ
406 729 474 796 τόν
498 727 681 816 δρωμένων
703 727 879 813 γενέσθαι·
906 728 962 796 καὶ
981 721 999 796 ὁ
1018 725 1180 816 ἡγεμόνι

188 825 373 917 προθύμως
403 828 533 916 ἐδέχετο
562 826 620 908 τάς
652 824 819 914 διαβολάς.
862 827 943 914 πρὸς
967 828 1006 897 δὲ
1029 833 1076 922 τῷ
1101 855 1154 900 πι-

188 925 320 999 στεύειν
343 933 468 1020 ρηιδίοις
491 929 547 998 καί
565 925 627 1016 τὴν
649 932 760 1016 ψευδῆ
784 935 987 1018 κατηγορίαν
1009 929 1086 1011 τοῦς
1103 951 1154 999 σι-

187 1037 325 1122 καρίους
345 1031 517 1100 ἐδίδασκε·
536 1032 592 1099 καὶ
610 1037 745 1100 πολλῶν
762 1047 921 1100 κατεῖπον
937 1025 999 1103 ῦπ’
1022 1035 1154 1102 ἐκείνου

185 1127 461 1220 ῦποβαλλόμενοι.

260 1228 427 1304 Ἐνταῦθα
443 1233 506 1322 μὲν
523 1221 586 1302 οῦν
602 1231 676 1302 τότε
693 1229 733 1302 τά
750 1235 818 1302 τῦν
836 1229 1008 1304 Ἰουδαίων
1027 1227 1192 1306 &testi-1⁰

154 1350 266 1422 οτησε
289 1333 402 1424 πάθη,
426 1331 492 1405 ὑπὸ
511 1333 680 1424 Ῥωμαίων
702 1339 760 1423 τῆς
781 1331 996 1424 Ἰερουσαλὴμ
1019 1333 1081 1423 τὴν
1104 1363 1154 1406 τε-

187 1443 346 1507 λευταίαν
368 1433 561 1523 ὑποστάσης
584 1433 717 1506 ἅλωσιν.
762 1437 819 1506 καὶ
842 1426 944 1518 αὖθις
970 1435 1008 1506 δέ
1032 1443 1154 1508 Αίλίου

186 1543 255 1608 τῶν
267 1532 435 1628 Ῥωμαίων
449 1539 651 1626 κρατοῦντος
665 1535 843 1626 Ἀδριανοῦ
861 1539 1060 1608 ἐστασίασαν
1073 1536 1155 1609 Ἰου-

188 1646 278 1709 δαῖοι
296 1641 352 1708 καὶ
370 1635 453 1707 κατά
466 1636 636 1728 Ῥωμαίων
648 1635 880 1727 ῦπλίσθησαν.
911 1635 996 1708 άλλά
1013 1641 1069 1708 καὶ
1081 1637 1155 1711 τότε

186 1737 381 1829 ἡττήθησάν
403 1768 439 1810 τε
463 1740 519 1812 καὶ
543 1742 774 1829 έξετρίβησαν,
799 1744 933 1812 πολλῶν
956 1744 1156 1831 φθαρεισιόν
1169 1769 1194 1810 ιι

187 1839 375 1931 μυριάδων,
389 1835 444 1922 ῦς
463 1847 539 1912 λίαν
556 1844 816 1936 περιλειφθῆναι
834 1849 987 1932 βραχεῖς,
1010 1845 1087 1933 περὶ
1105 1833 1156 1914 τόν

189 1946 226 2012 ἐν
243 1959 312 2025 τοῖς
332 1949 428 2023 ίδίοις
444 1940 557 2024 τόποις
575 1941 839 2033 ίστορηθήσεται.

84 2060 183 2114 w113
261 2039 430 2134 Ῥωμαίων
455 2045 492 2114 δὲ
514 2052 723 2135 μνησθείσης
746 2048 805 2132 τῆς
829 2050 975 2136 ἱστορίας
998 2047 1054 2114 καὶ
1075 2044 1157 2116 τοῦ·

186 2174 255 2228 τοις
278 2144 398 2238 κράτος
420 2142 632 2236 άναθεμένης
655 2142 835 2235 ἀήττητον,
859 2142 1045 2236 άναμκαῑον
1067 2148 1156 2217 πάν-

186 2277 251 2331 τας
271 2256 379 2320 εἰπεῖν
396 2249 452 2318 καὶ
472 2247 603 2330 διδάξαι
620 2243 642 2336 ἢ
659 2243 849 2336 ἀναμνῆσαι
866 2246 944 2328 τοῦς
962 2249 1156 2336 έντευξομέ-
1168 2275 1194 2316 ιο

153 2367 178 2417 D
189 2377 269 2430 νους
287 2348 393 2444 τούτῳ
418 2348 460 2437 δὴ
478 2353 524 2442 τῷ
542 2346 774 2439 συγγράμματι
791 2356 880 2430 τίνες
900 2377 936 2418 τε
953 2355 988 2419 οί
1003 2347 1156 2438 Ῥωμαῖοι

188 2452 245 2520 καὶ
263 2447 349 2520 ὅθεν
366 2449 404 2520 τό
423 2448 554 2520 τοῦτον
572 2457 672 2532 ἔθνος
690 2453 834 2538 συνέστη
851 2449 888 2520 τό
908 2452 940 2532 έξ
958 2447 1078 2540 ἀρχῆς,
1097 2453 1156 2520 καὶ

188 2549 299 2622 πόθεν
315 2548 377 2638 τὴν
394 2553 513 2640 κλῆσιν
531 2558 618 2642 ἔσχε,
636 2554 692 2622 καὶ
705 2559 772 2622 τίσι
784 2559 966 2633 πολιτείαις
981 2549 1156 2644 ἐχρήσατο,

189 2656 244 2722 καὶ
262 2657 348 2734 οἵαις
365 2649 478 2743 τῦχαις
498 2655 673 2745 ἐνέκυρσε,
698 2655 758 2724 καὶἸ
778 2651 868 2736 ὅπως
890 2652 1082 2745 προύκοψεν
1107 2661 1157 2736 είς
1249 2653 1252 2734 j

189 2752 404 2844 εὐδαιμονίας
427 2753 592 2846 ἀκρότητα
616 2754 660 2838 ῦς
682 2761 804 2847 μικροῦ
827 2761 1002 2846 κυριεῦσαι
1024 2761 1083 2844 τῆς
1107 2763 1194 2826 οί-ιο
1249 2791 1251 2794 ·

188 2857 352 2946 κουμένης
376 2854 507 2946 ἁπάσης
531 2859 586 2928 καλ
610 2856 648 2929 τὸ
672 2855 792 2949 κράτος
814 2857 898 2928 κατά
922 2856 1058 2930 πάντων
1081 2878 1156 2948 σχε·
1250 2855 1251 2858 “

189 2955 250 3028 δόν
274 2955 529 3048 ἀναδήσασθαι,
559 2961 616 3030 καὶ
637 2955 731 3058 Ιὅπως
760 2959 966 3048 βασιλευθὲν
996 2964 1029 3044 ἐξ
1051 2957 1156 3050 ἆρλῆς
1248 2965 1250 3034 ζ

190 3066 237 3142 είς
266 3055 520 3154 άριστοκρατίαν
548 3057 621 3151 ἤτοι
650 3068 886 3153 δικταταρείας
916 3063 972 3132 καὶ
994 3056 1157 3144 ῦπατείας
1248 3099 1250 3146 ;

188 3163 366 3251 μετέπεσε,
401 3165 457 3233 καὶ
488 3170 535 3245 είς
568 3169 794 3255 δημοκρατίαν
825 3152 926 3246 αῦθις
961 3161 1155 3254 μετήνεκτο,

189 3261 259 3332 εἶτα
277 3270 324 3344 είς
347 3272 532 3355 μοναρχίαν
556 3263 818 3354 ἐπανελήλυθεν.
859 3267 979 3358 ῥητέον
1001 3274 1155 3357 μοιαοί-
1169 3289 1195 3332 ιο
1247 3247 1249 3274 ¹

257 3495 287 3543 17
307 3488 541 3566 ίστορηθήσεται]
562 3498 610 3550 lib.
625 3501 669 3564 11,
684 3516 708 3553 ο.
722 3501 768 3566 23,
781 3516 808 3566 p.
822 3501 880 3552 589.
