2538 3824
425 161 496 212 ΜΒ.
509 161 543 214 x.
563 160 641 212 ειν.
655 161 759 212 xxm.
1013 159 1076 224 407

5 285 7 310 ¹
110 303 228 391 ἐχρῆν,
247 299 513 390 ὁμολογουμένου
531 300 569 370 δὲ
587 295 690 370 αὐτοῦ
708 297 811 370 οὐδὲν
829 298 953 372 κωλύει
972 297 1077 373 αὐτὸν

4 407 7 498 ζ
107 403 279 490 γενέσθαι,
297 399 381 491 τάχα
398 402 459 491 μέν
476 397 584 482 οὕτως
602 405 658 472 καὶ
676 404 713 471 ἐν
729 419 798 484 τοῖς
815 409 966 492 πατρίοις
978 407 1075 474 τοῦτο

4 503 6 528 ²
107 503 283 593 εὑρόντες,
309 509 340 572 εί
357 503 394 573 δέ
411 505 468 573 κοιλ
481 501 530 592 -μῆ
548 493 666 594 εὗρον,
689 499 795 584 οὕτως
818 503 901 574 αὐτὸ
926 505 1074 587 εἰπόντες

4 647 9 696 3·
106 606 164 677 διὰ
188 603 248 676 τδυ
265 611 429 696 Καίσαρα.
466 607 607 688 ἐξέδωκε
631 606 668 676 δέ
691 599 799 694 αύτῆυ
822 604 923 687 αὐτὸς
944 604 963 676 ὁ
987 603 1074 696 ἀνὴρ

4 707 5 710 '
78 704 222 797 οοῖσπερ
245 735 294 789 τις
320 705 439 798 πατῆρ.
487 713 691 780 συνοικοῦσα
717 707 754 777 δὲ
780 705 847 796 ῆδη
870 705 892 796 ἡ
918 707 1005 797 γυνὴ
1028 714 1074 800 τῷ

104 816 254 896 Καίσαρι
269 816 374 880 τίκτει
391 805 565 880 Κλαύδιον
583 817 741 900 Δροῦσον
759 811 920 899 Νέρωνα,
939 811 996 879 καὶ
1014 805 1074 880 αύ-

102 911 165 982 τὸν
179 909 197 982 ὁ
211 919 345 999 Καῖσαρ
361 913 408 1004 τῷ
425 912 526 997 πατρὶ
540 917 702 1000 ἔπεμψεν·
731 907 768 993 δς
781 914 946 982 τελευτῶν
958 918 1175 1005 πολλῷΡΙοιε

100 1010 249 1098 ὕστερον
271 1010 377 1106 τούτῳ
401 1039 437 1081 τε
454 1015 511 1081 καὶ
527 1015 574 1106 τῷ
596 1020 739 1108 Τιβερίῳ
766 1017 946 1103 ἐπίτροπον
969 1008 1073 1083 αὐτὸν

101 1111 165 1185 τδν
184 1121 339 1204 Καίσαρα
356 1113 601 1184 καταλέλοιπεν.

66 1245 90 1286 ιο
181 1211 236 1288 Ἐν
259 1215 299 1296 δὲ,
318 1213 426 1310 τούτῳ
449 1212 618 1306 ὁΚαῖσοὶρ
642 1245 677 1288 τε
700 1217 756 1286 καὶ
780 1211 937 1299 δΣέξτος
961 1219 1073 1287 έπολέ-

101 1334 231 1408 μησαν·
259 1313 301 1386 οὐ
318 1313 383 1406 γδρ
402 1319 588 1406 ἐθελονταί,
605 1315 681 1388 ἀλλ’
700 1317 902 1406 ἀναγκαστοὶ
919 1316 981 1402 τῆν
996 1316 1072 1406 ὁμο·

101 1425 225 1508 λογίαν
248 1420 464 1509 πεποιημένοι
490 1415 565 1489 οὐδ’
592 1423 764 1510 ἐνέμειναν
781 1417 895 1510 ταύτῃ.
932 1426 1072 1509 ἔμελλον

101 1522 168 1612 μέν
184 1517 267 1609 γάρ,
294 1527 325 1590 εί
348 1521 404 1590 καί
427 1519 473 1609 μῆ
491 1521 610 1609 σκῆψις
628 1518 742 1604 αὐτοῖς
761 1524 906 1609 ἐγένετο,
931 1523 1072 1610 μαχέσα-

103 1633 198 1693 σθαι.
251 1624 332 1702 τέως
358 1619 389 1691 δ’
416 1611 480 1692 οὖν
502 1630 563 1693 καί
588 1649 678 1706 τινες
703 1621 818 1704 αὐτοῖς
841 1629 944 1693 αίτίαι
967 1620 1072 1712 λαβῆς

66 1753 90 1792 ιι
103 1729 163 1813 τῆς
186 1719 292 1812 μάχης
318 1721 494 1795 δεδώκασι.
547 1729 669 1814 Μηνᾶς
692 1725 757 1816 γδρ
782 1723 998 1815 ἐξελεύθερος
1022 1719 1071 1796 ιδυ

103 1828 166 1896 τού
191 1827 318 1908 Σέξτου
343 1827 398 1895 καὶ
423 1829 460 1894 έν
482 1831 523 1916 τῆ
548 1831 682 1914 Σαρδοῖ
707 1831 747 1918 τῆ
772 1823 866 1920 νῆσηι
894 1827 1070 1918 τυγχάνων

106 1923 313 2014 ὑπωπτεύθη
331 1925 378 1996 δι’
398 1923 482 1996 ἄλλα
500 1953 536 1995 τε
554 1929 610 1996 καί
623 1925 674 1998 ὅτι
686 1935 733 2021 τῷ
748 1935 894 2016 Καίσαρι
908 1931 1070 2000 ἐκεκοινο·

107 2026 243 2118 λόγητο,
271 2030 327 2098 καὶ
349 2030 601 2117 μεταπεμφθείς
629 2028 697 2098 ὑπὸ
720 2030 847 2112 Σέξτου
878 2027 923 2110 ως
949 2027 1070 2117 λόγους

1 2144 2 2148 ’
104 2128 226 2200 δώσων
243 2132 321 2220 περὶ
339 2120 388 2202 οἷν
405 2127 579 2224 διῳκήκει,
597 2129 675 2210 τούς
691 2130 754 2218 μὲν
771 2130 987 2218 πεμφθέντας
1004 2126 1070 2198 οἱπ-

64 2259 90 2300 ιο
104 2235 246 2321 ε’κτεινε,
269 2231 332 2320 τῆν
355 2231 393 2301 δέ
416 2235 521 2320 νῆσον
543 2233 591 2325 τῷ
607 2237 753 2320 Καίσαρι
776 2231 833 2300 καλ
855 2229 891 2299 τὸ
909 2228 1069 2300 ναυτικὸν

103 2337 160 2404 καὶ
185 2333 222 2403 τό
248 2333 364 2404 λοιπὸν
387 2332 575 2424 στράτευμα
598 2335 655 2403 καί
679 2332 799 2404 ἑαυτὸν
815 2333 1066 2424 παραδέδωκεν.

100 2431 119 2505 ὁ
146 2435 184 2505 δέ
207 2430 310 2505 αύτδν
333 2433 483 2525 μεγάλως
509 2441 675 2526 τετίμηκε·
717 2440 906 2516 δακτυλίοις
935 2460 972 2503 τε
1001 2433 1101 2522 γδρΒ

102 2551 241 2627 χρυσοῖς
260 2534 421 2627 ἐκόσμησε
443 2538 585 2618 καὶτοῖς
604 2540 744 2609 ίππεύσι
761 2543 1065 2626 συγκατηρίθμησε.

101 2637 137 2709 τδ
165 2638 203 2708 δέ
225 2643 294 2709 τῶν
319 2643 509 2708 δακτυλίων
531 2637 682 2710 τοιοῦτόν
705 2641 804 2710 ἐστιν.
852 2636 969 2710 οὐδενὶ
999 2642 1068 2708 τῶν

63 2767 90 2808 ει
103 2738 208 2810 πάλαι
231 2733 416 2829 Ῥωμαίων,
446 2735 509 2830 ούχ
531 2737 582 2810 ὅτι
607 2745 676 2812 τῶν
698 2740 953 2830 ἀπελευθέρων,
989 2736 1064 2809 ἄλλ’

102 2837 187 2912 οὐδὲ
204 2843 272 2912 τῶν
290 2843 498 2931 ἐλευθέρων,
524 2841 611 2931 πλῆν
633 2843 702 2914 τῶν
724 2845 918 2928 βουλευτῶν
938 2842 994 2910 καὶ
1015 2847 1067 2911 ιῗπ·

1 2971 2 2976 ’
102 2945 214 3031 πέων,
238 2948 428 3025 δακτυλίοις
451 2959 587 3033 χρυσοῖς
611 2945 796 3034 κεχρῆσθαι
820 2946 913 3031 ἐξῆν,
939 2948 970 3012 εί
986 2940 1066 3030 μὴὸ

101 3045 138 3116 τδ
170 3041 289 3138 κράτος
320 3051 405 3135 ἔχων
433 3047 532 3116 τούτο
562 3046 730 3135 ἐπέτρεψε.
777 3048 899 3114 τοῦτον
922 3033 985 3112 οὖν
1007 3046 1070 3112 τού

102 3147 232 3230 Σέξτον
257 3149 444 3236 ἐκδοθῆναι
462 3151 497 3216 οί
520 3142 716 3234 αίτῆσαντος
732 3142 750 3216 δ
768 3154 901 3232 Καῖσαρ
918 3139 981 3214 οὐκ
999 3144 1067 3226 έξέ-

102 3379 139 3421 τε
173 3348 399 3440 ὑποδέχεσθαι
433 3347 579 3440 τριῆρεις
613 3377 650 3420 τε
684 3364 874 3438 ναυπηγεῖν
907 3345 997 3437 παρὰ
1026 3346 1067 3418 τοὶ

103 3457 306 3541 συγκείμενα
328 3453 384 3522 καί
409 3445 495 3541 ἕτερ’
519 3447 608 3522 ἅττα.
649 3449 667 3522 ὁ
695 3453 732 3522 δὲ
759 3449 800 3540 δῆ
819 3450 940 3534 Σέξτος
958 3447 1014 3520 διοὶ
1032 3476 1067 3518 τε

1265 3167 1268 3304 ί
