2566 3800
190 155 250 219 168
410 156 481 210 LIB.
493 157 555 208 XII.
575 157 652 211 CAP.
665 158 794 212 XXXIII.
809 155 934 208 XXXIV.

154 298 333 383 Βφθονῶν
364 292 454 390 αὐτῷ
486 296 697 386 ἐπεβούλευε.
742 297 798 366 καί
832 297 967 386 πρῶτον
996 293 1058 383 μὲν
1078 307 1158 378 ,τοῖς

189 393 384 488 Σαρμάταις
407 395 594 489 μαχόμενος
625 403 671 492 τῷ
703 401 844 469 ἐκείνων
876 393 1011 489 άρχηνῷ
1039 397 1075 464 ἐκ
1098 397 1159 482 τῆς
1270 433 1272 494 J

188 504 375 580 πανοπλίας
394 497 545 594 ἐπισήμῳ
563 498 761 590 τυγχάνοντι
772 499 974 588 προσέταξεν
988 500 1156 568 ἐπελθεῖν.

187 595 205 669 ὁ
231 599 269 670 δέ
292 601 348 669 καί
371 603 499 688 ἐπῆλθε
522 603 578 672 καί
601 594 753 691 άρπάσας
772 597 877 672 αὐτὸν
895 602 1000 684 ζῶντα
1018 601 1071 691 ,τῷ
1088 605 1159 668 Γα-

189 707 292 795 λερίφ
310 698 472 791 ἐκόμισεν.
509 701 581 774 εἶτα
604 705 724 776 λέοντα
741 699 883 794 φρικτόν
899 729 975 772 τινα
992 701 1084 789 θήρα
1101 699 1186 770 καλε

189 810 402 890 παλαμναῖον
419 803 574 876 ἐκέλευσε
593 809 762 888 δέξασθαι.
794 798 812 874 ὃ
832 803 869 874 δέ
886 800 943 874 καί
960 803 1081 872 τοῦτον
1098 796 1161 870 τὸν

189 904 317 974 ἄεθλον
332 900 456 994 ἤνυσεν
470 904 693 988 ἐπικινδύνως
709 907 783 996 μέν,
802 910 860 994 τῆς
877 909 975 984 θείας
993 904 1033 972 δέ
1048 929 1086 991 γε
1099 899 1160 992 χά-

191 1034 280 1095 ριτος
304 1005 535 1096 συντηρούσης
559 1003 670 1080 αὐτόν.
706 1003 810 1096 χνοδς
834 1003 866 1078 δ’
889 1009 1051 1077 ἐντεῦθεν
1068 1013 1160 1092 φθο-
1270 1053 1272 1060 -

191 1104 354 1196 νοάμενος
378 1106 468 1197 παρά
493 1115 555 1180 τοῦ
579 1115 746 1199 Γαλερίαν
769 1110 826 1179 καί
850 1102 1161 1195 ἐπιβουλευόμενος,
1241 1152 1244 1159 ,

190 1205 311 1291 νυκτὸς
328 1206 411 1298 μετά
427 1237 530 1282 τινων
547 1207 597 1292 οἷς
616 1208 755 1301 ἐθάρρει
771 1205 903 1300 άπίδρα
921 1210 977 1308 καὶ
999 1203 1082 1296 πρὸς
1099 1203 1160 1278 τὸν
1173 1237 1200 1276 ιο

191 1311 317 1399 πατέρα
336 1309 575 1402 ἐπανελήλυθε.

142 1447 185 1512 34
267 1409 381 1483 Καὶ*
366 1441 384 1482 ο
414 1410 541 1502 μέν”
499 1439 605 1496 ουτως
630 1409 690 1482 τόν
712 1437 748 1482 τε
772 1381 935 1482 κίνδυνον
953 1409 1161 1498 διαπέφευγε
1271 1441 1273 1500 3

89 1513 338 1590 νιΠεωκαλ
298 1542 356 1602 της
380 1511 535 1608 πατρῴας
558 1519 730 1602 βασιλείας
754 1507 883 1601 ήξίωτο.
908 1513 1098 1601 Μαξιμῖνος
1122 1509 1210 1578 δέ·

159 1604 421 1686 Οκοινωνὸν
380 1643 438 1704 της
460 1611 562 1705 άρχής
592 1613 651 1686 τὸν
674 1620 829 1688 Λικίνιον
851 1611 1085 1702 προσειλήφει,
1123 1613 1161 1680 ἐκ

193 1719 319 1786 Δακοῐν
338 1719 476 1786 ἕλκοντα
493 1712 554 1806 τήν
571 1719 632 1786 τοῦ
649 1717 768 1806 χέυους
792 1713 912 1804 σειράν
934 1716 990 1784 καί
1007 1709 1161 1802 γαμβρὸν
1175 1742 1202 1783 ιε

192 1813 274 1886 ὄντα
298 1811 351 1886 ἐπ’
371 1814 502 1907 ἀδελφῇ
528 1821 588 1888 τοῦ
613 1815 762 1908 μεγάλου
781 1823 1049 1886 Κωνσιαντίνον.
1090 1841 1163 1884 κοι-

194 1913 305 1988 νωνδν
330 1917 368 1988 δέ
390 1919 448 2008 τῆς
472 1925 645 2008 βασιλείας
662 1913 768 1990 αὐτὸν
785 1915 1006 2008 ποιησάμενος
1022 1913 1082 1986 τὸν
1099 1915 1163 2004 μὲν

195 2021 231 2088 ἐν
248 2047 294 2112 τρι
280 2016 478 2116 Ἱλλυρικφ
497 2024 781 2107 καταλέλοιπεν,”
766 2015 814 2090 ιν’
821 2016 933 2109 άμάυη
951 2033 1020 2099 τοῖς
1035 2018 1163 2110 Θραξὶν

192 2114 258 2190 υπὸ
281 2118 464 2214 βαρβάρων
487 2131 560 2213 ληιζ
559 2123 708 2246 ομένρις,
740 2124 867 2203 ἐκεῖνος
896 2117 928 2190 δ’
962 2125 1009 2202 είς
1034 2115 1161 2239 Ράμην

193 2220 332 2312 ἀφίκετο
366 2222 551 2350 μαχόμενος
586 2221 668 2344 πρὸς
702 2223 901 2306 Μαξέντιον.
973 2221 1044 2290 εἶτα
1082 2215 1160 2299 τούς
1174 2246 1204 2289 νο

124 2409 127 2416 ¹
194 2320 380 2405 οίκείους
361 2325 531 2408 υπόπτους
557 2345 647 2413 σχων
671 2324 889 2415 στρατιώτας,
916 2324 973 2391 καί
996 2321 1164 2410 φοβηθεὶς

193 2425 239 2514 μή
257 2422 459 2515 πρόσθοιντο
476 2429 522 2517 τῷ
541 2429 671 2518 ἐχθρῷ,
688 2421 815 2514 άπίστη
830 2428 890 2513 τῆς
906 2420 1013 2513 μάχης
1031 2423 1087 2492 καὶ
1104 2419 1165 2493 άν·

195 2523 350 2615 εχάρησε.
400 2527 642 2616 μεταμεληθεὶς
673 2523 705 2596 δ’
733 2527 787 2596 ἐπί
817 2530 857 2617 τῇ
887 2521 1074 2615 προσλήψει
1103 2527 1165 2594 τοῦ

159 2640 186 2690 D
197 2631 363 2712 Λικινίου,
382 2623 544 2717 πρότερον
561 2627 624 2717 μὲν
638 2636 809 2719 λαθραίως
823 2621 913 2720 αὐτῷ
928 2621 1166 2714 ἐπεβούλευεν,

197 2725 268 2797 εἶτα
291 2727 348 2796 καλ
371 2724 481 2818 μάχην
505 2725 578 2800 κατ’
598 2727 704 2801 αὐτοῦ
730 2735 777 2812 είς
794 2725 984 2818 τούμφανὲς
1002 2723 1164 2814 συνεστή-
1179 2751 1208 2793 ιε
1273 2739 1274 2796 Ξ

195 2853 286 2900 σατο.
322 2830 378 2899 καί
397 2829 581 2920 συμβαλὼν
599 2827 689 2924 αὐτῷ
707 2832 877 2920 τρέπεται,
902 2829 959 2900 καὶ
976 2824 1166 2918 ήττάμενος

195 2937 314 3022 ἐφνχε,
332 2932 388 3001 καί
406 2936 444 3003 ἐν
460 2935 501 3022 τῇ
519 2935 615 3022 φυγή
632 2928 753 3002 ἑαυτὸν
771 2929 976 3021 διεχρήσατο.
1027 2977 1031 2984 -
1273 2937 1274 3004 l

276 3037 322 3103 Οί
342 3033 405 3122 μέν
428 3024 491 3104 οὖν
515 3031 654 3128 τοιούτω
677 3035 763 3103 τέλει
789 3038 973 3104 καταλῦσαι
996 3028 1060 3120 τήν
1078 3022 1168 3119 ζωήν
1273 3007 1274 3040 ¹

200 3261 226 3309 d
265 3195 334 3262 Cap.
345 3199 387 3248 ³4.
412 3197 519 3250 Fontes
536 3198 647 3262 incerti,
662 3201 694 3248 ui
709 3197 844 3262 reliquis
835 3211 866 3246 m
878 3196 967 3260 libris
985 3197 1034 3247 ubi
1051 3211 1107 3246 non
1127 3197 1169 3244 in-

218 3267 476 3396 1οὸἐδῃίλίαξιμῖνος
487 3334 541 3382 eto.
544 3329 555 3396 ]
567 3332 647 3383 Haec
660 3332 733 3398 apud
745 3331 905 3396 Eusebium,
920 3331 1067 3393 zosimum,
1082 3329 1169 3393 alios,

196 3395 298 3508 ρετιίιχ]
316 3396 352 3446 ad
370 3397 512 3448 Galerium
523 3399 732 3464 Maximianum,
750 3399 850 3466 partim
870 3369 905 3450 εδ
922 3397 1104 3450 Maximinum
1124 3413 1171 3448 re·

211 3471 276 3506 erun
290 3475 331 3513 ur.
