2580 3816
226 166 290 233 252
562 167 632 218 ιιε.
651 166 725 218 x1v.
744 163 822 218 οεε.
841 165 864 216 1.
930 131 933 134 ’

226 313 285 396 τῆς
309 304 403 391 ἀξίας
429 305 610 396 γυμνάσας
628 310 675 399 τῷ
694 305 827 397 ἐπάρχῳ
844 306 1039 393 παρέδωκεν
1058 309 1107 386 είς
1126 307 1199 391 ἐξέ-

227 427 340 480 τασιν·
360 408 568 502 εἰσαγομένῳ
586 404 620 476 δ’
641 413 689 488 είς
707 405 744 477 τό
765 405 979 496 δικαστήριον
1004 409 1041 477 έν
1059 405 1201 496 σχήματι

227 517 429 600 κατακρίτου
447 516 512 598 ἔφη
529 507 622 602 αὐτῷ
642 506 661 579 ὁ
684 514 827 596 ἔπαρχος
840 505 958 599 “ὁρᾷς,
972 505 1143 596 Ἰσοκάσιε,
1162 511 1201 578 έν

228 617 284 705 οἵῳ
308 610 341 682 εἴ
355 608 592 696 κατασιάσει”;
617 608 636 680 δ
662 609 700 680 δὲ
719 604 841 698 “ὀριῦ”
867 607 962 680 εἶπεν
981 607 1067 680 “nal
1084 607 1126 680 οῦ
1145 613 1164 692 ξ
1180 649 1198 658 -

126 721 363 803 ΡΙΙεουίζομαι
385 712 435 784 ότι
451 711 633 804 ἄνθρωπος
652 709 701 781 ῦυ
718 709 951 802 ἀνθρωπίναις
968 711 1224 804 περιπέπτωκαε

195 798 437 906 Ασυμφοραῖς·
456 813 499 884 σῦ
519 814 558 884 δέ
575 818 716 884 δίκασον
735 807 790 882 ἐπ’
810 815 897 904 έμοί,
912 810 956 894 ῦς
970 815 1116 897 έδίκαζες
1128 812 1200 884 ’σῦν

229 913 331 1006 έμοί.”
367 915 498 986 τούτων
521 909 670 996 άκοόσας
694 912 712 984 ὁ
737 919 861 1004 δήριος,
891 913 951 984 τόν
976 914 1039 1004 μὲν
1063 917 1201 1002 βασιλέα

229 1016 421 1107 εῦφήμησε,
445 1011 566 1086 τόνδ’
583 1014 765 1086 Ἱσοκάσιου
782 1015 1040 1105 ’έξαρπάσαντες
1064 1022 1113 1096 εἰς
1138 1015 1201 1104 τήν

187 1117 189 1120 ’
229 1123 409 1206 ἐκκλησίαν
426 1116 617 1206 ἀπήγαγον·
635 1119 865 1205 βαπτισθέντα
883 1116 921 1188 δὲ
938 1121 1062 1187 τοῦτον
1077 1117 1201 1208 μαθων
1280 1189 1281 1194 ,

229 1218 247 1290 ὁ
266 1227 401 1310 κρατῶν
417 1215 517 1309 ήσθη.
555 1211 654 1300 οὗτος
672 1217 690 1288 ό
714 1218 874 1307 βασιλεῦς
893 1216 962 1308 εἶχε
978 1233 1127 1306 γυναῖκα
1143 1246 1200 1288 κε-
1214 1246 1238 1286 ιο

228 1322 397 1410 κλημέυην
414 1328 578 1410 Βηρίυαν,
603 1323 636 1404 έξ
660 1313 700 1408 ἧς
725 1321 881 1408 ἐγένοντο
904 1315 1003 1414 αὐτῷ·
1014 1321 1202 1411 θυγατέρες

229 1423 305 1512 δυό,
320 1421 480 1513 Ἀριάδνη
497 1423 555 1492 καλ
573 1428 734 1494 Λεοντία·
762 1414 812 1492 όν
834 1420 897 1509 τήν
920 1420 984 1511 μὲν
1001 1427 1049 1514 τῷ
1067 1421 1204 1508 Ζήνωνι

228 1524 457 1613 κατηγγόησε,
484 1523 548 1612 τήν
571 1523 610 1593 δὲ
627 1529 794 1596 Λεονιίαν
818 1523 992 1607 συνέζευξα
1016 1529 1062 1616 τῷ
1079 1547 1203 1613 πατρι-

230 1633 292 1720 κίῳ
306 1631 509 1717 Μαρκιανῳ,
527 1630 593 1718 υίςό
604 1622 788 1714 Ἀνθεμίου
804 1627 869 1694 τοῦ
884 1623 1147 1712 βασιλεύσαντος
1166 1627 1204 1698 έν

229 1733 271 1817 πή
286 1726 403 1817 Ῥώμη.
430 1727 485 1795 ἐπὶ
499 1724 622 1796 τοῦτου
632 1731 692 1796 τοῦ
705 1727 866 1812 βασιλέως
879 1727 1020 1814 γέγονεν
1034 1728 1070 1794 έν
1083 1732 1129 1816 πή
1142 1727 1204 1818 νέᾳ
1217 1753 1244 1793 ιε

225 1825 334 1918 Ῥάμη
359 1828 626 1922 φρικωδέστατος
651 1826 861 1917 έμπρησμός,
887 1825 925 1908 δς
943 1824 1010 1898 άπό
1027 1827 1205 1916 θαλάσσης

231 1931 294 2009 ἕως
311 1927 498 2017 θαλάσσης,
513 1923 580 1998 άπό
598 1933 660 1999 τοῦ
678 1925 833 2022 άρκτιβου
852 1927 980 2016 δηλαδή
998 1929 1123 2020 μέρους
1142 1931 1207 2010 ἕως

196 2035 293 2099 Βτοῦ
316 2035 561 2120 μεσημβρινοῦ,
585 2027 647 2118 τήν
665 2029 764 2100 πόλιν
781 2030 952 2117 διεῗωσεν,
977 2035 1025 2111 είς
1042 2035 1150 2120 μῆκος
1168 2030 1208 2101 δέ

230 2135 406 2220 διεξῆλθεν
423 2130 488 2202 άπὸ
512 2137 574 2202 τοῦ
591 2138 804 2218 Βοοσπορίου
830 2134 928 2221 μέχρι
944 2137 1007 2202 τοῦ
1032 2137 1120 2202 ναοῦ
1143 2138 1208 2202 τοῦ

157 2251 160 2259 ’
231 2231 333 2320 άγίου
355 2231 515 2304 Ἰωάννου
533 2239 595 2303 τοῦ
613 2240 815 2320 καλυβίτου,
840 2231 923 2320 πρός
947 2232 986 2302 δέ
1009 2231 1113 2302 νότον
1137 2231 1209 2304 άπὸ
1222 2259 1245 2300 ιο

145 2343 147 2347 ’
171 2342 174 2346 ’
230 2340 291 2404 τοῦ
305 2341 393 2404 ναοῦ
406 2340 473 2404 Ιτοῦ
487 2331 587 2420 άγίου
602 2331 791 2404 άποστόλου
806 2339 911 2423 Θωμά
928 2335 1024 2423 μέχρι
1040 2340 1104 2404 τοῦ
1116 2342 1212 2405 ναοῦ

230 2442 299 2505 τῶν
314 2433 473 2531 μεγάλων
489 2431 672 2522 μαρτύρων
691 2442 842 2523 Σεργίου
859 2437 917 2504 καὶ
933 2435 1085 2524 Βάκχου·
1111 2437 1155 2506 έν
1173 2437 1215 2506 δὲ

230 2541 278 2628 τῷ
296 2535 387 2628 μέσῳ
405 2541 464 2622 τής
478 2533 606 2615 πόλεως
624 2533 693 2605 άπὸ
710 2541 780 2605 τόν
795 2536 935 2608 Λαόσου
954 2539 1017 2617 ἕως
1034 2541 1097 2606 τοῦ
1111 2537 1216 2608 Ταῦ·

231 2662 293 2722 ρου
318 2633 358 2704 τά
388 2638 425 2706 έν
449 2636 541 2729 μέσῳ
566 2635 675 2706 πάντα
693 2638 887 2708 κατέκαυσε.
923 2636 979 2707 ὅτε
997 2638 1133 2724 λέγεται
1152 2641 1219 2710 καὶ

231 2733 391 2829 δ”Ασπαρ
409 2738 559 2817 διαθέειυ
572 2735 631 2819 τάς
644 2735 763 2824 ἀγυιάς
781 2736 919 2826 άγγεῑυν
935 2733 1059 2820 ῦδατος
1078 2745 1218 2830 πλῆρες
1229 2765 1250 2805 ιι

232 2840 286 2908 ἐπὶ
316 2843 385 2910 τάν
417 2838 518 2929 άμων
549 2841 664 2929 φέρων
694 2839 751 2908 καὶ
781 2839 841 2910 τὸν
865 2845 973 2930 δῆμον
996 2849 1219 2927 παρακαλῶν

230 2938 353 3031 ὁμοίως
378 2955 506 3028 ποιεῖν,
524 2945 582 3010 ἵνα
599 2939 636 3009 τό
654 2946 726 3028 πῦρ
743 2943 987 3030 κατασβέσωσι,
1011 2942 1068 3010 καλ
1087 2943 1219 3026 διδοῦς

232 3041 360 3137 ἑκάστῳ
384 3041 474 3130 ῦπλρ
497 3047 624 3130 μισθοῦ
648 3041 794 3130 νόμισμα
818 3040 1004 3133 ἀργυροῦν.
1047 3041 1220 3134 διήρκεσε

231 3143 268 3210 δὲ
291 3141 328 3211 τὰ
355 3149 425 3234 πῦρ
451 3145 559 3213 έκεῖνο
583 3141 645 3231 τήν
671 3142 770 3212 πόλιν
787 3142 973 3233 νεμόμενον
992 3141 1047 3232 ἐφ’
1066 3141 1221 3236 ἡμερῶν

188 3235 192 3241 ’
230 3243 424 3332 τετρακτύν,
442 3243 500 3312 καὶ
517 3246 703 3314 κατέκαυσε
720 3243 806 3333 πρός
818 3260 890 3326 τοῖς
903 3244 1015 3326 ἄλλοις
1032 3245 1094 3315 τόν
1114 3274 1158 3317 τε
1179 3252 1222 3318 έν
1234 3271 1255 3310 ⁹

197 3345 278 3428 θεῷ
298 3342 437 3436 Σευάτῳ
459 3345 658 3438 καλουμένῳ
683 3347 841 3434 μέγιστον
863 3345 970 3436 οἷκον,
996 3352 1044 3428 είς
1068 3343 1115 3416 δν
1136 3348 1163 3438 ἥ
1181 3378 1222 3420 τε

233 3448 394 3526 γερουσία
417 3444 474 3512 καὶ
499 3450 535 3513 οί
550 3443 691 3532 λογάδες
709 3446 949 3538 συνερχόμενοι
969 3449 1223 3540 ἐβουλεύοντο,
