2546 3822
396 197 472 247 Lm
487 193 545 250 xv.
564 195 643 260 σεε.
656 197 734 250 xm.
989 197 1053 264 365

19 399 23 404 .
83 341 187 427 μονής
208 340 256 430 τῷ
280 329 469 427 πατριάρχη
493 345 650 430 Ταρασίρι
673 342 851 408 κοινωνείν
875 336 939 410 οὐκ
956 337 1052 428 ήνεί-

84 463 168 528 χετο,
186 435 238 506 ὅτι
256 439 384 519 ἐκεῖνος
401 435 463 507 τδυ
479 441 619 526 βασιλέα
637 443 686 520 εἰς
711 445 893 509 κοινωνίαν
919 442 1052 524 ἐδέξατο

82 537 145 628 τήν
169 539 294 608 ἑαυτοῦ
315 553 463 627 γυναῖκα
492 539 719 610 καταλιπόντα
749 540 805 608 καὶ
837 542 933 633 έτέρρι
963 542 1053 634 παρὰ

84 639 161 721 τοδς
189 638 479 728 ἐκκλησιαστικοδς
501 640 652 730 θεσμοδς
683 639 944 729 συνοικήσαντα·
980 671 1054 732 μοι-

3 819 4 822 χ
44 759 72 822 ,ὁ
83 747 178 831 χείαν
206 740 273 830 γάρ
304 736 453 832 ὠνόμαζε
482 741 520 812 τδ
551 742 745 832 γενόμενον.
790 739 831 812 δν
855 741 873 812 ὁ
895 743 1053 830 βασιλευς

74 841 221 931 -άγαγεδυ
239 845 342 936 ἐντῷ
360 849 511 938 παλατίμ
528 846 723 933 καθείρξευ·
747 840 769 932 ή
788 843 829 914 δέ
844 841 968 913 τούτου
987 845 1052 934 μή·

83 969 143 1032 τηρ
165 941 371 1014 άντεποιεῖτο
394 949 457 1013 τοῦ
481 944 681 1033 Πλάτωνος,
706 941 757 1015 ὅτι
779 944 969 1035 κατῄσχυνε
992 945 1053 1016 τδν

83 1045 160 1115 νίδυ
189 1043 305 1134 αὐτῆς.
355 1045 542 1134 ἐκδημήσας
572 1045 612 1115 δὲ
641 1051 699 1134 τής
722 1045 851 1128 πόλεως
875 1044 893 1116 ὁ
917 1051 1086 1136 κρατάνο
1190 1111 1191 1114 ,

83 1144 164 1235 μετά
187 1151 246 1234 τῆς
271 1151 397 1228 οίκείας
420 1143 545 1236 μητρὸς
570 1153 618 1228 είς
642 1146 807 1237 Προῦσάν
830 1173 866 1217 τε
892 1149 1051 1237 γεγονώς,

44 1273 72 1315 ιο
84 1247 139 1316 καὶ
155 1245 279 1336 μαθων
296 1253 461 1336 τεχθῆναί
476 1252 512 1317 οί
526 1252 667 1318 παιδίον
684 1246 800 1340 ἄρρεν,
821 1249 893 1318 ἐκεί
906 1247 969 1336 τήν
986 1278 1052 1339 μη-

83 1350 161 1436 τέρα
177 1345 369 1418 καταλιπων
383 1352 578 1430 σπουδαίως
594 1347 815 1440 ὑπέστρεψεν.
850 1342 872 1438 ή
892 1349 931 1418 δέ
949 1357 1052 1438 λαβο-

83 1451 166 1538 μέυη
189 1445 305 1530 άδείας
328 1448 409 1530 τοδς
431 1455 500 1520 τάν
522 1449 701 1539 ταγμάτων
726 1448 891 1540 ἄρχοντας
909 1456 1051 1540 δωρεαῖς

2 1578 5 1582 “
82 1577 117 1620 τε
139 1551 196 1619 καὶ
217 1546 440 1640 ὑποσχέσεσιν
463 1548 740 1641 δποποιησαμένη
763 1551 898 1622 πέπεικε
923 1552 1052 1622 συνθέ-

82 1661 162 1721 σθαι
186 1660 346 1722 καθελεῖν
369 1651 432 1740 μέν
456 1651 518 1722 τὸν
541 1650 621 1722 υίδν
645 1650 766 1739 αὐτῆς,
793 1650 882 1742 αὐτή
909 1652 947 1722 δέ
963 1652 1052 1744 μόνη

43 1751 146 1841 ιετήν
175 1747 362 1845 αὕταρχίαν
396 1751 686 1844 περιποιήσασθαι.
738 1753 796 1821 καί
831 1754 1053 1842 συνθεμένων

83 1849 258 1945 εὐκαιρίαν
277 1853 387 1942 ἐζήτει.
422 1854 624 1942 τέθνηκεδέ
646 1853 684 1924 τδ
711 1853 834 1942 τεχθὲν
851 1860 987 1926 παιδίον
1003 1861 1051 1949 τῷ

4 2015 7 2020 ,
82 1961 225 2043 βασιλεῖ,
245 1953 329 2046 ὅπερ
348 1950 503 2044 ω’νόμασε
520 1955 657 2044 Λέοντα,
684 1956 741 2024 καὶ
764 1955 941 2045 ἐθρηνήθη
959 1955 1050 2046 παρά

81 2061 144 2126 τοῦ
171 2055 307 2146 πατρός.
343 2061 379 2126 οί
394 2057 433 2126 δὲ
450 2061 509 2146 τῆς
526 2053 604 2126 κατ’
624 2053 733 2126 αὐτοῦ
751 2059 931 2144 ἐπιβουλῆς
949 2065 1045 2126 συνί-

82 2176 198 2248 στορες
214 2163 258 2249 τῇ
274 2158 375 2247 μητρί
392 2155 500 2227 αὐτοῦ
518 2162 689 2237 δείσαντες
706 2155 751 2245 μή
767 2162 831 2226 τοῦ
848 2161 967 2246 καιροῦ
983 2183 1050 2243 τρι-

39 2282 70 2325 το
82 2260 227 2348 βομένυυ
250 2260 308 2328 καλ
329 2253 595 2348 δπερτιθεμένης
617 2263 677 2346 τῆς
700 2256 852 2345 πράξεως
869 2260 1052 2344 γνωσθεῖσι

81 2361 139 2428 καὶ
156 2360 417 2449 κατασχεθέντες
434 2357 635 2447 ἀπόλωνται,
662 2357 868 2438 σπεύσαντες
886 2358 1086 2448 συνέσχονῑ)

83 2463 121 2530 ἐν
143 2467 191 2555 τῷ
214 2468 366 2554 παλατίῳ
389 2459 450 2530 τὸν
477 2461 629 2549 βασιλέα,
646 2459 705 2529 καί
722 2461 800 2551 περὶ
819 2458 913 2550 άραν
930 2459 1053 2548 ἐνάτην

80 2559 162 2642 τούς
186 2559 388 2651 ὀφθαλμούς
411 2559 519 2632 αὐτοῦ
541 2558 694 2650 άμότατα
718 2560 942 2650 ἐξορύττουσι,
965 2585 1052 2651 προ-

82 2661 262 2750 νοούμενοι
284 2661 329 2752 μή
351 2661 459 2752 μόνον
481 2667 544 2732 τοῦ
569 2659 681 2751 φωτδς
705 2667 909 2753 στερηθῆναι
934 2659 1051 2751 αὐτόν,

40 2783 70 2825 νο
83 2759 172 2831 άλλά
194 2762 251 2831 καὶ
276 2761 380 2853 αὐτῆς
405 2769 465 2852 τῆς
487 2767 585 2852 ζωής.
620 2762 677 2832 ὅτε
700 2765 827 2850 συνέβη
854 2757 907 2851 ἐφ’
927 2760 1053 2851 ἡμέρας

84 2864 376 2955 ἑπτακαίδεκα-μή
399 2864 527 2954 λάμψαι
551 2862 612 2934 τὸν
641 2863 755 2951 ήλιον,
786 2860 862 2932 ἀλλ’
889 2859 1052 2951 άλαμπελς

82 2961 172 3034 εἶναι
195 2967 253 3034 καί
276 2965 454 3046 σκοτάδεις
477 2964 538 3046 τάς
560 2961 687 3054 ἡμέρας
711 2966 858 3050 ἐκείνας,
889 2959 953 3033 οὐκ
976 2961 1053 3033 οἶδα

80 3076 150 3136 εἴτε
178 3074 325 3157 τυχαίως
355 3065 446 3138 οὕτω
477 3064 610 3155 συμβάν
640 3075 706 3135 είτε
736 3065 793 3134 καί
824 3062 878 3133 διά
906 3063 969 3151 τήν
991 3070 1053 3134 τοῦ

79 3176 347 3240 Κωνσταντίνου
364 3167 551 3256 τύφλωσιν,
571 3161 617 3248 άς
630 3171 813 3254 τηνικαῦτα
829 3179 900 3246 τοῖς
919 3159 1053 3255 άυθρά-

34 3295 66 3338 το
80 3293 158 3350 ποις
175 3270 297 3360 ἐδόκει,
315 3266 371 3341 οία
387 3275 447 3357 τῆς
464 3275 562 3350 θείας
579 3275 742 3355 προνοίας
759 3265 988 3356 νεμεσησάσης
1004 3271 1053 3358 τῷ

78 3368 201 3459 πάθει,
226 3365 272 3452 άς
290 3375 327 3442 ἐκ
346 3369 468 3461 μητρὸς
494 3376 542 3458 είς
566 3369 646 3439 υίδν
662 3369 843 3462 γενομένην.
879 3369 936 3438 καὶ
953 3366 971 3436 δ
989 3367 1054 3458 μέν

75 3469 172 3543 οὕτω
192 3471 273 3555 τοδς
299 3470 498 3564 ὀφθαλμοὺς
523 3471 740 3564 ἐξωράρυκτο
763 3464 838 3542 κατ’
858 3466 967 3558 αὐτήν
991 3468 1053 3558 τήν
