2558 3820
228 145 291 210 318
532 147 604 201 LIB.
617 145 668 201 IX.
685 146 766 196 CAP.
778 145 882 197 XXIII.

227 289 261 367 ἐς
284 281 485 376 Ἀμφίπολιν
501 283 672 376 παρόντα,
697 288 886 356 ἐπέστειλεν
910 281 1004 378 αὐτῷ
1026 287 1200 374 συμβῆναι

227 384 395 476 δεόμενος.
438 389 495 458 καλ
518 388 592 458 ἐπεὶ
615 387 755 475 βασιλέα
778 383 899 457 ἑαυτὸν
922 389 960 457 ἐν
975 393 1017 476 τῇ
1041 390 1201 479 ἐπιστολῇ

93 559 99 569 ,
227 486 416 579 ὠνόμασεν,
433 486 510 560 οὐδ’
526 484 733 579 ἀποκρίσεως
747 495 875 578 ἔτυχεν.
903 485 1098 580 ὕστερονδὲ
1114 488 1201 559 ἀνευ

225 591 315 673 τινός
338 587 493 680 τοιαύτης
514 588 732 682 προσρήσεως
760 595 1006 672 ἐπιστείλαντος
1035 593 1201 681 προσεδέ-

226 695 304 776 ξατο
320 691 383 782 μέν
399 689 460 763 τόν
476 687 564 784 ὑπὲρ
587 697 656 764 ταῖν
678 695 839 763 σπονδῶν
860 690 980 780 λόγον,
1003 689 1066 763 οάκ
1088 688 1228 776 ἀλλωςε

224 795 338 884 μέντοι
360 791 597 884 συμβήσεσθαι
626 800 692 883 ἐφη
723 801 755 864 εί
775 792 821 884 μή
845 795 902 864 καὶ
934 791 1055 866 εἀυτδν
1076 796 1133 864 καὶ
1156 794 1199 866 τά

227 897 351 966 ἑαυτοῦ
377 892 488 966 πάντα
517 911 586 980 τοῖς
610 893 782 985 Ῥωμαίοις
806 897 1003 986 ἐπιτρέψειε.
1051 897 1108 965 καί
1140 893 1198 966 διά
1270 897 1276 902 ’

225 1003 330 1068 ταῦτα
347 994 390 1068 οά
402 999 607 1086 συνέβησαν.
634 997 717 1087 μετά
729 1001 827 1068 τοῦτο
846 997 884 1068 δέ
903 997 1087 1086 ἐξαιτηθεὶς
1105 995 1197 1087 παρὰ

122 1101 294 1168 ΡΙλσοτιδν
319 1096 491 1188 Ῥωμαίων
518 1096 702 1189 Εὔανδρόν
731 1127 808 1170 τινα
836 1103 954 1189 Κρῆτα
983 1098 1090 1170 πολλὰ
1120 1096 1194 1170 κατ’

224 1203 338 1270 αὐτῶν
353 1199 593 1292 δπουρχηκότα
609 1203 666 1272 καὶ
685 1198 883 1274 πιστότατον
907 1195 1015 1294 αὐτῷ,
1038 1196 1102 1272 οὐκ
1126 1201 1196 1284 ἐξέ-
1214 1228 1243 1268 10

224 1307 313 1372 διοκε
328 1303 410 1392 μέν,
430 1305 598 1393 φοβηθείς
620 1301 667 1391 μή
684 1309 827 1394 κατείπη
845 1298 908 1374 ὅσα
930 1299 1021 1397 αὐτῷ
1039 1299 1194 1392 συνῄδει,

223 1401 336 1497 λάθρηι
361 1405 400 1475 δέ
422 1401 529 1476 αάτδν
558 1402 757 1486 ἀποκτείνας
781 1400 903 1476 ἑαυτὸν
926 1411 1198 1495 διαχειρίσασθαι
1277 1429 1278 1432 ’

224 1503 374 1596 ἐφήμισε.
405 1502 480 1576 τότε
496 1505 560 1596 μὲν
576 1495 639 1577 οὖν
655 1509 691 1576 οί
705 1505 866 1588 συνόντες
879 1501 971 1601 αὐτῷ
986 1508 1197 1596 φοβηθέντες

222 1606 284 1694 τὴν
301 1603 461 1677 ἀπιστίαν
478 1603 602 1694 αὐτοῦ,
620 1605 662 1677 οά
678 1607 743 1697 γάρ
760 1606 933 1697 ἠγνόησαν
945 1605 982 1678 τό
999 1606 1194 1698 γευόμενον,

223 1713 452 1795 μεθίστασθαι
468 1705 620 1798 ἤρξαντο.
656 1704 810 1790 κάκεῖνος
828 1715 943 1790 δείσας
966 1709 1013 1800 μή
1028 1727 1098 1792 τοῖς
1118 1704 1194 1780 Ῥω·
1211 1735 1242 1776 15

222 1815 333 1897 μαίοις
350 1815 550 1901 παραδοθῇ,
576 1813 736 1902 έκδράναι
752 1810 874 1894 νυκτὸς
892 1815 1094 1904 ἐπεχείρησε.
1137 1814 1197 1882 καὶ

222 1915 347 1983 ἐλαθεν
370 1905 414 1982 ἀν
437 1910 521 2004 πρὸς
537 1909 652 1984 Κότυν
676 1915 792 2006 Θρᾷκα
815 1911 987 2004 δυνάστην
1009 1920 1194 2004 κομισθείς,

223 2017 255 2084 εί
270 2009 316 2102 μή
340 2019 376 2084 οί
390 2019 519 2105 Κρῆτες
541 2009 647 2086 αὐτὸν
671 2017 902 2103 ἐγκατέλιπον·
931 2016 1106 2105 ἐνθέμενοι
1128 2012 1194 2106 γάρ

224 2111 265 2183 τὰ
277 2111 428 2207 χρήματα
447 2122 495 2198 εἰς
512 2113 553 2186 τά
566 2125 668 2188 πλοῖα
680 2123 797 2188 οίκαδε
810 2113 953 2210 ἀπήραν.
984 2115 1003 2188 δ
1018 2117 1055 2188 δέ
1067 2115 1195 2206 ἡμέρας

186 2219 285 2305 Βμέν
300 2245 394 2299 τινας
412 2215 519 2289 αὐτοῦ
534 2216 616 2308 μετά
631 2225 802 2290 Φιλίππου
821 2217 896 2302 ἑνδς
913 2225 981 2290 τάν
997 2219 1098 2290 υίέων
1111 2245 1195 2308 κρυ·
1210 2259 1240 2300 20

222 2315 387 2409 πιόμενος
411 2325 553 2409 ἔλαθεν,
586 2322 658 2391 ἐπεὶ
683 2320 720 2390 δέ
742 2317 819 2403 τοδς
842 2318 964 2402 ἀλλους
987 2325 1110 2402 παῖδας
1134 2322 1195 2390 καὶ

221 2417 284 2506 τήν
309 2425 498 2510 θεραπείαν
529 2427 615 2510 ἐγνω
645 2419 872 2512 κατεσχηκότα
902 2421 962 2494 τόν
987 2419 1195 2510 Ὀκταοόιον,

223 2517 349 2610 εὑρέθη
368 2518 556 2612 ἐθελοντής.
594 2524 651 2594 καί
674 2519 821 2614 ἀχθέντα
840 2531 888 2608 εἰς
911 2520 973 2612 τήν
993 2519 1197 2614 Ἀμφίπολιν

221 2615 324 2692 οὐδέν
340 2615 358 2691 ὁ
377 2625 514 2706 Παῦλος
533 2622 719 2716 ἐκάκωσεν,
743 2623 902 2698 ἀλλὰκαὶ
920 2623 1117 2709 ἐδεξιώσατο
1135 2627 1196 2696 καὶ

218 2716 376 2812 ὁμόσιτον
403 2723 580 2814 ἐποιήσατο
610 2729 667 2798 καὶ
692 2729 730 2800 ἐν
753 2725 888 2822 ἀδέσμῳ
913 2733 1049 2818 φυλακή
1081 2725 1193 2817 ἐτήρει
1209 2765 1240 2806 25

219 2825 276 2896 καί
295 2827 332 2898 ἐν
348 2833 515 2921 θεραπείᾳ
531 2818 600 2917 ήγε.
632 2827 715 2919 μετὰ
736 2829 889 2902 δὲταῦτα
907 2835 955 2912 είς
972 2826 1034 2918 τὴν
1049 2824 1196 2900 Ἰταλίαν

219 2923 276 2998 διά
293 2931 352 3018 τῆς
366 2923 525 3020 Ἠπείρου
542 2926 759 3022 ἀνεκομίσθη.

291 3024 327 3102 ‘O
359 3031 396 3100 δὲ
425 3029 642 3126 Πλούταρχος
671 3028 819 3124 ἀχθῆναι
849 3034 938 3123 λέγει
967 3028 1027 3104 τόν
1056 3034 1196 3124 Περσέα

218 3129 301 3220 πρὸς
326 3131 386 3203 τδν
409 3139 586 3226 Αἰμίλιον,
616 3135 672 3206 καί
697 3132 756 3207 τδν
784 3135 1035 3227 δεδακρυμένον
1061 3155 1197 3226 προσυ-

219 3233 386 3322 παντήσαι
416 3233 526 3330 αὐτῷ,
558 3239 690 3310 ἐκεῖνον
714 3234 747 3308 δ’
775 3237 829 3309 ἐπὶ
852 3235 957 3328 στόμα
987 3243 1196 3324 καταβαλεῖν
1209 3272 1241 3314 ³0

218 3395 415 3522 Ρωιλῖιῦἳοθρλ.
427 3401 526 3453 Dionis
540 3402 638 3470 fragm.
652 3405 694 3472 66,
707 3406 732 3469 4,
746 3406 771 3462 5.
783 3431 818 3442 -
829 3405 863 3458 28
875 3395 1072 3470 ΠλοόταρχοςῙ
1088 3401 1192 3455 Aemil.
