2586 3800
203 163 245 226 42
529 164 599 218 LIB.
612 165 660 218 XI.
680 163 758 218 CAP.
772 165 848 219 XIII.
937 239 942 273 ι

276 298 311 374 ‘0
330 304 366 372 δέ
384 305 507 393 Νέρων
525 299 647 392 μαθων
664 307 720 372 καὶ
737 303 797 373 τόν
810 301 1018 394 Πετρώνιον,
1036 299 1077 373 όν
1094 302 1175 373 κατά

202 409 270 476 τάν
289 403 548 475 ἐπαναστάντων
571 401 652 492 μετά
669 411 731 474 τοῦ
751 412 904 486 πλείονος
922 403 1174 496 προεπεπόμφει

138 592 140 596 ¹
204 503 464 596 στρατεύματος,
494 505 534 576 τά
557 507 618 576 τού
640 503 775 594 Γάλβου
799 503 1033 598 φρονήσαντα,
1067 504 1172 577 οὐκέτ’

204 605 370 696 οὐδεμίαν
388 611 509 678 ἐλπίδα
525 613 593 678 τῶν
609 602 724 677 ὅπλων
737 614 845 696 ἔσχεν,
864 603 934 678 ἀλλ’
951 605 1173 696 ἐβουλεύσατο

204 706 281 791 τούς
306 737 342 779 τε
365 705 550 797 βουλευτάς
573 705 769 779 ἀποκτείναι
793 705 935 797 καλιὴν
953 707 1053 780 πόλιν
1071 737 1172 780 κατα·
1198 739 1211 780 ε

204 815 328 901 πρῆσαι
346 812 403 880 καί
420 816 564 882 πλεῦσαι
583 817 630 891 είς
644 807 920 900 Ἀλεξάνδρειαν,
945 805 1102 881 ύπειπάν
1126 809 1174 880 ὅτι

199 907 269 982 “izv
289 913 345 982 καί
370 914 428 999 της
452 907 554 1002 άρχῆς
580 914 790 1000 ἐκπέσωμεν,
815 907 901 981 άλλά
923 909 961 982 τό
983 939 1023 1000 γε
1046 915 1175 1002 τέχνιον

205 1011 292 1103 ἡμᾶς
311 1014 489 1102 διαθρέψει
513 1011 615 1086 ἐκεί.”
651 1015 828 1102 μέλλοντος
852 1013 1021 1083 δὲταῦτα
1039 1011 1175 1102 δράσειν

205 1113 227 1202 ἡ
244 1113 350 1202 βουλὴ
368 1111 431 1202 τὴν
448 1117 526 1205 περί
542 1111 602 1184 τόν
615 1116 761 1205 Νέρωνα
774 1112 930 1204 φρουράν
942 1111 1175 1186 άποκαλέσασα
1244 1205 1247 1210 Ι

207 1222 367 1306 εἰσῆλθεν
392 1221 439 1298 είς
456 1212 493 1287 τό
512 1212 756 1306 στρατόπεδον,
780 1213 915 1287 καὶτὸν
932 1217 994 1306 μὲν
1017 1219 1176 1305 πολέμιον
1189 1243 1215 1284 το

206 1313 376 1406 ἀπέφηνε,
407 1315 467 1388 τόν
498 1317 536 1387 δὲ
566 1314 703 1404 Γάλβαν
732 1315 909 1388 άνθείλετο
939 1313 1176 1408 αὐτοκράτορα.

103 1420 335 1508 ΡΙστίΝέρων
355 1419 392 1489 δέ
415 1413 460 1499 ὥς
486 1414 612 1506 ᾔσθετο
628 1415 678 1488 ότι
694 1413 760 1488 όπὸ
777 1423 845 1489 τῶν
862 1416 1024 1508 φυλάκων
1043 1422 1177 1508 ἐγκατα-

206 1521 391 1606 λέλειπται,
422 1517 548 1607 ἐσθήτά
571 1546 607 1588 τε
630 1517 765 1608 φαύλην
791 1523 889 1616 ἐνέδυ
913 1522 969 1590 καί
995 1523 1049 1592 ἐπὶ
1073 1527 1177 1591 ἵππον

206 1618 309 1692 ούδέν
325 1625 484 1708 ,βελτίονα
501 1616 623 1709 άνέβη,
641 1623 697 1690 καί
715 1624 1066 1711 κατακεκαλυμμένος,
1085 1621 1177 1702 ὅπως

206 1719 366 1812 διαλάθῃ,
385 1719 466 1810 μετὰ
478 1719 725 1811 Ἐπαφροδίτου
742 1724 797 1792 καί
816 1726 877 1792 τοῦ
893 1721 1031 1812 Σπόρου
1049 1719 1168 1803 νυκτός
1184 1749 1211 1790 τε

179 1869 182 1874 Δ
206 1829 320 1911 ἔφυγε.
351 1824 556 1912 γνωρισθεὶς
574 1824 612 1894 δέ
626 1821 670 1906 ὡς
683 1825 740 1895 καί
758 1821 848 1913 παρά
865 1852 926 1894 του
943 1827 1011 1895 των
1029 1821 1176 1912 όιπαντη-

83 2001 84 2005 Ὶ
206 1921 341 1994 σάντων
377 1919 591 2015 αὐτοκράτωρ
632 1929 965 2014 προσαγορευθῆναι,
1002 1929 1062 2014 τῆς
1094 1924 1178 1996 ὁδοῦ

206 2021 413 2114 ἀπετράπετο
422 2028 479 2096 καί
494 2033 542 2110 είς
554 2024 738 2115 καλαμοόδη
750 2025 854 2098 τόπον
862 2024 936 2098 τινά
945 2025 1175 2116 κατεκρόφθη.
1212 2115 1213 2118 ¹

148 2149 151 2155 '
279 2122 314 2200 ‘0
338 2127 376 2198 δὲ
402 2132 505 2218 δῆμος
530 2131 567 2199 ἐν
592 2131 634 2218 τῇ
657 2125 780 2219 Ῥάμη,
807 2131 880 2200 ἐπεὶ
904 2125 1010 2219 ἡμέρα
1034 2132 1177 2217 ἐγένετο,

206 2226 430 2320 ὑπερέχαιρον
453 2232 508 2300 καὶ
532 2226 595 2319 τὴν
617 2226 716 2300 πόλιν
738 2227 1008 2319 στεφανωμάτων
1025 2225 1173 2316 ἐπλήρω-
1190 2255 1220 2296 ευ

207 2351 283 2418 σαν,
307 2339 366 2402 καί
389 2358 478 2412 τινες
504 2333 561 2400 καί
581 2333 676 2400 πιλία
694 2329 739 2412 σός
756 2327 1024 2420 ἠλευθερωμένοι
1041 2337 1179 2420 ἔφερον,

206 2429 227 2518 ἡ
241 2428 347 2522 βουλὴ
359 2434 407 2523 τῷ
418 2429 534 2522 Γάλβᾳ
547 2427 588 2500 τά
599 2437 641 2522 τῇ
655 2429 741 2523 ἀρχῇ
754 2431 964 2522 προσήκοντα
979 2437 1175 2522 ἐψηφίσατο.

206 2528 224 2600 ὃ
251 2531 289 2600 δέ
312 2527 424 2618 ὅμιλος
459 2542 506 2614 είς
536 2561 572 2603 τε
597 2530 657 2604 Ιτόν
685 2536 830 2623 Νέρωνα
863 2530 1082 2604 ἀπέσκωπτον
1120 2536 1180 2604 καί

174 2630 353 2720 Βσυχνούς
382 2635 451 2703 τοῖν
480 2631 555 2723 παρ’
593 2629 685 2728 αύτῷ
719 2637 940 2723 δυνηθέντων
973 2631 1181 2722 φονεύοντες

208 2728 330 2804 εἷλκον.
367 2737 499 2805 ἐκείνου
524 2735 561 2806 δὲ
586 2733 719 2825 ζήτησιν
743 2741 778 2808 οί
793 2742 989 2825 στρατιῶται
1007 2737 1063 2806 καί
1081 2731 1180 2804 άλλοι
1193 2761 1222 2802 ετ

206 2841 406 2926 πεποίηντο,
430 2839 488 2906 καί
511 2835 648 2926 γνόντες
672 2834 739 2928 ὅπη
764 2838 842 2908 ποτέ
865 2827 926 2926 ἦν,
954 2843 1109 2926 ἔπεμψαν
1128 2832 1179 2906 ἐπ’

104 2931 336 3012 ΨΙΙεεοαύτὸν
356 2940 485 3020 ίππέας.
520 2935 539 3008 ὁ
559 2937 596 3008 δὲ
613 2936 811 3028 προσιόντας
829 2936 952 3020 αὐτούς
975 2936 1180 3027 αἰσθόμενος

207 3040 389 3128 προσέταξε
411 3055 481 3120 τοϊς
504 3043 652 3130 παρούσι
674 3041 731 3109 καί
754 3037 874 3111 ἑαυτόν
898 3042 954 3113 καὶ
978 3043 1066 3128 σφᾶς
1092 3035 1181 3109 άπο-

206 3156 342 3210 κτεῖναι.
381 3137 426 3222 άς
446 3137 477 3209 δ’
498 3135 560 3230 οόχ
577 3135 762 3230 ὑπήκουον,
780 3143 864 3230 μέγα
883 3141 1067 3225 ἐστέναξεν.
1105 3139 1181 3210 εἶτα

206 3239 265 3308 τόν
282 3237 420 3328 Σπόρον
436 3238 572 3311 άνελείν
588 3239 735 3330 θελήσας
752 3243 809 3312 καί
826 3240 872 3333 μὴ
890 3249 1064 3332 δυνηθείς,
1082 3236 1100 3266 “
1110 3238 1186 3328 ἐγώ
1196 3265 1226 3307 ευ

207 3335 329 3424 μόνος”
350 3346 414 3428 ἔφη
427 3337 529 3410 κοὔτε
546 3347 647 3430 φίλον
664 3339 743 3413 ούτε
763 3343 886 3433 ἐχθρόν
904 3341 1003 3433 ἔχω.”
1036 3345 1094 3413 καί
1110 3339 1181 3433 ἤδη

208 3437 425 3509 πελασάντωυ
456 3443 525 3508 τῶν
555 3443 684 3513 ίππέων
715 3439 814 3527 αύτός
843 3441 968 3516 ἑαυτὸν
1001 3441 1180 3534 ἐπάταξεν,
