2562 3814
415 163 487 214 ιιιι.
500 163 562 218 ιιι.
583 161 796 216 cAP.x1.xn.
1031 163 1092 228 119

119 310 217 385 σίους
235 300 320 394 μετὰ
343 303 411 374 τοῖν
428 307 561 374 παίδων
585 305 641 374 καὶ
663 307 732 376 τοῖν
755 300 868 375 ἀλλων
891 301 1091 394 ὁμοφρύνοιν

119 407 310 494 κατέφυγε,
337 402 441 493 μάνης
464 407 522 492 τῆς
552 412 730 494 Τουλλίας,
757 403 802 486 ἀς
827 402 939 494 λόγος,
967 404 1123 495 ἑαυτήνυ

119 505 319 595 ἀνελούσης.

193 607 231 679 Ὁ
254 608 318 697 μὲν
341 597 405 678 οὖν
427 604 611 696 Ταρκύνιος
634 611 734 680 πέντε
757 611 814 682 καὶ
839 620 944 682 είκοσι
969 637 1090 699 τνραν-

99 710 241 798 ενησας
254 707 427 790 ἐνιαυτούς
449 706 555 790 οὕτως
579 712 711 792 ἐξέπεσε
734 714 792 799 τῆς
815 705 933 801 ἀρχῆς,
959 715 994 783 οί
1008 705 1088 784 Ῥω·
1105 714 1144 778 12

130 827 223 899 μαλοι
252 811 286 880 δὲ
311 808 398 900 ,πρὸς
428 809 488 880 τὸν
517 816 667 904 Βρούτον
697 807 881 884 ἀπέκλιναν
907 814 963 883 καὶ
989 809 1092 884 αὐτὸν

130 916 256 982 εἴλοντο
285 909 438 1002 ἀρχοντα.
482 919 538 982 ἵνα
564 913 602 982 δέ
629 912 718 1002 μὴη
745 921 908 1004 μοναρχία
938 921 1091 1002 βασιλεία

126 1016 228 1104 δοκῇ,
260 1015 317 1084 καὶ
347 1010 556 1103 συνάρχοντα
587 1010 677 1108 αύτῷ
709 1019 914 1106 ἐψηφίσαντο
942 1012 1003 1086 τάν
1032 1021 1091 1104 τῆς

122 1121 335 1204 Λουκρητίας
359 1119 487 1204 ἐκείνης
511 1113 622 1205 ἀνδρα
644 1114 703 1186 τὸν
730 1125 933 1189 Κολλατίνου
961 1115 1090 1208 Ταρκύ-

84 1245 211 1304 ιονιον,
234 1215 281 1298 ὡς
304 1214 459 1306 ἀπεχθῶς
482 1217 565 1308 πρὸς
582 1215 661 1299 τούς
683 1217 870 1308 τυράννονς
894 1218 1090 1308 πιστευόμε-

121 1347 184 1390 νον
216 1324 307 1408 ἔχειν
337 1317 392 1388 διά
422 1317 484 1406 τὴν
514 1325 595 1406 βίαν
623 1325 682 1406 τῆς
713 1319 878 1408 γυναικός.
922 1323 958 1390 ἐκ
985 1323 1024 1390 δέ
1054 1347 1091 1407 νε

127 1425 323 1510 Ταρκυνίου
345 1421 503 1508 πρέσβεις
523 1427 570 1503 είς
592 1418 721 1510 Ῥοδμην
737 1410 822 1509 ἧκον
846 1423 922 1510 περὶ
940 1414 1091 1490 καθόδου

124 1519 373 1610 διαλεγόμενοι·
396 1518 441 1602 ιδς
460 1521 492 1590 δ’
513 1519 616 1592 οὐδὲν
633 1519 756 1611 ἤνυον,
775 1526 881 1612 ἕτεροι
899 1511 1003 1603 αὖθις
1019 1524 1090 1592 ἐπέ-

123 1644 271 1712 στησαν,
298 1618 508 1712 ἀφίστασθαι
529 1625 589 1711 τῆς
614 1631 784 1711 βασιλείας
808 1627 864 1696 καὶ
886 1621 1009 1695 παύειν
1031 1622 1091 1694 τάν

82 1754 109 1792 ιε
123 1721 272 1814 πόλεμον
290 1727 441 1812 λέγοντες
458 1721 517 1796 τὸν
541 1723 737 1817 Ταρκύνιον,
758 1733 789 1797 εί
804 1726 844 1798 τά
862 1725 1012 1816 χρήματα
1029 1731 1089 1797 δο-

122 1837 221 1896 θεῖεν
239 1824 328 1920 αύτῷ
345 1828 402 1896 καὶ
419 1843 487 1908 τοῖς
505 1831 615 1916 φίλοις
633 1830 688 1898 καὶ
705 1844 773 1910 τοϊς
790 1835 937 1917 οἰκείοις,
955 1825 1015 1917 ἀφ’
1038 1817 1191 1902 ἀνΡΙεολ

123 1925 362 2016 διαβιώσονται
387 1925 578 2016 φεύγοντες.
624 1932 859 2019 ἐπικλωμένων
889 1930 927 2002 δέ
957 1932 1091 2000 πολλῶν

124 2031 182 2098 καὶ
199 2025 305 2098 αὐτοῦ
323 2035 532 2100 Κολλατίνου
548 2033 609 2100 τού
626 2035 673 2123 τῷ
692 2027 829 2124 Βρούτῳ
854 2029 1092 2120 συνάρχοντος,

124 2136 174 2212 εἰς
191 2127 320 2217 ἀγορὰν
335 2127 354 2199 ὁ
367 2133 514 2218 Βροῦτος
533 2134 569 2201 ἐκ
586 2136 647 2202 τού
661 2137 903 2220 βουλευτηρίου
922 2132 1091 2217 ἐξέδραμε,

82 2261 110 2300 ιι
123 2228 297 2319 προδότην
319 2228 378 2302 τδν
401 2239 610 2304 Κολλατῖνον
640 2228 820 2302 ἀποκαλῶν
827 2284 837 2319 ,
866 2233 1013 2319 πολέμου
1036 2231 1092 2299 καὶ

122 2337 326 2420 τυραννίδος
343 2327 495 2423 ἀφορμάς
512 2331 737 2423 χαριζόμενον.

205 2439 252 2504 Οί
271 2435 426 2523 πρέσβεις
450 2435 489 2504 δὲ
513 2437 566 2506 ἐπὶ
583 2441 624 2526 τῇ
646 2438 715 2506 τάν
732 2430 909 2526 χρημάτων
926 2430 1092 2524 προφάσει

122 2539 167 2626 τῇ
192 2532 300 2626 Ῥύμη
331 2539 595 2625 ἐνδιατρίβοντες
624 2548 766 2625 ἴσχυσαν
796 2543 995 2626 διαφθεῖραι
1023 2538 1091 2606 τοάν

122 2633 299 2725 ἐπισήμων
316 2634 425 2726 τινάς,
449 2633 531 2726 μεθ’
550 2627 599 2708 ύν
616 2640 672 2708 καὶ
691 2636 752 2708 δύο
770 2641 831 2709 τού
846 2635 998 2726 Βρούτου
1016 2652 1091 2708 παί-

81 2763 109 2803 ιε
124 2743 188 2819 δας
207 2743 344 2808 ἔπεισαν
364 2741 400 2808 ἐν
422 2745 463 2829 τῇ
480 2745 644 2832 προδοσίᾳ
660 2741 828 2827 γενέσθαι.
867 2737 911 2820 ἀς
928 2730 991 2810 οὖν
1009 2759 1090 2808 συν-

123 2843 265 2912 έπεισαν
282 2837 323 2910 τά
339 2838 511 2929 μειράκια,
531 2845 624 2924 ἔδοξε
641 2843 696 2910 καὶ
714 2837 816 2931 ὅρκον
833 2843 1016 2930 προβῆναι,
1035 2841 1092 2908 καὶ

123 2942 181 3012 ἐπὶ
199 2938 332 3021 τούτοις
349 2948 396 3023 είς
413 2947 525 3016 οίιιίαν
538 2948 722 3030 συνῆλθον.
752 2933 796 3030 ἦν
816 2941 852 3011 δδ
869 2939 887 3010 ὃ
904 2940 994 3020 οἶκος
1011 2937 1092 3008 ὑπί-

121 3069 228 3131 ρημος
252 3043 310 3115 καὶ
333 3041 512 3132 σκοτώδης
549 3049 672 3116 ἔλαθεν
694 3033 757 3114 οὖν
781 3049 881 3114 ἔνδον
905 3034 952 3111 ἀν
976 3039 1092 3112 οὐκέκ

122 3141 299 3231 προνοίας,
325 3141 409 3216 ἀλλά
437 3151 578 3235 τυχαίως
599 3141 774 3234 οίκέτης”
754 3171 861 3234 ονομα
886 3137 1126 3233 ούινδίκιος,Β

82 3272 108 3314 ιο
122 3248 182 3318 καὶ
199 3249 456 3335 κατακρνφθελς
479 3250 549 3318 ἐκει
563 3245 686 3334 θεατής
708 3273 745 3320 τε
761 3275 830 3317 τυν
850 3235 1069 3338 δρωμένων
1049 3275 1092 3334 ην

192 3411 263 3476 Cap.
279 3412 320 3462 12.
344 3409 491 3462 Plutarchi
501 3411 655 3464 Publicola.
685 3411 757 3462 Dino
760 3411 896 3464 ishirsto
889 3427 932 3462 ιοε
918 3411 1018 3461 eRom
1021 3424 1092 3458 aane

122 3477 191 3530 libri
204 3478 318 3544 perditi.
