2562 3814
156 134 217 200 152
452 117 538 186 m.
552 135 612 185 vn.
632 135 711 188 οιε.
724 135 812 186 xxn.

57 305 60 310 ·
154 303 210 345 ναι
229 273 441 367 στρατεύειν,
466 275 645 364 προσέταξε
670 279 844 364 γυμνῶσαι
868 275 930 364 μὲν
953 271 1010 344 τόν
1028 274 1121 346 διδύ·

156 386 280 447 σκαλον
304 379 360 446 καλ
386 380 548 466 δεσμήσαι
576 373 634 456 τὰς
658 393 770 464 χεῖρας
798 373 960 463 ὄπισθεν,
990 394 1059 458 τοις
1084 378 1121 448 δὲ

155 481 251 551 παισὶ
270 477 417 569 ῥάβδους
437 483 554 548 δοῦναι
571 479 627 546 καὶ
645 475 817 566 μάστιγας,
835 483 892 548 ἵνα
909 476 1044 559 ταύταις
1061 479 1123 550 τόν

153 577 321 671 προδότην
338 578 519 667 τύπτοντες
538 585 585 660 είς
602 576 665 668 τήν
682 577 780 649 πόλιν
795 577 968 650 ἐλαύνωσι.
1000 583 1069 650 των
1083 582 1121 650 δὲ

153 687 301 752 πολιτῶν
318 679 392 770 ύρτι
410 680 561 769 γνόντων
578 679 640 768 τήν
658 687 841 772 προδοσίαν
864 680 985 772 δρόμος
1003 671 1046 770 ήν
1065 684 1147 752 ἐκλε
1174 752 1176 756 ,

153 781 193 852 τδι
210 791 301 872 τείχη
320 787 375 853 καλ
393 790 520 871 θρῆνος
539 779 675 872 ἀνδρῶν
692 811 727 852 τε
746 786 801 852 καλ
819 787 998 871 γυναικῶν.
1032 781 1120 853 οὕτω
1277 773 1278 782 ¹

154 885 192 955 δὲ
217 887 436 974 διακειμένων
461 881 574 953 αύτῶν
598 891 768 973 προσῆγον
792 889 825 954 οί
850 889 968 966 παῖδες
991 885 1121 973 γυμνόν

152 986 211 1057 τόν
230 985 443 1057 διδάσκαλον.
486 985 579 1083 ὅπερ.
594 985 721 1068 ἰδόντες
745 991 779 1056 οί
796 993 958 1056 Φαλίσκοι
981 987 1036 1056 καὶ
1059 1016 1120 1074 μα·

119 1085 276 1169 Βθόντες
300 1087 390 1169 ὅπως
416 1090 563 1176 ἐγένετο,
594 1089 752 1178 φέροντες
782 1086 921 1168 ἑαυτούς
946 1089 1120 1159 ἐθελονταὶ

147 1195 199 1284 τῷ
222 1199 384 1284 Καμίλλῳ
408 1192 618 1278 παρέδοσαν,
647 1188 710 1278 τήν
734 1179 836 1278 ήτταν
861 1187 1032 1279 ἀγαπῆσαι
1055 1187 1161 1280 πρδιο

152 1299 211 1382 τῆς
231 1296 426 1383 ἐλευθερίας
446 1291 499 1362 διὰ
518 1290 581 1378 τήν
601 1288 817 1380 δικαιοσύνην
835 1288 939 1362 αὐτοῦ
957 1293 1118 1379 λέγοντες.

231 1392 391 1488 Χρήματα
409 1385 472 1464 οὖν
491 1389 605 1482 λαβών
629 1395 684 1462 καλ
703 1391 924 1483 σπεισάμενος
948 1389 1119 1483 ἀνεχώρη-

153 1517 222 1565 σεν.
259 1501 293 1565 οί
310 1497 347 1564 δὲ
366 1499 581 1584 στρατιῶται,
608 1492 806 1582 διαρπάσειν
830 1493 1119 1584 προσδοκήσαντες
1233 1523 1236 1528 “

152 1595 229 1678 τούς
254 1605 457 1685 Φαλερίους,
489 1593 532 1676 ὡς
556 1594 743 1684 μισοδήμου
774 1594 982 1685 κατηγόρουν
1005 1594 1119 1666 αὐτοῦ.

137 1696 342 1786 Δφθονηθεὶς
373 1696 405 1766 δ’
436 1700 489 1766 ἐπὶ
512 1699 614 1766 πλέον
645 1697 860 1786 κατηγορήθη
884 1696 928 1780 ὡς
954 1698 1058 1786 μηδὲν
1081 1696 1161 1766 τότε

156 1798 317 1891 δημόσιον
343 1801 378 1867 ἐκ
401 1802 470 1868 των
493 1802 712 1888 Τυρρηνικῶν
731 1794 907 1888 ὠφελήσας
931 1796 1119 1892 χρημάτων,

51 1895 268 1980 ιν1133αύτός
289 1898 320 1968 δ’
339 1905 376 1970 ἐκ
394 1897 523 1970 τούτων
541 1899 831 1990 σφετερισάμενος.
859 1899 946 1970 ούτω
966 1901 1004 1969 δὲ
1022 1897 1120 1988 ὠργί-

154 2010 247 2085 ζοντο
271 2000 343 2071 κατ’
366 1999 469 2072 αύτού
495 1999 538 2084 ὡς
556 1999 638 2091 μηδ’
654 2002 767 2072 οἶκτον
785 2000 890 2072 αὐτού
906 2030 982 2071 τινα
1000 2009 1120 2088 λαβεῖν

154 2105 208 2173 ἐπὶ
225 2106 266 2195 τῇ
284 2103 440 2196 συμβύση
459 2102 552 2198 αὐτῷ
574 2107 746 2194 συμφορᾷ·
771 2109 915 2191 τέθνηκε
932 2099 996 2190 γὰρ
1014 2101 1118 2172 αύτοῦ

152 2203 297 2294 νοσήσας
315 2203 333 2275 ὁ
352 2210 461 2296 ἔτερος
479 2213 547 2275 τῶν
564 2209 659 2274 νίοὶν.
694 2202 850 2295 δεόμενος
870 2206 907 2274 δὲ
924 2207 1116 2292 τῶνφίλων
1129 2230 1159 2270 ιο

49 2306 196 2398 Ρ1355μή
215 2314 380 2398 περιιδεῖν
398 2304 501 2376 αὐτόν
518 2304 641 2389 ἀδίκως
660 2303 958 2397 κατακρινόμενον,
983 2309 1119 2397 ἐπείπερ

151 2413 274 2478 ’ἐκείνοι
299 2411 382 2497 πρὸς
406 2410 467 2496 μὲν
490 2407 552 2496 τήν
569 2412 684 2498 ψήφου
709 2406 799 2501 αύτῷ
818 2405 1002 2496 βοηθήσειν
1023 2403 1119 2478 ύπεί-

152 2536 269 2595 παντο,
288 2509 350 2598 τήν
364 2511 401 2578 δὲ
414 2517 532 2600 ζημίαν
543 2507 680 2598 όφλοντι
696 2516 906 2580 συνεκτίσειν
922 2505 1119 2598 ὑπέσχοντο,

151 2609 214 2680 οὐκ
233 2607 456 2700 ἀνασχόμενος
483 2620 568 2699 ἔγνω
593 2629 717 2700 φυγεῖν
743 2615 779 2681 ἐκ
804 2619 862 2700 τής
887 2609 1024 2692 πόλεως.
1062 2614 1118 2680 καὶ

153 2710 249 2794 ἐξιόν
267 2709 400 2800 ηύξατο,
421 2721 453 2782 εί
468 2712 513 2801 μή
532 2719 683 2800 δικαίως,
709 2710 807 2802 ὕβρει
833 2713 870 2782 δὲ
890 2710 999 2802 δήμου
1024 2717 1117 2784 ἐκπί-
1129 2737 1159 2776 ιο

152 2840 226 2884 πτει
250 2817 305 2884 καλ
330 2812 468 2907 φθόνῳ,
495 2811 577 2903 ταχύ
601 2814 678 2896 τούς
694 2812 824 2895 ἀύτούς
851 2823 987 2896 πολίτας
1013 2811 1116 2884 αὐτοῦ

153 2919 319 3006 δεηθῆναι
338 2918 392 2985 καλ
412 2922 547 3005 ζητῆσαι
565 2913 675 2986 αὐτόν.

223 3016 366 3098 Ἐκεῖνος
383 3018 446 3107 μὲν
463 3009 525 3088 οὖν
542 3017 626 3107 πρός
640 3013 856 3099 Ῥουτούλους
868 3018 1024 3106 μετέστη,
1044 3013 1117 3105 ἐρή-

86 3154 89 3158 ·
149 3147 217 3206 μην
236 3114 270 3188 δ’
291 3117 391 3208 έύλω,
410 3121 465 3190 καὶ
485 3123 596 3208 ψῆφος
621 3116 749 3208 ήνέχθη
773 3115 846 3188 κατ’
866 3115 970 3188 αύτού
990 3123 1117 3206 τίμημα

102 3271 106 3286 .
149 3225 281 3312 μυρίων
298 3223 353 3290 καλ
372 3229 650 3310 πεντακισχιλίων
673 3218 844 3312 ἀσσαρίων
862 3228 1002 3310 ἔχουσα,
1025 3215 1047 3288 δ
1061 3224 1116 3308 γί-
1130 3241 1159 3280 ιο

211 3386 244 3435 20
262 3377 397 3449 δεόμενος
412 3381 456 3450 δὲ]
475 3385 537 3436 Huc
555 3386 729 3437 referendum
743 3391 785 3437 est
804 3387 904 3436 Dionis
919 3385 1016 3449 fragm.
1030 3385 1076 3446 24,
1089 3384 1119 3445 4,

148 3451 198 3503 sed
211 3453 297 3503 verba
309 3457 374 3529 sunt
386 3452 529 3504 Plutarchi
542 3453 652 3504 Camill.
666 3471 690 3505 ο.
705 3457 745 3504 12.
