2510 3834
178 173 201 238 8
493 171 768 226 L1B.v1.0AP.11.
782 172 833 225 111.

178 328 299 396 ναίκας
316 329 385 394 τοῖς
403 308 546 402 άνδράσι
563 317 656 401 φησί.
687 313 857 402 παρθένος
874 309 938 402 γάρ
956 339 1012 401 μοι
1030 331 1146 383 συνοι-
1227 347 1228 354 ¹

179 413 328 506 κήσασα,
353 417 410 485 καὶ
433 419 557 496 παῖδας
579 411 770 501 γεννήσασα
794 415 827 496 ἐξ
846 416 943 503 ἐμοῦ,
969 411 1061 504 λήθη
1078 416 1147 484 τῶν
1211 434 1218 446 “

181 521 270 607 ἐμῶν
295 513 429 607 ἐράτων
454 516 622 605 δευτέροις
642 510 760 642 ράμοις
784 512 967 604 ῶμίλησας·
994 517 1051 585 καί
1068 511 1142 584 οὐδ’

180 615 289 700 οὕτως
307 638 360 693 σοι
377 615 475 708 κόρος
491 618 550 706 τής
569 613 657 698 είς
638 621 725 706 ημᾶς
743 616 873 705 ἐγένετο
890 611 1038 706 ὕβρεως,
1062 613 1146 686 άλλά

180 721 238 790 καὶ
250 725 362 810 τρίτον
376 739 482 810 σαυτη
468 723 645 842 νυμφίον
657 721 954 808 παρακατέιιλινας,
973 719 1029 788 καὶ
1042 720 1171 787 ταῦται

182 819 261 912 ἐμὸν
278 817 438 910 ἀδελφόν.
476 815 552 889 ἀλλ’
568 815 633 908 έμιό
651 837 690 888 σε
706 809 807 901 αὖθις
825 818 909 908 ἐμήν
926 816 1148 908 ποιησάμενος
1246 865 1248 870 ,

180 925 239 1011 τής
263 923 317 992 ἐπὶ
340 919 448 1016 τοάτφ
473 916 652 1008 άπαλλάξω
676 917 864 1010 amima?
905 925 1011 990 ταῦτα
1034 924 1149 1008 διηγη-

76 1025 311 1148 ΡΙνσσσαμένη
335 1019 417 1113 πρὸς
439 1021 498 1103 τάς
517 1019 680 1110 συνήθεις
703 1024 772 1092 τῶν
794 1022 967 1110 γυναικῶν
988 1019 1071 1110 μετά
1093 1049 1146 1110 μι-

183 1123 266 1216 κρδν
282 1127 430 1216 τελευτᾷ.

150 1221 171 1285 3
256 1223 301 1296 ‘H
310 1223 369 1296 δέ’
369 1220 563 1317 Αρχελάφ’
544 1221 692 1314 υπήκοος
704 1221 795 1315 χῶρα
812 1249 853 1312 τη
837 1225 979 1314 Συρίᾳ
991 1243 1151 1314 προσενε·
1161 1247 1189 1288 ιο

181 1325 287 1418 μήθη.
320 1328 476 1416 ἐπέμφθη
495 1326 533 1396 δέ
546 1327 603 1396 καὶ
616 1323 786 1416 Κυρήνιος
795 1319 1074 1413 ,ἀπογραψάμενος
1087 1321 1150 1412 τήν

182 1435 317 1520 Συρίαν
334 1431 391 1498 καὶ
409 1423 516 1518 αὐτήν
538 1423 704 1502 Ἰουδαίαν
720 1422 921 1516 προσθήκην
944 1427 1074 1514 ἐκείνης
1091 1451 1149 1514 με·

182 1533 381 1619 μαἐνημένην.
412 1527 569 1600 Ἰουδαῖοι
588 1529 636 1615 δέ,
654 1533 775 1618 καίπερ
789 1525 952 1619 πρότερον
969 1529 1024 1596 καὶ
1037 1528 1150 1616 μέχρις

183 1629 285 1718 άκοής
308 1629 371 1719 τήν
388 1626 591 1719 ἀπογραφήν
609 1633 902 1719 δυσχεραίνοντες,
925 1625 999 1699 τότε
1015 1632 1076 1698 τοῦ
1093 1621 1151 1716 69-

183 1729 320 1822 ’χιερέως
332 1728 509 1821 Ἰωαζάρου
527 1738 702 1812 πείσαντος
721 1727 843 1812 αὐτους
861 1731 1030 1801 ἐνέδοσαν.
1063 1736 1194 1798 rav-1⁵

184 1839 321 1925 λανίτης
341 1833 380 1901 δέ
394 1859 445 1916 τις
463 1829 568 1922 ἀνήρ,
591 1829 717 1904 Σαδῶκ
736 1840 923 1920 Φαρισαῖον
940 1849 1152 1921 προσεταιρι-

185 1930 346 2023 σάμενος,
370 1934 528 2022 πολέμων
542 1935 599 2004 καὶ
622 1938 812 2024 ληστηρίων
834 1931 871 2004 τό
890 1938 991 2014 ἔθνος
1010 1932 1154 2020 ἐνέπλη-

184 2056 266 2122 σαν,
297 2035 449 2122 λέγοντες
473 2032 574 2106 οὐδέν
597 2037 713 2157 ἕτερον
735 2032 822 2105 εἶναι
849 2031 912 2135 τήν
934 2036 1003 2103 τῶν
1025 2029 1154 2102 οὐσιῶν

186 2129 431 2225 άποτίμησιν’“
410 2163 431 2222 η
458 2133 661 2208 δουλείαν’
639 2155 812 2225 αυτικρυς
844 2137 900 2204 καὶ
925 2132 1067 2202 ἐδόκουν
1088 2131 1153 2219 μέν

150 2237 242 2307 Βέπί
265 2234 448 2326 διορθώσει
470 2240 539 2307 τῶν
561 2239 685 2308 κοινῶν
707 2241 924 2323 κεκινῆσθαι,
947 2259 988 2322 τη
1013 2229 1044 2300 δ
1069 2229 1153 2318 ἄλη·
1157 2253 1197 2295 νο

184 2343 266 2406 θεία
291 2335 336 2406 δι’
358 2341 493 2407 οίκείων
511 2342 678 2408 έσπευδον
702 2331 872 2425 κερδῶν’
855 2329 1015 2422 αφορμάς.
1053 2322 1156 2416 έξῶν

185 2434 319 2520 στάσεις
337 2434 491 2524 ἐφύησαν
515 2439 571 2508 καὶ
588 2435 692 2525 φόνος
715 2435 850 2505 πολλῶν
873 2434 929 2504 καί
954 2429 1067 2505 αὐτῶν
1083 2435 1156 2504 τῶν

185 2533 330 2629 πρῶτων
347 2534 528 2627 ἀνδρῶυ,“
514 2566 532 2608 ο
551 2537 614 2631 μέν
632 2541 807 2626 ἐμφυλίοις
824 2551 982 2624 σφαγαῖς,
998 2563 1017 2604 ο
1005 2532 1131 2604 “δδ
1083 2563 1156 2606 των

186 2645 375 2727 πολεμίων,
399 2637 493 2728 λιμός
517 2665 553 2708 τε
577 2640 634 2708 καὶ
657 2635 790 2709 πόλεων
812 2635 953 2720 ἆλῶσεις
976 2639 1033 2706 καί
1051 2663 1157 2706 κατα·
1215 2701 1217 2704 .

186 2741 315 2828 σκαφαὶ
332 2741 465 2810 καδτοῦ
485 2743 577 2828 ίεροῦ
595 2735 795 2830 έμπρησμός.
1170 2757 1202 2800 2⁵

269 2841 378 2930 Τριῶν
395 2837 460 2932 γάρ
475 2839 589 2910 οὐσῶν
607 2843 644 2910 ἐκ
661 2843 806 2912 παλαιοῦ
823 2855 893 2922 τοῖς
906 2837 1081 2919 Ἰουδαίοις
1098 2865 1158 2926 φι-

186 2949 347 3032 λοσοφίας
367 2941 475 3030 ὁδῶν,
504 2939 548 3024 ῶς
572 2942 629 3012 καί
651 2938 802 3033 πρόσθεν
827 2952 973 3030 είρηται,
1004 2940 1062 3028 τής
1085 2944 1159 3010 τῶν

184 3037 366 3133 Ἐσσηνῶν,
384 3049 443 3134 τής
459 3046 528 3114 τῶν
543 3049 749 3136 Φαρισαίων,
769 3043 826 3113 καὶ
843 3045 902 3132 τῆς
913 3045 982 3112 τῶν
994 3045 1160 3112 Σαδδου-

186 3150 310 3232 καίων,
337 3141 477 3236 τετάρτη
502 3139 587 3233 αὕτη
614 3148 806 3226 ἐπείσακτος
835 3139 925 3236 παρά
949 3139 1075 3214 Σαδῶκ
1097 3143 1161 3212 καὶ
1205 3200 1208 3206 .

256 3389 324 3460 Gap.
337 3395 362 3445 3.
387 3393 500 3459 Iosephi
510 3392 575 3446 Ant.
592 3394 637 3457 1⁷,
652 3395 699 3458 13,
713 3393 737 3454 ξ.
750 3393 858 3456 5-18,
871 3394 899 3454 2,
912 3392 935 3453 ξ.
949 3393 974 3442 2.

256 3477 289 3526 2⁷
307 3467 450 3545 πρόσθεν]
470 3478 500 3541 5,
518 3493 544 3544 p.
559 3479 617 3542 21⁷,
632 3478 666 3528 D.
744 3509 746 3518 ι
