2538 3824
208 177 272 242 448
516 179 587 230 LIB.
600 179 639 230 X.'
654 177 732 229 cAP.
745 179 870 230 xxxvl.

211 317 347 408 ἐτόλμα·
382 315 401 388 6
418 318 516 398 Γάιος
535 317 573 387 δέ
590 319 646 396 καὶ
663 315 682 388 6
698 314 843 398 Λούκιος
861 317 932 390 νέοι
950 319 1006 386 καὶ
1023 315 1178 407 πραγμά·
1212 357 1216 364 ·

121 477 123 482 .
181 495 182 498 χ
209 449 278 492 των
296 419 478 509 ἐτύγχανον
494 415 634 512 ἀπειροι.
674 415 822 508 ἀνάγκης
841 417 872 488 δ’
895 420 1102 507 ἐπικειμένης
1118 417 1179 490 τὸν

209 520 315 593 Γάιον
333 526 455 610 είλετο,
481 523 538 592 καὶ
560 517 622 610 τήν
643 549 679 591 τε
704 523 861 603 ἐξουσίαν
882 516 1050 613 αὐτῷτὴν
1067 517 1179 590 ἀνθύ-

127 627 132 633 ’
210 651 316 694 πατον
333 623 389 692 καὶ
406 637 551 711 γυναῖκα
569 627 713 712 ἔδωκεν,
731 627 789 693 ἵνα
806 617 870 692 κάκ
887 619 1007 692 τούτου
1024 650 1056 692 τι
1073 642 1179 711 κροσ-

211 723 299 816 λάβη
318 722 457 814 ἀξίωμα,
476 729 586 794 καίοί
570 725 655 794 ίκαὶ
666 715 887 814 συμβούλους
905 725 1093 816 προσέταξε.
1121 725 1203 796 καὶι

209 821 308 916 ὁμὲν
314 821 518 958 ἀφωρμήθη
543 829 683 915 ἐντίμως
709 822 799 916 παρά
818 823 955 896 πάντων
971 819 1180 914 ὑποδεχόμε-

175 956 268 1028 νος
292 923 348 998 οἷα
371 931 434 998 τού
455 925 697 1018 αὐτοκράτορος
721 921 894 1029 ἔγγονος
874 955 895 1014 η
913 927 969 996 καί
987 942 1066 1008 παῖς
1083 953 1180 1049 υομι·

175 1023 362 1119 Βζόμενος,
393 1023 495 1102 καὶ
477 1057 497 1152 ρ
527 1031 677 1119 Τιβέριος
706 1026 737 1100 θ’
768 1032 802 1110 ἐς
827 1035 913 1099 Χίον
939 1026 1051 1099 ἐλθόν
1073 1023 1179 1098 αύτόυ

212 1127 485 1253 ἐθεράπευσε,
447 1159 506 1214 τας
523 1124 671 1214 ἀπορίας
688 1125 997 1222 ἀποτριβόμενος,
977 1136 1179 1200 υποπίπτων

210 1261 246 1303 τε
271 1228 327 1302 διά
350 1235 449 1304 τούτο
471 1234 567 1302 καί
558 1229 834 1322 ταπεινούμενος
878 1227 1040 1304 ἀπελθόν
1067 1229 1105 1300 δέ
1130 1237 1178 1312 είς
1192 1263 1219 1304 10

209 1333 272 1428 τὴν
296 1341 431 1422 Συρίαν
453 1335 510 1404 καὶ
534 1333 641 1423 μηδὲν
663 1335 747 1456 μέγα
772 1331 1005 1424 κατωρθωκιός
1036 1329 1178 1422 ἐτρώθη.

203 1433 338 1506 Ἀδδων
362 1433 427 1525 γάρ
450 1463 498 1516 τις
520 1432 561 1504 τά
583 1433 778 1526 Ἀρτάγειρα
808 1437 958 1524 κατέχων
987 1431 1180 1523 ὑπηγάγετο

210 1535 302 1626 παρά
318 1527 355 1606 τό
373 1553 480 1625 τεῖχος
496 1533 556 1606 τόν
572 1533 723 1606 Γάιον
695 1565 740 1618 ως
757 1565 788 1606 τι
806 1535 947 1626 φράσων
973 1531 1178 1624 ἀπόρρητον,

209 1642 265 1708 καὶ
283 1632 387 1708 αύτόν
404 1645 560 1726 ἔτρωσεν.
596 1667 614 1708 ο
601 1627 754 1727 μὲν
711 1665 775 1708 ουν
792 1638 1030 1760 πρλιορκηθεὶς
1047 1634 1136 1734 ἥλω,
1160 1634 1177 1708 6

210 1740 250 1808 δὲ
273 1736 374 1818 Γάιος
399 1736 560 1828 ἐνόσησεν
591 1742 628 1809 ἐκ
657 1743 719 1810 τού
748 1737 952 1829 τραύματος,
983 1740 1039 1808 καὶ
1068 1735 1221 1821 ἀλλωςιι

210 1841 323 1930 μέντοι
340 1836 385 1929 μὴ
404 1833 453 1910 τόν
468 1835 632 1930 ύγιεινός,
661 1837 713 1911 διό
738 1835 794 1910 καὶ
818 1838 881 1929 τὴν
899 1839 1052 1911 διάνοιαν
1071 1842 1180 1924 ἐξελέ-

210 1951 309 2029 λντο,
340 1946 453 2037 πολλῷ
476 1948 604 2032 μᾶλλον
629 1939 876 2032 ἀπημβλύνθη,
908 1944 964 2012 καί
993 1939 1180 2014 ἰδιωτεύειν

209 2041 320 2134 ἀξίου·
357 2039 442 2114 ὥστε
459 2044 518 2116 τόν
536 2041 738 2132 Αὔγουστον
754 2041 1023 2135 περιαλγήσαυτα
1040 2047 1180 2136 προτρέ-

210 2157 341 2229 ψασθαι
372 2141 466 2241 αύτςό
496 2148 529 2226 ἐς
558 2145 621 2235 τὴν
647 2140 787 2220 Ἰταλίαν
818 2145 952 2216 ἐλθόντι
977 2141 1134 2237 πράττειν
1160 2139 1181 2214 6

209 2245 373 2334 βούλοιτο.
412 2242 430 2316 6
455 2247 492 2318 δὲ
516 2251 549 2330 ἐς
573 2255 706 2318 Λυκίαν
733 2251 770 2318 ἐν
791 2241 909 2338 ὁλκάδι
932 2249 1224 2339 παρέπλευσεν,εο

108 2355 298 2420 ΡΙῠιοένθα
324 2347 365 2437 66
388 2351 444 2419 καὶ
469 2346 679 2438 μετήλλαξεν.
724 2377 742 2419 ο
730 2346 805 2420 δὲ
826 2347 1007 2432 Ao6mog‘
991 2377 1010 2418 ο
1032 2345 1179 2436 ἀδελφὸς
1259 2393 1265 2426 ·.

210 2449 315 2520 αύτου
303 2450 547 2570 προαπέσβη,
572 2451 731 2540 ἐξαίφνης
753 2449 842 2545 νόσω
860 2447 1054 2520 ἀποθανών.
1100 2477 1125 2538 η
1141 2477 1181 2520 τε

210 2542 273 2622 οὖν
290 2557 394 2640 Λιβία
412 2551 530 2621 ἐπὶ
484 2579 530 2622 τω
548 2549 687 2646 θανάτῳ
704 2550 833 2622 τούτων
857 2549 1068 2640 ὑπωπτεύθη
1085 2549 1177 2620 καὶ
1160 2580 1179 2622 ο

215 2653 377 2775 Τιβέριος,
395 2681 436 2724 ου
426 2624 568 2748 ’πολλω
584 2650 748 2746 πρότερον
766 2656 859 2756 ἐκ
820 2682 877 2743 της
891 2648 1007 2724 P66ov
1020 2649 1103 2744 πρός
1115 2650 1181 2772 την

203 2751 332 2844 Ῥωμην
353 2749 596 2845 ύπονοστήσας.
644 2751 744 2838 αύτός
773 2783 810 2824 τε
834 2752 903 2878 γάρ
933 2759 991 2844 τῆς
1022 2753 1079 2824 διά
1108 2781 1180 2825 τωυ
1193 2784 1226 2826 25

194 2853 342 2948 ’ἀσιρων
371 2863 532 2946 μαντικῆς
564 2846 847 2946 ἐμπειρότατος
824 2885 869 2946 ην
895 2857 951 2926 και
978 2853 1180 2945 Θράσυλλον

211 2957 300 3050 εἶχεν
324 2954 433 3050 ἀνδρα
452 2956 518 3048 ’την
540 2956 762 3048 ἀστρολογίαν
784 2955 983 3048 ἀκρότατον·
1017 2955 1102 3029 ὅθεν
1119 2958 1180 3028 καὶ

208 3057 249 3129 τά
272 3063 388 3154 ἐαυτῷ.
403 3061 460 3130 καλ
482 3058 523 3130 τά
545 3063 684 3142 ἐκείνως
700 3063 863 3150 μέλλοντα
881 3065 1083 3150 συμβαίνειν
1099 3055 1180 3147 ἠπί-

108 3181 109 3184 ’
210 3181 319 3232 στατο.
360 3163 490 3250 λέγεται
513 3166 597 3250 γοῦν
619 3159 670 3233 ὅτι
688 3168 870 3252 βουληθείς
887 3164 1002 3232 ποτεὸ
1025 3162 1180 3251 Τιβέριος
1254 3227 1257 3235 Δ

210 3263 248 3328 ἐν
270 3264 312 3350 τῇ
327 3258 431 3355 Ρόβω
455 3258 514 3332 τόν
532 3260 766 3355 Θράσυλλον’
747 3263 813 3334 απὸ
830 3291 890 3334 του
878 3266 1036 3354 τείχους
1058 3260 1179 3387 ὤσειν,
1195 3292 1229 3334 ιο

210 3353 254 3438 ὥς
271 3358 376 3448 μόνον
389 3331 600 3432 όυυειδότα”
581 3385 707 3455 οσαπερ
723 3363 859 3453 ἐνενόει,
877 3363 1179 3459 σκυθρωπάσαντά

209 3457 354 3532 πείθων
378 3457 497 3551 αύτόν,
520 3457 619 3564 ἤρετο
645 3463 735 3535 δι’“
716 3495 779 3556 ο,τι
802 3467 1007 3557 συννένοφε·
1050 3471 1110 3543 τοῦ
1136 3465 1179 3536 δὲ
