2566 3800
426 167 496 248 Lm.
510 167 586 218 x111.
608 167 686 218 σαν.
707 169 739 222 ν,
758 170 806 220 v1.
1032 169 1089 233 191

1 328 2 333 ’
120 305 365 396 φιλοτιμότατα.
391 304 409 376 ὁ
429 307 466 376 δέ
485 306 655 397 Σαπιόρης
674 306 769 400 ἐφ’κει
785 313 828 400 τῇ
846 315 943 399 φυγῇ
962 312 1092 381 ἐκείνου

121 407 309 496 ἐφήδεσθαι
333 402 388 478 οἷα
405 407 467 478 τόν
485 411 517 492 ἐξ
537 411 669 480 ἐκείνου
688 406 1006 499 ἀποσκευασάμενος
1024 411 1091 500 φό-

117 517 193 598 βον,
219 505 261 578 οό
285 509 393 598 μόνον
412 513 599 598 ἐκδοθῆναί
613 515 649 579 οί
663 509 725 580 τόν
743 510 884 599 φυγάδα
900 509 964 580 οὐκ
984 511 1091 601 ἐξεζή-

119 631 234 700 τησεν,
252 609 339 680 άλλά
357 612 415 680 καὶ
431 609 496 700 τὴν
512 626 660 699 γυναῖκα
678 609 772 706 αὐτῷ
791 615 934 702 ἐντίμως
952 615 1088 703 ἐξέπεμ-

92 727 194 796 σψεν.
230 703 273 800 ἦν
296 712 335 782 δὲ
361 710 577 801 δ’Ὁρμίσδας
601 714 659 784 καὶ
684 712 791 794 πολδς
813 712 876 802 την
900 712 1002 803 ίσχδν
1032 717 1194 787 καὶΡΙΙΙΒ

118 811 316 902 άκοντιστης
334 815 531 904 περιδέξιος,
560 811 605 896 ὥς
624 817 661 884 έν
677 821 725 908 τῷ
744 815 884 885 πάλλειν
896 815 986 894 κατά
1003 798 1124 899 τινοςΑ

117 914 155 985 τό
191 912 348 984 ἀκόντων
381 917 559 1006 προλέγειν
593 912 682 986 ὅπου
716 923 816 1004 βαλεῖ
837 915 900 987 τόν
923 919 1091 1006 πολέμιον.

118 1009 218 1097 οὗτος
241 1023 360 1086 τοίνυν
383 1023 431 1110 τῷ
449 1025 677 1115 Κωνσταντίφ
705 1016 789 1088 κατά
813 1023 882 1088 τῶν
905 1015 1090 1108 ὁμοφύλων

119 1116 412 1207 συνεστρατεύετο,
431 1117 547 1208 άρχειν
564 1119 701 1207 ταχθεὶς
718 1120 848 1188 ἱππέων
864 1127 939 1208 ίλης
953 1127 1088 1209 πολλῆς.

79 1216 138 1290 1οό
156 1217 315 1308 βασιλεῦς
339 1218 378 1290 δέ
395 1219 630 1300 Κωνστάντιος
660 1219 818 1300 πολλάκις
844 1235 917 1301 τοῖς
942 1224 1089 1312 Πέρσαις

120 1319 304 1410 συμβαλών
329 1319 393 1410 την
409 1320 534 1410 ἥττονα
550 1335 676 1411 μοῖραν
694 1319 762 1410 εἶχε
779 1322 836 1390 καὶ
854 1321 1002 1404 πολλοδς
1019 1330 1089 1393 τῶν

119 1428 255 1492 οίκείωυ
279 1417 435 1510 ἀπέβαλε.
471 1421 527 1492 καλ
552 1428 622 1492 τεόν
640 1429 785 1514 Περσῶν
803 1422 842 1492 δὲ
861 1431 1010 1494 πλεῖστοι
1027 1450 1085 1494 πε-

1 1602 2 1607 ,
119 1523 269 1594 πτάκασι
286 1524 343 1593 καὶ
361 1521 464 1606 αὐτὸς
482 1522 501 1594 ὁ
519 1523 689 1615 Σαπόρης
708 1525 874 1614 ἐτέτρωτο.

198 1621 296 1696 Οὕτω
318 1625 433 1714 μέντοι
455 1630 525 1694 τόν
543 1627 598 1694 ἐπὶ
617 1627 752 1716 Πέρσας
770 1628 926 1715 πολέμων
944 1647 1082 1696 συνενε-
1102 1625 1122 1690 6

79 1747 106 1786 1⁵
118 1727 272 1816 χθέντων
302 1732 350 1819 τῷ
381 1733 514 1814 βασιλεῖ
542 1735 788 1821 Κωνσταυτίφ,
823 1725 947 1816 μαθων
980 1733 1087 1797 ταῦτα
1128 1797 1131 1806 ,

120 1830 349 1916 Μαγυέντιος,
374 1825 413 1909 δς
432 1831 468 1897 ἐκ
486 1827 611 1919 πατρὸς
629 1828 692 1917 μέυ
709 1830 868 1916 γεγένητο
886 1835 1088 1918 Βρεττανοῦ,

120 1933 158 1999 ἐν
184 1946 254 2010 τοῖς
272 1936 487 2022 προτίκτορσι
509 1927 541 1998 δ’
563 1929 789 2018 ἐστρατεύετο,
808 1928 879 1998 εἶτα
902 1931 959 2000 καλ
982 1931 1122 2020 κόμηςΒ

120 2029 304 2120 ὠνομάσθη
326 2029 506 2120 ταγμάτων
523 2029 587 2100 δύο
601 2027 804 2119 Ῥωμαϊκῶν,
828 2037 1040 2119 τυραννῆσαί
1054 2059 1090 2100 τε

118 2133 175 2201 καὶ
201 2131 322 2226 πρῴην
347 2135 526 2221 ἐπιθυμεῖν
548 2130 621 2200 τότε
643 2137 773 2220 μάλλον
791 2136 889 2199 ἐθετο
907 2137 954 2222 τῷ
973 2139 1089 2224 σκοπῷ

83 2256 111 2296 20
124 2232 177 2304 ότι
194 2230 382 2322 ἀτυχοῦντα
402 2234 477 2323 περὶ
490 2231 727 2321 τδνΠερσικδν
743 2231 891 2320 πόλεμον
907 2229 1012 2318 ἤκουε
1029 2230 1090 2301 τόν

118 2335 370 2406 Κωνστάντιαν.
405 2336 462 2405 καὶ
486 2332 662 2425 εὐκαιρίαν
686 2339 796 2424 ἐκρινε
818 2337 1004 2420 τηνικαῦτα
1028 2337 1089 2402 τοῦ

2 2482 3 2485 =
119 2437 398 2526 ἐπικεχειρηκέναι
421 2441 465 2526 τῇ
487 2440 682 2526 τυραννίδι·
717 2435 772 2504 καὶ
805 2433 1017 2524 πλασάμενος
1048 2433 1089 2503 τά

119 2540 244 2608 ἑαυτοῦ
270 2537 435 2626 ἑορτάζειν
459 2539 617 2626 γενέθλια
636 2539 673 2606 ἐν
691 2534 947 2630 Αάγουστοόλφ
964 2537 1007 2626 τῇ
1026 2535 1089 2606 πό-

119 2648 167 2708 λει
191 2637 395 2709 συνεκάλεσε
418 2638 499 2719 τοδς
523 2639 660 2728 ἐξόχους
683 2645 743 2727 τῆς
766 2637 895 2718 πόλεως
918 2645 981 2708 τοῦ
1007 2659 1089 2728 συμ-

78 2762 105 2803 ²⁵
118 2747 239 2811 ποσίον
259 2737 354 2834 αὐτῷ
373 2742 655 2828 συμμεθέξοντας,
672 2739 754 2820 τοδς
777 2739 841 2827 μὶν
858 2739 916 2807 καὶ
934 2745 1089 2809 συνίστο-
1134 2747 1137 2753 ’

118 2869 179 2932 ρας
205 2839 299 2934 αὐτῷ
322 2846 385 2910 τοῦ
411 2846 551 2928 σκοποῦ,
578 2839 659 2921 τοδς
685 2840 723 2909 δέ
748 2839 805 2908 καλ
822 2837 1007 2927 άμετόχους
1026 2845 1088 2908 τοῦ

118 2944 313 3032 σκέμματος.
357 2944 414 3012 καλ
441 2942 613 3033 παρέτεινε
632 2940 696 3010 τδν
720 2939 824 3010 πότον
849 2942 911 3020 ἕως
937 2940 1088 3028 ἑσπέρας.

119 3043 302 3128 ἐξαναστάς
321 3043 359 3113 δέ
376 3050 438 3114 τοῦ
454 3049 645 3132 συμποσίου
662 3052 787 3130 αἴφνης
801 3046 849 3122 είς
866 3037 928 3108 τόν
946 3045 1089 3110 κοιτῶνα

118 3147 308 3236 εἰσέδραμε,
326 3146 383 3214 καὶ
400 3145 551 3237 πρόεισιν
570 3146 706 3215 ἐκεῖθεν
722 3140 805 3231 μετὰ
822 3138 931 3232 βραχδ
952 3143 989 3210 ἐν
1004 3141 1089 3229 om-

77 3271 195 3337 εοματι
217 3254 389 3335 βασιλείας
415 3245 482 3317 σδν
507 3243 711 3337 δορυφόροις
730 3251 883 3330 πολλοῖς,
907 3238 1025 3324 δτοδς
1042 3241 1122 3332 μηδ

118 3348 315 3430 συνειδότας
324 3345 487 3442 αὐτῷτὴν
500 3350 623 3438 πρᾶξιν
637 3345 806 3435 ἐτάραξεν.
824 3347 950 3425 ἐκεῖνος
963 3343 1001 3413 δέ
1014 3348 1088 3414 δια-

117 3449 250 3538 λεχθεὶς
258 3463 328 3530 τοῖς
338 3455 497 3538 παροῦσι,
504 3448 584 3531 τοδς
593 3447 656 3538 μὲν
666 3453 774 3518 ἐπεισε
784 3447 975 3516 συνθέσθαι
985 3443 1090 3540 αὐτῷ,
