2562 3814
444 159 514 208 τοι.
527 158 587 210 vn.
607 157 686 208 οεΡ.
699 159 733 212 v.
1012 157 1072 222 101

11 289 22 352 Γ·
104 293 264 386 ἐκτήσατο
283 298 451 386 διένειμεν
468 287 563 378 οὗτος
581 313 650 378 τοῖς
668 293 804 387 ἀπόροις
827 303 895 367 τῶν
913 301 1072 386 πολιτῶν,

11 353 22 460 ἰ
103 397 261 489 ἀφαιρῶν
285 402 318 482 ἐξ
342 397 456 468 αύταῐν
481 397 543 486 τήν
572 394 734 488 ἀπορίαν,
765 396 809 479 ὡς
839 393 990 488 ἀνάγκην
1012 403 1105 488 τῆςῑ)

11 463 18 586 ἰ
101 497 236 582 ἀδικίας
249 497 438 588 ποιητικήν,
455 501 511 571 καί
526 503 659 590 τρέπων
678 506 725 580 εἰς
737 507 915 590 γεωργίαν,
934 495 980 582 ὦς
992 500 1072 571 ταύ-

11 592 17 702 Ι
100 631 159 692 της
179 599 405 692 ἐξημεροόσης
429 599 488 673 τὸν
507 604 614 691 δῆμον
636 603 693 674 καί
712 597 837 694 δριμύν
855 600 991 693 εἰρήνης
1010 608 1068 674 δυ-

11 707 13 722 ⁵
77 705 250 793 εναμένης
269 705 421 792 ἐμποιεῖν
437 708 553 792 ἔρωτα.
600 757 605 761 -

153 881 157 883 ,
179 807 323 893 Λέγεται
341 805 380 874 δὲ
397 805 452 874 καὶ
469 805 528 874 τὸν
547 801 752 895 Ἰανουάριον
770 805 825 874 καί
843 804 909 876 τόν
921 813 1072 896 Φεβρου-

101 906 200 996 άριον
222 905 304 995 παρ’
326 901 431 975 αὐτοῦ
453 921 522 988 τοῖς
544 908 626 994 μησὶ
649 909 896 995 προστεθῆναι,
922 907 1072 979 δωδεκά-

11 1039 13 1124 χ
100 1035 210 1106 μηνον
229 1005 313 1100 κατὰ
330 1006 389 1076 τὸν
406 1010 464 1096 τῆς
483 1004 626 1095 σελήνης
641 1005 766 1096 δρόμον
783 1005 1073 1096 νομοθετήσαντος

11 1141 14 1170 ι
100 1115 295 1198 λογίζεσθαι
313 1105 371 1178 τόν
395 1106 567 1196 ἐνιαυτόν,
593 1106 780 1196 δεκάμηνον
804 1107 956 1197 πρόσθεν
979 1107 1072 1197 ὄντα,

11 1171 16 1306 ἰ
64 1239 89 1278 ιο
104 1209 149 1292 ὣς
170 1213 272 1291 ἐνίοις
295 1213 364 1280 τῶν
387 1207 571 1300 βαρβάρων
587 1215 766 1299 τρίμηνον,
791 1213 937 1280 καὶτῶν
955 1209 1073 1300 Ἑλλή-
1161 1253 1163 1262 =

11 1311 16 1410 ἕ,
101 1341 173 1383 νων
198 1309 336 1400 Ἀρκάσι
366 1312 429 1400 μὲν
454 1309 680 1402 τετράμηνον,
712 1325 781 1391 τοῖς
807 1311 845 1379 δὲ
871 1308 1073 1400 Ἀκαρνᾶσιν

11 1415 15 1500 Ι
101 1411 276 1501 ἑξάμηνον.
319 1419 518 1500 Αἰγυπτίοις
549 1412 587 1482 δέ
618 1406 772 1501 μηνιαῑος
796 1401 841 1499 ῆν
865 1408 883 1480 ὁ
908 1411 1072 1500 ἐνιαυτός,

104 1513 177 1584 εἶτα
193 1510 408 1604 τετράμηνος·
429 1510 482 1584 διό
500 1515 556 1584 καὶ
568 1511 778 1604 ἀρχαιότατοι
797 1516 956 1601 δοκοῦσιν
975 1511 1072 1601 εἰναι,

104 1621 216 1683 καίτοι
230 1613 274 1702 μή
292 1612 398 1703 ὄντες,
417 1617 547 1702 πλῆθος
565 1611 738 1704 ἀμήχανον
757 1617 841 1685 ἐτοὸν
860 1617 914 1684 ἐπὶ
927 1631 998 1698 ταῖς
1016 1643 1074 1704 γε·

64 1741 91 1781 ιε
104 1723 293 1803 νεαλογίαις
318 1713 524 1805 εἰσάγοντες,
548 1713 606 1786 ἀτε
624 1715 666 1803 δῆ
684 1713 761 1798 τούς
786 1719 894 1805 μῆνας
917 1725 964 1798 εἰς
989 1719 1175 1794 ἐιῶνΡΙεεε
1265 1762 1269 1788 -,

11 1895 12 1898 ¹
104 1817 275 1906 τιθέμενοι
297 1814 453 1908 ἀριθμόν.
495 1818 552 1887 καὶ
575 1816 634 1888 τὸν
658 1815 867 1907 Ἰανουάριον
892 1819 929 1889 δέ
953 1820 1072 1908 Νόμας

103 1925 150 2000 εἰς
167 1914 277 2008 άρχῆν
295 1925 355 1989 τού
371 1925 466 1999 ἔτους
485 1913 671 2008 ἀπένειμεν.

12 2111 13 2114 ¹
181 2017 283 2090 Οὕτω
302 2019 340 2089 δὲ
358 2018 556 2111 δικαιοσύνη
580 2024 637 2090 καὶ
655 2017 810 2111 εὐσεβείᾳ
829 2027 1072 2102 σννεθίσαντος

102 2121 137 2190 τό
156 2115 322 2208 ὑπήκοον,
342 2119 479 2210 ἐξῄρητο
497 2121 606 2212 πάντη
624 2116 664 2188 τά
682 2125 742 2190 τού
761 2122 916 2206 πολέμου.
949 2115 990 2188 οὗ
1008 2119 1072 2209 γάρ

65 2219 243 2310 ιομόνονό
263 2219 434 2311 Ῥωμαίων
459 2227 562 2312 δῆμος
585 2219 736 2312 ῆμέρωτο
760 2223 801 2311 τῆ
823 2226 884 2289 τοῦ
909 2222 1072 2308 βασιλέως
1266 2302 1269 2312 1

104 2320 245 2414 εὐνομίᾳ
269 2325 326 2392 καὶ
349 2321 528 2415 πρᾳότητι,
553 2322 638 2400 ἀλλὰ
662 2323 718 2392 καὶ
742 2319 801 2404 τάς
824 2318 935 2416 κύκλφ
960 2318 1073 2403 πόλεις
1194 2361 1197 2365 -

11 2431 12 2504 ἶ
101 2421 187 2514 ἀρχή
210 2427 396 2513 μεταβολῆς
419 2431 536 2513 ἔλαβε,
561 2427 617 2497 καί
635 2426 743 2506 πόθος
767 2421 922 2515 εἰσερρύη
944 2420 1071 2506 πάντας
1265 2420 1269 2438 ¹

11 2515 12 2552 ³
102 2523 241 2615 εἰρήνης
272 2529 410 2596 καὶτοῦ
434 2531 585 2615 δικαίου,
616 2529 681 2613 γῆν
704 2523 863 2614 φυτεύειν
892 2529 948 2596 καί
971 2529 1071 2596 τέκνα

101 2629 241 2716 τρέφειν
264 2629 302 2696 ἐν
324 2625 455 2719 ῆσυχίηι
478 2629 533 2697 καὶ
559 2629 721 2715 σέβεσθαι
750 2625 862 2709 θεούς.
905 2625 982 2698 ούτε
1007 2625 1070 2718 γάρ

66 2751 90 2792 α
101 2727 247 2817 πόλεμος
264 2725 342 2800 οὔτε
360 2725 474 2810 στάσις
491 2725 569 2799 οὔτε
580 2728 800 2818 νεωτερισμός
813 2729 891 2819 περὶ
903 2735 1071 2809 πολιτείας

102 2827 275 2919 ἰστόρηται
288 2827 389 2919 Νόμα
400 2828 647 2918 βασιλεύοντος,
660 2825 736 2900 οὐδ’
751 2827 803 2900 ἐπ’
821 2834 953 2901 ἐκεῖνον
965 2838 1071 2918 ἔχθρα
1096 2849 1097 2852 ’

100 2959 150 3012 τις
173 2925 345 3020 ῆφθόνος
368 2925 389 3021 ῆ
412 2929 570 3014 σύστασις
593 2927 730 3022 ἀνδρῶν
754 2933 810 3000 καὶ
833 2929 994 3018 ἐπιβουλὴ
1020 2925 1106 2998 δι’Β

102 3037 211 3122 ἔρωτα
230 3038 402 3118 βασιλείας
419 3035 581 3120 γενέσθαι
599 3059 656 3102 ποι
672 3029 930 3121 ἀναγέγραπται.
962 3041 1071 3118 θυγα-

11 3189 12 3194 ,
100 3136 182 3222 τέρα
206 3129 239 3202 δ’
262 3131 408 3223 ἐσχηκός
433 3143 643 3223 Πομπιλίαν,
678 3141 821 3226 Μαρκίῳ
842 3130 971 3222 ταύτην
1003 3136 1071 3216 ἐξέ-

67 3240 198 3305 adom·
231 3238 266 3318 ἐξ
297 3225 336 3326 ῆς
366 3233 520 3324 Μάρκιος
541 3231 662 3324 ’Ἁγκος
691 3240 919 3324 θυγατριδοῦς
948 3236 1070 3324 ἐτέχθη

102 3332 213 3430 αύτῷ,
232 3331 270 3416 δς
287 3333 369 3426 μετά
391 3341 540 3424 Τοῦλλον
554 3331 736 3408 Ὀστίλλιον
754 3338 959 3424 ἐβασίλευσε.
996 3337 1071 3404 τού-

101 3465 162 3510 τον
180 3442 346 3526 πενταετῆ
362 3429 553 3510 καταλιπόν
572 3431 589 3508 ὁ
608 3436 726 3526 Νόμας
745 3434 970 3525 ἐτελεύτησεν,
988 3429 1071 3500 κατὰ
