2566 3812
315 95 318 97 ’
350 92 534 176 'L1B.v111,.
554 121 633 174 οΑΡ.
645 123 733 176 xv11.
751 123 853 176 xv111.
1034 122 1098 188 223

132 267 208 330 λίαν
153 261 282 330 ίκαλ
305 257 389 349 μετὰ
405 288 465 330 τον
450 256 633 351 ἀδελφοῦ
650 260 808 334 Κατύλου
834 259 943 334 πάντα
967 293 1007 334 τα
997 261 1096 334 ἐκεῖ

131 361 368 451 κατεστήσατο·
393 361 513 434 κοιλ
477 391 517 432 τα
539 361 625 434 ὅπλα
649 370 717 436 τῶν
741 360 838 434 ἐν’
795 367 883 455 αυτῇ
906 361 1092 454 αφείλοντο.
1107 385 1130 436 Β

131 470 268 534 Σικελία
297 463 361 555 μὲν
389 452 453 533 ούν
472 459 588 547 οὕτως
617 460 695 536 ὑπὸ
709 465 880 555 Ρωμαίων
911 464 1099 538 δεδούλωτο
1178 549 1180 556 y

130 565 217 654 πλὴν
234 569 293 653 της
311 562 415 656 ἀρχῆς
432 571 493 636 τού
506 561 666 657 Ιέρωνος,
686 571 722 637 ἐκ
737 568 774 638 δέ
786 565 908 684 τούτου
925 565 1007 689 πρδς
1020 568 1098 650 τούς

103 672 393 756 εΚαρχηδονίους
403 674 500 755 φιλία
516 658 560 758 ἦν
577 665 700 752 αὐτοῖς.
795 751 798 756 ,

200 765 328 857 ’Ἁμφω
336 762 369 837 δ’
389 757 489 848 αὖθις
507 776 555 850 είς
572 773 737 859 πολέμους
756 773 889 862 ἑτέρους
905 773 1007 861 χωρὶς
1021 769 1095 902 μετ’

132 865 247 956 ὀλίγον
274 870 490 957 κατέστησαν
535 887 604 952 τοῖς
633 900 698 961 γαρ
727 877 971 963 Καρχηδονίοις
1001 879 1037 942 ολ
1063 900 1099 942 τε

128 977 320 1060 περίλοιποι
337 973 405 1040 τῶν
427 970 757 1064 μισθοφορησαίντων
775 981 871 1062 σφίσι
889 972 996 1043 καὶ
962 1001 999 1043 το
1019 978 1099 1043 δου-

127 1079 230 1143 λεύον
253 1070 292 1142 τὰ
316 1076 353 1142 ἐν
376 1073 418 1161 τη
443 1071 538 1144 πόλει
560 1077 616 1144 καὶ
640 1078 709 1145 των
737 1069 952 1164 ὁμορούντων
981 1077 1099 1145 πολλοὶ

90 1207 114 1247 ιο
128 1173 214 1265 πρὸς
239 1173 298 1256 τὰς
316 1174 493 1264 συμφορὰς
517 1173 630 1247 αύτῶυ
653 1178 891 1247 συνεπέθεντο.
926 1179 1015 1264 οἵγε
1032 1175 1099 1265 μὴν

121 1271 298 1364 Ῥωμαῖοι,
321 1278 615 1365 ἐπικαλεσαμένων
632 1276 753 1358 αύτούς
770 1281 839 1346 τῶν
862 1274 1099 1365 πολεμούντων

126 1381 290 1466 ἐκείνοις,
309 1373 389 1448 οὔθ’
408 1373 623 1468 ὑπήκουσαν,
642 1375 726 1449 ἀλλὰ
744 1380 800 1450 καλ
816 1376 1098 1468 ἀντιπρεσβευσα-

122 1507 224 1570 μενοι
255 1481 312 1549 καὶ
341 1477 386 1568 μη
419 1481 625 1569 δυνηθέντες
649 1478 849 1564 καταλλάξαι
873 1477 1011 1568 αὐτούς,
1043 1481 1097 1548 καλ

121 1579 209 1661 τούς
240 1577 469 1670 αίχμαλιύτονς
503 1586 571 1651 των
600 1589 845 1674 Καρχηδονίων
879 1579 978 1662 ὅσους
1008 1581 1132 1669 εἶχονο

85 1715 109 1754 15
123 1679 266 1772 ύφηκαν
284 1698 418 1773 προῖκα,
437 1683 492 1752 καλ
511 1698 606 1755 σίτον
624 1691 776 1774 ἔπεμψαν
794 1686 850 1755 καλ
867 1680 1098 1773 μισθοφόρους

123 1789 163 1855 ἐκ
182 1790 243 1872 τῆς
268 1790 393 1866 οίκείας
411 1790 618 1874 συμμαχίδος
642 1783 755 1870 αὐτοῖς
781 1786 1007 1875 ἐπαγαγέσθαι
1027 1787 1099 1854 ἐπέ-

121 1900 275 1977 τρεψαν,
301 1884 403 1968 δόξαν
427 1893 607 1968 ἐπιεικείας
632 1886 825 1979 θηρώμενοι
849 1889 977 1976 μᾶλλον
1001 1879 1098 1972 ἢτοῦ

126 1989 360 2077 συμφέροντος
378 1983 491 2068 αύτοῑς
508 1988 790 2078 προμηθούμενοι.
826 1986 910 2058 ὅθεν
923 1985 1099 2074 πράγματα

125 2096 230 2177 ἔσχον
248 2091 430 2158 είσέπειτα·
449 2085 467 2158 ὁ
486 2085 550 2181 γολρ
567 2085 721 2177 Ἀμίλκας
740 2093 866 2168 ἐκεῖνος
884 2086 901 2157 ὁ
919 2093 1097 2174 Βαρχίδης,

84 2222 109 2263 ω
123 2191 200 2260 ἐπεὶ
214 2187 293 2272 τούς
307 2193 480 2270 ἐναντίους
495 2193 662 2280 ἐνίκησεν,
678 2192 732 2260 ἐπὶ
744 2190 807 2280 μὲν
818 2184 897 2269 τούς
907 2181 1099 2275 Ῥωμαίους,

121 2299 251 2379 καίπερ
269 2289 372 2381 κύρια
390 2295 499 2380 μισῶν
516 2287 656 2380 αύτούς,
680 2287 744 2362 ούκ
762 2287 920 2380 ἐτόλμησε
937 2291 1097 2376 στρατεῦ-

121 2420 196 2481 σαι,
217 2397 250 2473 ἐς
266 2393 304 2462 δὲ
316 2387 379 2480 τὴν
394 2387 542 2484 Ἰβηρίαν
556 2392 644 2484 παρὰ
662 2391 800 2484 γνιόμην
813 2398 882 2462 τῶν
894 2399 979 2461 οἴκοι
993 2392 1099 2459 τελων

119 2492 265 2583 ἀπῆρεν.
1085 2521 1088 2528 ·
1127 2547 1129 2552 -

202 2591 302 2678 Ἀλλολ
320 2599 426 2666 ταῦτα
443 2597 507 2684 μὲν
526 2598 656 2684 ἐγένετο
673 2594 826 2688 ὕστερον,
845 2594 919 2666 τότε
938 2594 975 2664 δὲ
992 2593 1049 2664 καὶ
1066 2596 1101 2662 οί
1116 2596 1157 2663 18

83 2727 108 2770 ω
119 2695 281 2788 Ῥωμαῖοι
300 2705 482 2780 Φαλίσκοις
500 2701 724 2822 ἐπολέμησαν,
744 2699 799 2768 καί
817 2695 969 2778 Μάλλιος
993 2705 1098 2784 Τουρ-

56 2831 59 2834 ·
121 2797 269 2881 κουοίτος
293 2797 355 2887 τὴν
384 2797 499 2889 χαίραν
528 2795 641 2870 αύτων
670 2797 806 2891 ἐδηωσε
851 2802 907 2868 καὶ
936 2799 1098 2884 συμμίξας

120 2897 244 2981 αὐτοῖς
270 2899 397 2990 ἐσφάλη
420 2901 483 3023 μέγ
507 2907 554 2994 τῷ
577 2896 753 2996 ὁπλιτικῷ,
784 2914 854 2981 τοίς
880 2896 911 2969 δ’
940 2899 1131 2968 ίππεύσινΙ)

124 3000 300 3126 ἐκράτησε.
344 3005 400 3072 καὶ
426 2971 539 3084 αὖθις
560 3001 674 3084 αὐτοῖς
702 2999 928 3092 μαχεσαμενος
953 3001 1097 3084 ἐνίκησε,

123 3107 183 3174 καὶ
202 3102 244 3173 τά
261 3133 297 3174 τε
315 3101 401 3174 οπλα
420 3101 534 3174 αύτωυ
551 3103 660 3174 καὶ
625 3133 687 3192 την
709 3109 814 3174 ἵππον
837 3099 946 3172 καὶ
910 3129 951 3170 τα
975 3107 1098 3170 ἔπιπλα

82 3233 109 3274 ω
123 3203 242 3275 καὶ
208 3234 244 3275 το
270 3209 434 3277 δονλεύον
456 3205 566 3276 καὶ
534 3234 571 3276 το
595 3228 699 3295 ημισυ
722 3233 780 3294 της
803 3201 912 3294 χωρας
930 3197 1095 3292 ἀφείλετο.

125 3439 164 3489 4⁶
190 3369 267 3488 4ceap.
282 3373 323 3422 18.
353 3371 454 3423 Dionis
470 3371 614 3422 Historiae
631 3371 772 3422 Romanae
785 3371 851 3422 libri
867 3369 982 3436 perditi:
995 3368 1095 3432 fragm.

166 3475 173 3500 ‚
225 3474 232 3488 .
