2566 3800
213 223 274 288 166
498 217 881 296 L113.x11.ch1›.xxx111.

212 389 313 452 σκον,
337 364 394 433 καλ
411 371 606 452 μονωθεῖσα
625 365 844 450 διεχειρίσατο
862 355 1002 446 ἑαυτήν,
1026 355 1072 426 ἵν’
1093 351 1178 426 ἀνό-

211 475 345 557 βριστος
379 471 478 553 μείνη
513 465 569 532 καὶ
603 459 666 551 την
700 457 925 552 σωφροσύνην
954 457 1000 548 μὴ
1030 455 1177 548 πρόοιτο,

211 567 352 657 ἑλομένη
370 565 429 635 τὸν
446 563 602 636 ἑκούσιον
618 561 786 653 θάνατον,
809 564 865 633 καί
887 559 924 631 τὸ
944 563 1039 650 σῶμα
1056 557 1179 650 νεκρόν

211 685 281 751 τοῖς
298 684 508 755 προαγωγοῖς
525 667 580 736 καί
598 669 646 759 τῶ
663 667 776 754 ἐναγεῖ
793 668 914 756 ἐραστῇ
940 669 1178 744 καταλείψασα.

111 785 235 837 W11246
290 773 334 840 Οί
348 769 410 858 μὲν
434 758 497 838 οὖν
519 764 626 848 οὕτως
649 758 771 857 ἦρχον,
795 761 1036 854 Λιοκλητιανδς
1061 764 1099 833 δὲ
1122 766 1206 834 καὶε

211 869 424 961 Μαξιμιανὸς
443 867 671 950 ἰδιωτεύοντες
689 875 823 940 ἔθανον.
856 869 933 957 περὶ
951 866 988 936 δὲ
1005 871 1063 954 τῆς
1081 871 1181 955 σφῶν

212 977 368 1060 τελευτῆς
400 975 631 1059 διαφωνοῦσιν
661 977 696 1040 οί
718 984 933 1060 συγγραφεῖς.
986 963 1005 1037 ό
1029 967 1091 1057 μὶν
1114 967 1180 1058 γάρ

178 1073 378 1163 ΒΕάσίβιος
410 1077 447 1144 ἐν
476 1076 522 1166 τῷ
551 1068 662 1167 όγδόςο
693 1070 781 1166 λόγηο
815 1073 873 1162 τῆς
908 1073 1181 1158 ἐκκλησιαστικῇς

216 1183 363 1266 ἱστορίας
381 1181 538 1246 ἔκστασιν
554 1171 614 1244 τόν
627 1169 871 1263 Διοκλητιανόν
886 1167 1074 1260 ὑποστῆναι
1091 1173 1181 1260 λέγει

212 1280 349 1369 φρενῶν
362 1278 419 1348 καὶ
432 1277 521 1370 νόσω
534 1282 653 1368 χρονίᾳ
673 1275 710 1346 τό
722 1279 818 1364 σῶμα
832 1277 1181 1344 κατασκελετευθίντα
1194 1302 1218 1340 ιο

212 1387 330 1468 βιαίως
341 1377 403 1468 τὴν
415 1376 542 1448 ἀθλίαν
554 1375 659 1448 αὐτοῦ
672 1375 783 1468 ψυχὴν
795 1374 1056 1466 ἀπερεόξασθαι,
1069 1373 1128 1446 τόν
1140 1378 1183 1444 δέ

212 1510 251 1570 γε
258 1477 473 1570 Μαξιμιανόν
479 1477 738 1568 τόνἘρκοόλιον
751 1475 876 1568 ἀγχόνῃ
891 1474 1011 1547 ἑαυτόν
1024 1481 1082 1567 της
1095 1479 1180 1564 ζωῆς

212 1577 451 1670 ὑπεξαγαγεῖν·
471 1583 576 1669 ἕτεροι
595 1575 628 1650 δ’
647 1577 708 1670 οὐχ
726 1578 830 1662 οὕτως
850 1583 1019 1669 ίστοροῦσι
1041 1577 1181 1660 τούτους

213 1697 352 1770 θανεῖν,
377 1679 461 1751 ἀλλά
485 1684 773 1771 μεταμεληθέντας
797 1683 934 1769 καὶτῆς
959 1678 1061 1770 ἀρχῆς
1080 1670 1181 1764 αὖθις

214 1785 433 1871 ἐπιλαβέσθαι
450 1784 718 1872 βουλευομένους
738 1787 942 1873 φωραθῆναι
965 1783 1021 1851 καί
1040 1779 1181 1871 δόγματι
1194 1806 1217 1846 ιτ

212 1887 271 1972 τῆς
290 1881 479 1972 συγκλήτου
497 1883 725 1974 ἀναιρεθῆναι.

289 1987 367 2056 Ecca
387 1987 423 2056 δδ
440 1987 496 2056 καί
514 1994 548 2056 οἳ
563 1984 622 2056 τόν
634 1979 827 2075 Ἑρκούλιον
851 1986 986 2075 λέγουσι
1009 1990 1067 2072 τῆς
1085 1993 1181 2072 βασι·

209 2093 304 2169 λείας
322 2079 423 2170 αὖθις
441 2089 616 2177 ἐφιέμενον
633 2094 679 2182 τῷ
697 2091 930 2178 Διοκλητιανςό
951 2084 1181 2157 κοινώσασθαι

211 2187 249 2259 τό
268 2179 371 2272 αὖθις
389 2195 595 2281 πειραθῆναι
611 2189 674 2278 τὴν
698 2195 873 2276 βασιλείαν
895 2185 1094 2276 ἀναλαβεῖν·
1119 2187 1179 2257 τόν

214 2291 250 2361 δὲ
268 2289 550 2384 παραιτήσασθαι.
597 2293 728 2361 ἐκεῖνον
746 2290 785 2360 δὲ
803 2287 885 2381 πρός
903 2287 941 2360 τδ
959 2295 1027 2360 τῶν
1040 2288 1179 2380 Ῥωμαί-
1195 2313 1219 2352 υ)

179 2415 263 2465 οων
280 2391 494 2482 παρελθόντα
512 2394 691 2482 συνέδριον
708 2389 814 2480 φάναι
830 2389 876 2480 μὴ
894 2389 1011 2482 ἀρκεῖν
1028 2389 1087 2462 τόν
1104 2388 1182 2462 υίόν

213 2492 318 2563 αὐτοῦ
350 2499 397 2572 είς
426 2490 488 2581 την
514 2495 583 2563 τῶν
612 2497 736 2564 κοινῶν
766 2491 972 2584 πραγμάτων
1003 2499 1179 2582 διοίκησιν.

213 2596 423 2682 κινηθέντων
449 2595 486 2663 δὲ
502 2599 570 2664 τῶν
593 2597 806 2684 στρατιωτῶν
832 2593 913 2686 πρὸς
931 2593 1044 2684 θυμόν
1063 2597 1117 2664 ἐπὶ
1135 2599 1183 2688 τῷ

212 2692 300 2788 λόγῳ
319 2690 425 2766 αότοῶ
443 2689 486 2778 ῶς
504 2699 780 2786 σφετεριζομένου
803 2695 865 2786 τὴν
889 2692 1011 2787 ἀρχήν,
1036 2693 1095 2767 τόν
1107 2693 1184 2786 Ἑρ-

212 2793 349 2868 κοόλιον
379 2794 438 2867 τόν
466 2803 629 2890 κίνδυνον
660 2804 818 2870 δείσαντα
848 2797 893 2886 μὴ
924 2791 1013 2867 οὕτω
1044 2795 1183 2887 γνῶμης
1196 2817 1220 2860 ²⁵

213 2905 302 2988 ἔχειν
332 2905 458 2989 εἰπεῖν,
489 2897 574 2970 ἀλλά
605 2897 783 2990 διάπειραν
812 2903 881 2969 τῶν
906 2901 1184 2990 στρατευομένων

211 2999 431 3090 ποιούμενον,
454 2997 544 3082 ὅπως
568 3007 681 3090 ἔχουσι
703 2999 784 3092 πρὸς
807 2997 866 3072 τόν
882 2998 960 3070 υἱόν
978 2997 1083 3071 αὐτοῦ
1102 3006 1183 3070 δια-

211 3105 358 3190 θέσεως,
388 3105 493 3172 ταῶτα
524 3109 648 3172 εἰπεῖν·
680 3103 737 3174 καὶ
766 3098 854 3174 οὕτω
882 3111 1095 3174 καταστεῖλαι
1121 3099 1185 3171 τόν

211 3201 365 3292 θόρυβον
386 3206 455 3272 τῶν
472 3207 694 3291 στρατιωτῶν.
731 3204 802 3276 εἶτα
829 3210 876 3284 είς
893 3211 1038 3288 Γαλλίας
1063 3207 1184 3274 ἐλθεῖν

212 3300 294 3390 πρός
311 3303 370 3374 τόν
387 3306 492 3393 μέγαν
509 3315 787 3396 Κωνσταντῖνον,
811 3304 977 3396 κηδεστὴν
1001 3303 1107 3377 αὐτοῦ
1125 3305 1187 3377 καὶ
1200 3331 1226 3371 ιο

212 3445 415 3460 Ἢ

281 3529 296 3575 8
314 3520 407 3599 ἀγδόφ
426 3525 511 3602 λόγῳ]
533 3551 556 3585 ο.
576 3539 616 3590 13.
