2510 3834
198 145 238 209 ω
378 98 381 107 ⁸
541 143 817 198 mum&

195 311 294 374 τορος
309 280 602 374 ἀπολογησόμενον
621 280 676 372 ἐφ’
696 280 747 366 οίς
765 287 961 373 ἐγκαλεῖται.
996 288 1053 356 καλ
1069 284 1162 376 ὁμέν

196 382 300 477 άπῆει
325 387 380 456 ἐπὶ
411 387 493 456 δίκα
518 392 629 456 ἐτεσιν
650 383 876 476 ἡγεμονεύσας
903 389 962 476 τῆς
987 382 1160 478 Ἰουδαίας,

197 488 279 578 πρὶν
297 486 335 557 δὲ
351 493 393 577 τῆ
411 481 518 578 Ῥώμη
536 489 666 578 ἐγγίσαι
683 485 803 577 αὐτόν,
827 493 918 577 ἐφθη
941 491 1091 580 Τιβέριος
1107 517 1162 580 με·

197 609 328 672 ταστας.

163 703 189 755 D
277 687 533 816 Οάιγέλλωςδέ
560 696 607 772 τίς
633 684 845 780 Ἱεροσόλυμα
875 684 988 762 ἐλθών
1016 694 1074 781 τῆς
1103 697 1188 764 τοῦτ

198 789 310 882 πάσχα
334 792 450 882 ἑορτῆς
473 792 673 880 τελουμένης
694 788 869 882 ἀπεδέχθη
892 796 1162 918 μεγαλοπρεπῶς,

198 891 308 964 καῖ’
271 921 312 966 τα
330 894 472 981 τέλη
424 921 493 964 των
488 894 773 1019 γεωργουμένων
789 897 932 985 καρπών
943 908 1013 975 τοῖς
1026 891 1164 984 Ἱεροσο-

198 1000 352 1085 λυμίταις
368 983 509 1118 ἀνίησι,
526 994 637 1064 καὶ
600 1023 664 1084 την
687 993 810 1083 στολῆν
833 1023 895 1066 τον
879 993 1093 1085 ἀρχιερέως
1117 1003 1163 1078 είς

199 1124 237 1166 το
225 1093 348 1188 ’ἱερὸν
366 1094 581 1228 συνεχώρησε
598 1107 734 1168 κεῖσθαι
751 1097 807 1220 κιχλ
825 1095 917 1188 παρά
929 1112 999 1178 τοῖς
1017 1099 1165 1189 ίερευσιν

200 1195 289 1266 εἶναι
306 1193 462 1288 καθάπερ
481 1199 536 1270 καὶ
553 1195 730 1288 πρότερον·
749 1196 825 1269 τότε
842 1200 880 1268 δε
897 1198 991 1269 ἐν
947 1226 989 1289 τη
1004 1193 1164 1292 Ἀντωνίγ
1177 1231 1201 1270 10

199 1295 361 1369 ἀπέκειτο.
397 1302 466 1369 τών
482 1297 548 1389 γάρ
565 1295 749 1392 ἀρχιερέων
765 1328 833 1388 τις,
850 1299 869 1371 ὁ
887 1306 1017 1391 πρῶτος
1036 1301 1164 1389 δηλαδὴ

195 1395 369 1490 Ὑρκανός,
393 1407 528 1489 ἔγγιστα
550 1403 613 1471 τοιὶ
636 1403 730 1491 ίεροῦ
750 1404 853 1492 βάριν
876 1403 1024 1491 ἐγείρας,
1048 1403 1105 1471 καὶ
1129 1405 1165 1472 ἐν

199 1498 287 1592 αὐτῆ
304 1498 536 1591 διαιτώμενος,
556 1505 626 1572 ἐκεῖ
638 1504 698 1573 καλ
713 1500 776 1590 τῆν
794 1498 1032 1594 ἀρχιερατικὴν
1043 1502 1165 1591 στολὴν

200 1599 292 1696 αὐτῷ
322 1599 516 1691 ἀνήκουσαν
544 1601 651 1692 εἶχεν,
682 1601 727 1684 ώς
753 1599 909 1695 ἀρχιερεῖ.
945 1601 986 1674 τά
1012 1599 1098 1674 αάτά
1129 1603 1166 1673 δὲ

201 1706 318 1796 ἐκείνω
335 1705 392 1774 καλ
409 1720 479 1786 τοῖς
495 1699 568 1795 μετ’
589 1705 718 1775 ἐκεῖνον
736 1703 926 1792 ἐπράσσετο.
957 1703 1109 1795 Ἡρώδης
1127 1705 1166 1774 δὲ
1179 1734 1203 1775 ιε

199 1803 262 1894 τῆν
280 1808 380 1897 βάριν
405 1807 539 1895 ἐκείνην
562 1803 866 1889 ἐπικατασκευάσας
891 1809 945 1876 ἐστὶ
968 1803 1004 1876 ιδ
1025 1817 1166 1878 πολυτε-

201 1909 373 1998 λέστερον,
398 1912 496 1996 φίλος
514 1903 562 1977 ών
583 1901 782 1996 Ἀντωνίον,
801 1909 856 1978 ε’τιλ
873 1911 920 2001 τῷ
939 1911 1069 1978 ἐκείνου
1084 1905 1168 1978 ταά-

98 2019 263 2096 ΡΙιῖοτην
286 2005 424 2097 ὀνόματι
448 2005 677 2096 μετωνόμασε
710 2010 767 2079 καὶ
790 2006 853 2098 τῆν
876 2007 998 2098 στολὴν
1021 2013 1059 2080 ἐν
1083 2007 1169 2099 αὐτῆ

201 2104 350 2200 εὑρηκώς
367 2123 521 2235 κατεῖχεν
539 2111 615 2180 ἐκεῖ.
651 2112 750 2180 τοῦτο
769 2109 802 2179 δ’
823 2113 929 2182 ἐποίει
945 2108 1037 2179 καὶὸ
1059 2106 1169 2198 Ἀρχέ-

199 2219 299 2296 λαος,
324 2211 381 2280 καλ
403 2235 463 2298 μετ
466 2207 686 2282 ’ἐκεῖνον
650 2238 683 2280 οι
700 2207 853 2298 Ῥωμαῖοι
875 2209 915 2279 τὰ
939 2206 1024 2278 αὐτὰ
1050 2210 1104 2278 ἐπὶ
1127 2213 1207 2300 τῆνο

200 2313 301 2398 στολῇ
320 2315 512 2408 ἔπραττον,
525 2307 727 2402 ἀποκειμένη
746 2306 851 2382 ἐκεῖ“
832 2307 898 2380 υπὸ
918 2325 1081 2432 σφραγῖσι
1098 2338 1168 2382 τεν

202 2411 320 2500 λερίων
338 2410 395 2478 καὶ
411 2411 480 2479 τών
494 2407 748 2534 γαζοφυλάκων.
785 2411 900 2501 ἑορτῆς
922 2405 955 2480 δ’
977 2409 1168 2531 ἐφεστώσης

201 2506 380 2585 ἀπεδίδοτο
397 2522 466 2590 τοῖς
484 2507 698 2602 ἀρχιερεῦσιν
710 2506 778 2582 ὑπὸ
789 2539 849 2582 του
862 2509 1091 2602 φρουράρχου,
1108 2513 1169 2582 καὶ

201 2637 282 2700 μετα
270 2608 381 2697 ’μίαν
403 2611 462 2698 τῆς
479 2611 593 2701 ἑορτῆς
610 2609 739 2704 ἡμέραν
762 2604 863 2695 αὖθις
886 2616 957 2684 ἐκεῖ
976 2609 1167 2686 ἀπετίθετο

204 2706 396 2794 Οὐιτέλλιος
414 2711 452 2782 δέ
468 2729 662 2804 παραχωρεῖ
682 2717 740 2805 τῆς
763 2719 886 2804 στολῆς
906 2743 953 2810 τςο
937 2718 1075 2788 ἔθνει.
1110 2712 1171 2786 τὸν
1184 2741 1212 2783 ιτ

204 2811 241 2881 δλ
259 2807 442 2903 ἀρχιερία’
438 2812 608 2904 Ιωσῆφ“
573 2843 633 2886 τον
649 2817 706 2886 καὶ
723 2813 926 2942 Καῖάφαν’
908 2815 1091 2908 αφηρηκώς
1108 2811 1198 2904 τὴν
1237 2903 1238 2906 ρ

203 2907 412 3006 ἱερωσύνην,
440 2911 585 3010 Ἰωνάθη
617 2922 737 2990 δίδωσι
761 2916 887 3008 ταύτην
911 2923 958 3012 τῷ
979 2914 1086 2994 ’Ἅννα
1108 2943 1173 2988 του

202 3011 381 3105 ἀρχιερέως
398 3019 472 3112 νίῷ,

101 3128 213 3182 w1193
281 3114 367 3188 Κατ’
389 3115 524 3202 ἐντολάς
543 3121 581 3192 δὲ
603 3127 762 3212 Τιβερίου
779 3123 959 3193 σπένδεται
979 3114 1175 3202 Οὐιτέλλιος

200 3211 394 3316 Ἀρταβάνῳ
417 3227 465 3317 τῷ
486 3221 641 3315 Πάρθων
664 3229 813 3312 βασιλεῖ,
832 3221 1052 3312 πέμψαντι
1018 3249 1077 3292 του
1094 3219 1175 3292 υίὸν
1189 3246 1216 3290 ω

203 3328 354 3410 Δαρεῖον
376 3323 460 3413 μετά
483 3323 603 3417 δώρων
626 3327 762 3396 πολλων
777 3317 1016 3450 ὁμηρεύσογτα
1053 3319 1177 3415 παρών

207 3416 239 3489 δ’
267 3421 305 3492 ἐν
328 3440 403 3509 ταῖς
425 3433 588 3512 σπονδαῖς
610 3423 708 3498 καὶ
693 3453 711 3498 ο
735 3422 916 3519 τετράρχης
941 3420 1093 3540 Ἡρώδης
1115 3427 1176 3496 ἐκ·
