2562 3814
439 127 600 222 mssssvm.
620 169 699 220 οΑΡ.
712 169 762 223 111.
1021 170 1082 236 179

108 305 241 402 Πόρρφ
271 303 471 396 ἀπέγραψε.
509 302 631 381 ’Ἥάυυ
661 335 718 398 μοι
742 313 872 398 δοκεῖς,
902 303 1080 403 ὦΠόρρε,

107 413 349 498 τετυφῶσθαι,
381 408 542 498 δικαστήν
572 405 654 500 ήμϊν
681 410 803 507 έαυτόγ
832 410 994 494 καθιστάς
1024 417 1081 484 καὶ

115 517 338 602 Ταραντίνοις
361 511 444 600 πρὶν
469 516 569 600 δίκην
591 509 674 601 ἡμῖν
697 507 859 603 ὑποσχεῖν
875 508 927 583 ὅτι
945 517 1001 585 καὶ
1017 514 1080 604 τήν

112 610 219 702 ἀρχήν
251 618 299 694 είς
320 607 463 704 Ἰταλίαν
494 610 712 704 έπεραιοέθης.
754 612 821 703 ήξω
853 642 889 685 τε
912 606 975 686 οὖν
997 613 1080 705 μετά

91 713 237 795 ηπαντὸς
252 717 313 783 τοῦ
331 716 475 803 στρατοῦ
496 714 634 803 καλιήν
657 713 894 806 προσήκουσαν
916 725 1080 809 τιμωρίαν

120 815 176 883 καὶ
204 812 286 904 παρά
315 813 533 905 Ταραντίνων
563 819 621 886 καὶ
650 813 740 910 παρά
764 821 828 888 σοῦ
850 816 1006 908 λήψομαι.
1048 826 1085 888 τί

118 943 179 1006 ρ
118 921 247 1003 δεῖ
255 944 312 1006 μοι
330 915 453 1042 λήρου
454 918 511 987 καί
529 925 717 1008 φλυαρίας,
738 917 812 1002 έξόν
829 913 964 1044 παρά
932 923 979 990 τά
985 916 1081 1010 ’Ἁρει

114 1045 156 1111 τω
173 1015 360 1141 προπάτορι
377 1015 476 1108 ήμων
492 1015 691 1110 κριθῆναι;”
717 1024 854 1090 τοιαῦτα
872 1014 1082 1092 άντεπιστεί-

110 1115 207 1202 λας’
184 1127 270 1209 ηπεί
267 1146 362 1209 γετο,
387 1123 443 1189 καὶ
468 1116 628 1210 ηὐλίσατο
646 1121 702 1191 διά
719 1121 872 1210 μέσον
841 1150 877 1192 το
895 1127 1002 1214 ῥεῦμα
1019 1130 1080 1193 τοῦ
1146 1154 1149 1162 ·

76 1258 98 1297 ιο
111 1223 178 1292 ἐκεῖ
203 1225 358 1310 ποταμοῦ
383 1219 614 1312 ποιησάμενος.
663 1223 892 1304 κατασκόπους
922 1227 959 1294 τέ
987 1252 1080 1304 τινας

107 1323 307 1412 συλλαβών,
332 1325 443 1406 δείξας
469 1322 531 1412 τήν
558 1322 704 1414 δύναμιν
727 1319 915 1406 αὐτοῖςκαὶ
934 1324 1081 1395 ἐπειπὼν

105 1431 368 1496 πολλαπλασίαν
381 1421 487 1513 ἄλλην
501 1432 602 1516 ἔχειν,
620 1421 829 1520 ἀπέπεμψεν·
859 1427 916 1496 καὶ
934 1427 988 1495 ἐπὶ
1006 1423 1080 1496 νοό-

104 1555 173 1609 τοις
191 1526 211 1596 ὁ
231 1523 369 1617 Πύρρος
386 1530 608 1615 καταπλαγεὶς
625 1525 666 1598 οὗ
683 1526 851 1618 μάχεσθαι
867 1523 1009 1616 ήθελεν,
1026 1526 1111 1599 ότιο

104 1633 161 1700 καὶ
177 1630 252 1700 τοῖν
265 1624 449 1718 συμμάχων
466 1624 560 1699 οὔπω
577 1629 665 1712 τινὲς
683 1633 858 1719 συνῆλθον
875 1627 985 1724 αὐτῷ,
1005 1631 1078 1700 έπι-

70 1765 93 1806 ω
106 1737 242 1816 λείψειν
264 1756 302 1800 τε
324 1744 393 1810 τοῖς
412 1724 580 1819 Ῥωμαίοις
609 1728 650 1801 τά
674 1729 845 1823 ἐπιτήδεια
867 1728 1006 1821 ήλπιζεν
1030 1735 1180 1808 ένΨΠεο

107 1838 254 1924 πολεμίᾳ
279 1828 444 1920 διάγουσι.
487 1835 593 1902 ταότα
618 1833 655 1902 δὲ
678 1836 734 1904 καὶ
757 1831 970 1914 όΛαουίνιος
990 1843 1078 1922 λογι-

107 1933 242 2022 ζόμενος
260 1938 405 2004 ἔσπευδε
422 1937 589 2023 συμμίξαι.
625 1937 694 2005 τάν
712 1935 751 2005 δὲ
768 1941 979 2024 στρατιωτῶν
997 1932 1079 2026 πρὸς

109 2033 174 2124 τήν
184 2037 247 2106 τοῦ
255 2031 400 2126 Πόρρου
412 2033 530 2125 φήμην
543 2038 601 2106 καὶ
614 2028 671 2104 θιά
688 2035 767 2116 τους
782 2037 964 2123 έλέφαντας
983 2035 1080 2104 ἔκπε-

105 2137 343 2228 πληγμέυων,
349 2139 556 2226 συγκαλέσας
575 2131 696 2218 αὐτοὺς
714 2132 820 2206 πολλά
844 2133 927 2223 πρὸς
949 2131 1078 2225 θάρσος

68 2241 373 2332 τοπαρακαλοάντα
397 2237 643 2329 ἐδημηγόρησε,
667 2238 724 2308 καὶ
742 2233 1005 2326 παρεσκευάζετο
1023 2237 1080 2304 καὶ

102 2338 226 2412 άκοντι
248 2368 295 2434 τφ
319 2337 447 2435 Πόρρφ
472 2344 641 2430 συμμίξαι
677 2339 759 2410 ὀδό
781 2335 920 2462 γνώμην
936 2333 1053 2428 μέν’
1016 2355 1079 2406 ουκ

103 2443 173 2534 είχε
204 2440 397 2532 μάχεσθαι,
428 2469 520 2523 οπως
552 2443 589 2512 δὲ
619 2439 665 2531 μή
697 2437 777 2531 δόξη
801 2438 881 2521 τούς
897 2437 1079 2530 Ρωμαίους

102 2540 462 2635 φοβεῖσθαιμκαᾙ
421 2542 521 2626 αυτὸς
544 2558 614 2625 τοῖς
631 2549 767 2624 οίκείοις
786 2543 975 2632 διαλεχθεὶς
994 2538 1078 2611 έποό-

101 2675 235 2739 τρυνεν
252 2651 300 2727 είς
316 2642 377 2716 τόν
394 2643 552 2735 πόλεμον.
594 2651 774 2726 Λαουίνιος
798 2645 836 2714 δὲ
853 2642 913 2715 τόν
929 2638 1080 2731 ποταμόν

67 2782 90 2822 ει
102 2746 316 2839 πειρώμενος
333 2745 418 2818 κατὰ
434 2743 473 2817 τό
491 2744 718 2837 στρατόπεδον
737 2749 894 2833 διαβῆναι
912 2741 1077 2830 έκωλόθη.

103 2846 334 2939 έπαναγαγάν
366 2839 428 2920 οὖν
459 2844 559 2930 αότὸς
581 2847 644 2938 μὲν
666 2844 751 2918 κατά
775 2844 890 2936 χάραν
912 2844 994 2935 μετά
1017 2849 1078 2911 τοῦ

102 2959 210 3038 πεζοῦ
229 2958 357 3041 ἔμεινε,
375 2949 456 3032 πυός
470 2945 504 3020 δ’
525 2954 637 3032 ίππελς
654 2947 700 3030 ὥς
718 2949 773 3018 έπί
790 2952 887 3017 λείαν
902 2943 985 3034 τάχα
1001 2939 1112 3012 τινάΒ

104 3059 279 3144 ἔπεμψεν,
304 3051 533 3142 ἐντειλάμενος
555 3049 669 3140 πόρρω
699 3076 757 3120 ποι
786 3051 992 3138 βαδίσαντας
1018 3069 1079 3115 πε-

104 3160 312 3246 ραιωθῆναι.
353 3155 410 3224 καὶ
435 3150 541 3236 οὕτως
566 3155 692 3224 ἐκεῖνοί
711 3177 747 3221 τε
770 3145 854 3222 κατά
876 3145 987 3222 κάτον
1010 3163 1079 3229 τοῖς

68 3288 93 3332 ω
105 3263 282 3346 πολεμίοις
296 3257 505 3347 προσέπεσον
518 3251 775 3347 ἀπροσδόκητοι,
794 3249 883 3324 καὶ*
867 3279 886 3322 ο
900 3257 1080 3331 Λαουίνιος

106 3360 351 3452 ταραχθέντων
376 3353 489 3428 αὐταῖν
510 3355 570 3427 τόν
595 3384 632 3427 τε
656 3353 806 3475 ποταμόν
829 3355 924 3442 διέβη
948 3351 1063 3422 καὶ
1020 3377 1080 3437 της

107 3458 219 3550 μάχης
235 3455 491 3548 συνεπελάβετο.
535 3455 723 3547 φεύγουσιν
746 3439 810 3525 οόν
833 3470 902 3537 τοῖς
921 3446 1079 3523 ἑαυτοῦὁ

865 3564 928 3627 12*
