2546 3822
416 161 488 216 LIB.
507 165 567 214 xv.
587 164 664 216 CAP.
678 165 752 214 ιιι.
990 161 1052 226 387

83 303 141 373 καλ
158 301 243 391 μετά
259 307 330 374 τάν
346 299 459 372 άλλων
477 303 618 372 ἐκεῖναὶ
632 301 800 392 λέωνθὴρ
817 303 1052 392 ἐχροιμάτιστο,
1152 342 1154 346 ·

84 397 113 497 6
129 403 214 474 κατά
231 404 341 473 νάτοο
357 403 395 474 τδ
415 419 579 492 στοιχεῖον
596 402 633 474 τὸ
654 432 673 492 η
698 404 931 494 ένκεχάρακτο·
963 403 1051 495 άνὴρ

83 505 117 575 δ’
136 499 180 594 ἡν
199 503 376 588 ἐξόπισθεν
394 510 455 574 τοῦ
468 504 576 595 θηρὸς
589 504 707 595 δόρατι
724 502 779 574 διά
797 511 858 574 τοῦ
877 534 895 593 χ
914 506 1049 577 διελοῦ-

81 634 155 678 νοιν
177 606 237 676 τδν
261 609 389 676 λέοντα.
424 604 446 696 ἡ
472 606 535 695 μὲν
560 597 625 675 οῦν
648 612 764 694 βίβλος
783 605 850 694 εἶχε
866 615 975 694 ταυτί,
994 608 1053 678 καλ

54 701 182 797 οὴσαν,
207 706 254 788 οἱς
279 707 404 795 ἐδόκει,
430 708 613 795 Σιβύλλεια
637 707 916 802 χρησμῳδὴματα.
951 707 989 777 νδ
1014 709 1053 778 δὲ

81 815 140 898 τῆς
164 811 340 900 εἰρημένης
366 817 642 899 χροιματοορνίας
667 809 941 900 δνσερμὴνεντον
965 807 1008 878 ὂν
1033 808 1051 878 6

81 909 156 982 τότε
173 919 363 1000 ιιοιαίστωρ,
383 910 427 992 ὡς
445 911 587 998 λέγεται,
603 911 821 1000 διεσάφησεν,
840 908 947 980 είποδν
963 909 1049 980 κατά
1094 969 1101 985 .

20 1049 27 1060 ·
80 1011 143 1100 τὴν
172 1010 303 1102 ἡμέραν
333 1017 392 1100 τῆς
422 1013 610 1100 γεννήσεως
639 1019 702 1083 τοῦ
733 1017 882 1102 Χριστοῦ
903 1015 1084 1106 βασιλέας

82 1115 216 1203 μέλλειν
242 1112 472 1203 ἀναιρεθῆναι.
524 1113 560 1184 τδ
586 1115 649 1203 μὲν
672 1113 739 1204 γάρ
763 1121 886 1205 θηρίον
910 1113 1052 1202 βασιλέα

39 1243 68 1284 ιο
83 1220 228 1303 δηλοῦν,
253 1215 290 1285 τδ
311 1215 348 1285 δέ
371 1244 390 1303 χ
408 1215 470 1304 τὴν
487 1217 668 1304 εἰρημένην
685 1213 814 1306 ἡμέραν
832 1221 1050 1302 αἰνίττεσθαι,

80 1315 118 1385 τδ
138 1318 176 1386 δὲ
193 1317 247 1386 διά
273 1319 377 1406 μέσον
401 1323 463 1387 τοῦ
481 1347 500 1408 η
517 1323 564 1410 τῷ
584 1318 694 1386 λέοντι
710 1316 748 1386 τδ
767 1316 853 1406 δόρυ
872 1316 1046 1405 ἐμπήγνυ-

26 1427 29 1434 ’
82 1427 163 1486 σθαι
178 1415 217 1486 τὸ
236 1417 310 1488 κατ’
338 1416 449 1506 αῦτὴν
470 1419 533 1508 τὴν
549 1417 679 1508 ἡμέραν
695 1425 755 1507 τὴς
774 1421 891 1507 ἑορτῆς
909 1416 969 1486 τὸν
985 1424 1051 1508 βα·
1094 1443 1097 1446 ·

4 1609 5 1612 ¹
82 1521 175 1588 σιλέα
198 1519 460 1607 κτανθὴσεσθαι.
496 1527 601 1590 ταῦτα
625 1519 840 1608 τὸνβασιλέα
860 1519 1050 1606 ἐτάραττεν,
1079 1595 1082 1601 ,

81 1617 166 1711 άλλά
188 1619 256 1709 μὴν
280 1619 386 1690 αὐτὸν
410 1623 466 1690 καὶ
488 1620 526 1690 τὸ
554 1627 612 1708 τῆς
627 1621 760 1709 μητρὸς
785 1619 1152 1709 έξεδειμάτοοοοῃῑιςς

5 1777 6 1780 ¹
39 1746 68 1788 ιε
83 1721 255 1791 ένάπνιον.
281 1725 375 1803 ἔδοξε
388 1722 453 1810 γάρ
468 1725 580 1811 ἐκείνη
595 1725 633 1790 έν
649 1727 697 1814 τῷ
715 1728 787 1814 666
805 1729 864 1810 τὴς
882 1721 1049 1810 θεομὴτο-

64 1829 138 1909 ’ρος
162 1821 314 1914 εἶναιτῷ
334 1826 370 1894 ἐν
389 1824 593 1913 Βλαχέρναις
618 1823 675 1891 καὶ
699 1821 787 1913 ὁρᾶν
812 1822 958 1911 γυναῖκά
975 1834 1050 1892 τινα

80 1927 364 2013 προπεμπομένην
391 1919 535 2013 ἀνδράσι
560 1931 750 2013 λεοηείμοσι
776 1926 833 1994 καὶ
850 1931 975 2014 πλῆρες
993 1930 1049 1994 αλ-

5 2031 6 2034 ’
79 2025 193 2114 μάτονν
217 2024 255 2094 τὸ
282 2025 430 2096 δάπεδον
447 2032 508 2095 τοῦ
526 2031 630 2111 ναοῦ,
649 2023 795 2096 ἀκοῦσαί
812 2054 848 2095 τε
865 2033 924 2114 τῆς
943 2031 1049 2115 δορο-

5 2207 7 2210 ·
80 2129 294 2214 φορουμένης
326 2130 454 2214 ἐκείνης
484 2125 688 2213 πελεοοῦσης
719 2132 857 2214 αἵματος
888 2126 992 2212 άγγος
1018 2153 1051 2194 τι

36 2255 67 2295 εο
82 2233 277 2316 πλησθῆναι
290 2229 350 2296 aaz
366 2233 512 2316 δοθῆναι
528 2233 570 2317 τὴ
587 2233 649 2296 τοῦ
667 2228 828 2314 βασιλέως
846 2233 956 2315 μητρί.
991 2231 1051 2314 τῆς
1150 2309 1155 2318 .

81 2328 120 2398 δὲ
142 2327 187 2418 μὴ
212 2332 432 2417 προσιεμένης
462 2328 500 2398 τὸ
527 2327 823 2454 προσφερόμεηον,
853 2327 959 2413 φάναι
988 2326 1051 2414 τὴν

80 2436 249 2523 περιφανῆ
273 2445 420 2517 γνναιιια
447 2433 578 2518 ἐκείνην
598 2427 638 2498 “ὁ
663 2433 701 2498 δὲ
726 2429 784 2555 σβς
802 2428 877 2510 υίδς
895 2427 975 2509 τοῦς
993 2427 1126 2560 ἐμέο

80 2531 243 2619 τιμῶντας
261 2531 412 2656 αἱμάτων
417 2533 625 2656 ἐμπίπλησι,
643 2529 752 2600 καλ
716 2558 777 2601 τον
794 2529 878 2602 θεὸν
895 2531 952 2601 παλ
969 2531 1049 2600 ολόν

5 2631 7 2636 ’
79 2659 145 2720 μον
164 2629 244 2712 εἰς’
225 2631 334 2722 ορηὴν
351 2636 454 2703 κινῶν
472 2631 513 2702 06
533 2629 695 2721 σονίησι.”
723 2639 830 2702 ταῦτα
845 2629 965 2703 είδεν
948 2661 968 2720 η
982 2631 1048 2721 66-

6 2747 7 2750 ’
36 2761 68 2801 25
81 2761 142 2822 τηρ
159 2761 220 2802 του
207 2737 393 2821 Λέοντος,
411 2735 468 2803 καὶ
485 2761 532 2825 τῳ
520 2739 616 2825 υἱῷ
631 2731 811 2820 άπὴνγειλε
824 2761 861 2804 το
849 2733 1048 2819 ἐνύπνιον,

7 2899 8 2902 ,
80 2835 138 2902 καὶ
154 2837 268 2904 έδέετο
286 2834 483 2904 παύσασθαι
499 2837 564 2902 τοῦ
575 2834 659 2902 ιιατοὶ
672 2841 742 2903 τάν
757 2839 889 2904 σεπτῦν
908 2832 1051 2902 είιιόνων

78 2935 299 3026 τολμήματος,
327 2933 403 3005 ἀλλ’
424 2933 618 3022 έξεκεκάφει
635 2932 653 3004 ὁ
672 2939 816 3015 δείλαιος
842 2936 898 3002 παλ
921 2944 1049 3023 θεομα-

7 3103 8 3106 ,
79 3041 153 3126 χοῦν
177 3034 241 3106 οῦκ
268 3037 419 3106 έπαῦετο.
457 3028 547 3106 οἷπτο
565 3035 605 3104 δέ
620 3036 677 3104 καλ
695 3033 712 3104 6
730 3045 826 3116 θεῖος
844 3035 1049 3124 πατριάρχης

87 3139 253 3228 Ταράσιος
270 3135 351 3207 καθ’
370 3138 505 3218 ῦπνοος
516 3138 582 3205 τινὶ
595 3135 661 3224 ἡδη
674 3143 733 3224 τῆς
748 3137 907 3228 ἐπιαὴρον
924 3137 1049 3225 ταύτης

35 3245 166 3326 οοζοιὴς
183 3239 359 3329 μεταστάς,
378 3237 602 3330 ἐπιβοάμενάς
619 3265 693 3306 τινα
717 3239 850 3328 Μιχαὴλ
874 3241 930 3308 καλ
950 3240 1048 3307 ἐπελ-

6 3397 8 3400 .
80 3350 160 3410 θεῖν
184 3347 232 3434 66
251 3342 372 3413 Λέοντι
397 3341 454 3410 καὶ
476 3354 604 3409 κτεῖναι
630 3345 752 3410 τοῦτον
770 3340 1047 3464 ἐγκελευόμενος

82 3437 170 3512 άλλά
188 3443 245 3512 ναὶ
263 3471 284 3530 η
273 3441 341 3512 ’έν
358 3471 404 3536 τςο
390 3447 616 3535 Φιλομηλίμ
634 3447 784 3531 μοναχοῦ
803 3443 1048 3532 προαγόρευσις

785 3552 848 3618 25*
