2566 3812
473 150 546 233 ιιο.
563 181 638 235 vm.
658 179 736 230 οιΡ.
754 181 812 234 xv.
1060 178 1121 244 217

153 317 217 392 νόν
241 345 288 410 πρ
314 321 474 408 κλνδῇναι
499 317 554 390 διά
571 316 611 391 τά
629 321 751 409 κε’ντρα
776 321 983 408 διέφθειραν.
1021 316 1156 396 ὑπο-ο

153 419 306 512 θόμενοι·
320 426 356 491 oi
376 419 529 511 Ῥαμαίοι
546 421 625 504 τοὺς
649 419 803 514 πράτους
825 422 893 492 τεάν
911 416 989 510 παρ’
1010 418 1122 503 αὑτοῖς

154 519 377 613 αἰχμαλώτων
393 525 585 614 παρέδοσαν
597 539 666 605 τοῖς
686 525 815 593 ἐκείνου
827 523 922 592 παισὶ
934 523 989 592 καλ
1008 517 1122 593 άνται-

155 631 316 694 κίσασθαι
333 624 388 693 καλ
406 621 673 696 άνταποκτείναι.

132 755 146 794 ι
241 722 323 808 Τοὺς
343 720 376 794 δ’
396 722 546 807 ὑπάτους
565 729 599 808 ἐς
622 725 685 814 τὴν
702 722 835 814 Λιβύην
851 723 1123 815 στρατεύσασθαι

159 828 367 915 ἐψηφίσαντο
381 818 488 897 τόντε
502 824 607 898 Γάιον
617 824 676 896 τὸν
691 821 833 898 Ἀτίλιον
846 826 906 897 τὺν
917 832 978 897 τοὺ
990 824 1123 915 Ῥηγού-

152 936 217 998 λου
241 925 392 1016 άδελφόυ
417 930 474 998 καλ
497 925 555 999 τὸν
573 926 731 1000 Μάλλιον
756 925 815 998 τὺν
832 926 991 1000 Λοάκιον.
1033 935 1068 998 ολ
1090 930 1122 1012 ἐς
1239 967 1242 972 ·

152 1027 216 1117 τὴν
244 1034 408 1100 Σικελίαν
437 1026 593 1110 ἐλθόντες
620 1033 666 1122 τῷ
696 1035 872 1122 Λιλυβαίῳ
901 1027 1122 1117 προσέβαλον,

152 1136 212 1200 καί
228 1158 261 1199 τι
284 1131 382 1221 μέρος
400 1135 458 1219 τῆς
475 1131 607 1222 τάφρου
626 1133 797 1220 σνγχοῐσαι
821 1137 868 1212 είς
891 1129 1038 1219 τὴντῶν
1062 1159 1121 1220 μη·
1222 1149 1224 1154 ’

112 1263 140 1303 ιο
155 1229 359 1322 χαυημάτεον
375 1229 599 1322 προσαγωγὴν
617 1237 843 1323 ἐπεχείρησαν.
875 1233 930 1300 καλ
948 1236 1123 1320 οίΚαρχη·

151 1331 263 1404 δάνιοι
288 1329 540 1422 ὑπορύσσοντες
571 1334 630 1404 τὸν
660 1336 743 1424 χοὺυ
772 1332 945 1422 ὑφελλκον.
992 1333 1063 1402 ἐπεὶ
1089 1330 1121 1401 δ’

152 1430 359 1524 ἠλαττοῦντο
376 1437 418 1524 τῇ
440 1442 636 1528 πολυχειρίᾳ
644 1489 654 1523 ,
678 1451 784 1525 τείχος
809 1437 922 1524 ἕτερον
940 1438 1039 1504 ἔνδον
1063 1461 1123 1523 μη-

152 1535 282 1616 νοειδὲς
301 1531 529 1630 ᾠκοδόμησαν.
566 1539 622 1607 καλ
636 1541 675 1607 Δοί
694 1537 756 1626 μὲν
773 1531 964 1625 ὑπονόμους
981 1529 1047 1606 ὑπὸ
1064 1535 1124 1606 τδν

152 1634 280 1706 κύκλον
305 1635 511 1728 εἰργάζοντο,
543 1635 632 1720 ὅπως
657 1635 740 1708 κατά
763 1635 799 1708 τὸ
825 1637 981 1708 διάκενον
1008 1633 1123 1706 αὑτοῖν

111 1768 140 1808 ιι
154 1735 326 1825 λζήσαντος
349 1742 409 1810 τοὺ
439 1745 568 1828 τείχους
593 1741 807 1836 είσπέσασιν·
840 1744 875 1809 οί
895 1735 1156 1829 Καρχηδόνιοιθ

154 1839 194 1908 δὲ
217 1835 480 1928 άντοράσσουτες
504 1839 650 1922 πολλοὺς
672 1841 735 1930 μὲν
752 1837 957 1929 άγνοοῦυτας
974 1839 1011 1910 τὸ
1034 1837 1122 1928 γινό-

159 1965 260 2028 μενον
279 1939 491 2032 ἐκδεχόμενοι
516 1948 682 2029 ἔκτεινον,
709 1939 851 2024 πολλοὺς
872 1941 908 2010 δὲ
926 1944 1067 2030 καὶπῦρ
1088 1943 1103 2009 ἐ
1174 2026 1178 2032 ¹

155 2039 339 2130 φρυγάνοις
365 2049 411 2124 είς
438 2039 478 2112 τά
502 2039 673 2132 ὀρύγματα
698 2040 917 2131 ἐμβάλλοντες
950 2048 1120 2130 ἔφθειρον.

153 2144 226 2212 ἐπεὶ
251 2145 292 2213 δέ
312 2171 401 2226 τινες
424 2151 492 2214 τῶν
516 2141 718 2235 συμμάχων,
741 2145 784 2231 τῇ
805 2169 842 2212 τε
865 2138 1047 2230 παρατάσει
1065 2146 1122 2229 τῆς

111 2271 141 2312 ιο
154 2251 347 2331 πολιορκίας
371 2240 552 2339 ἀχθόμενοι
576 2247 696 2338 καὶτῷ
718 2242 762 2334 μὴ
779 2240 839 2315 τδν
865 2240 991 2332 μισθὸν
1010 2239 1122 2326 αὐτοῖς

154 2347 272 2432 ἐντελῆ
297 2341 590 2435 καταβάλλεσθαι,
619 2348 807 2437 προδοῦναι
836 2343 874 2415 τὸ
905 2349 1030 2434 χωρίον
1053 2358 1122 2425 τοῖς

149 2439 324 2535 Ῥωμαίοις
348 2445 646 2542 διεκηρυκεάουτο,
672 2446 846 2537 ἐφάρασευ
869 2443 887 2516 ὁ
909 2441 1062 2536 Ἀμίλκας
1085 2442 1122 2515 τό

151 2545 423 2639 βουλευόμενον,
458 2545 521 2619 οὑκ
545 2551 683 2638 ἐξέφηνε
708 2551 762 2637 δι’,
792 2555 849 2620 ἵνα
875 2546 920 2639 μὴ
945 2544 1122 2638 πολεμάσχ

150 2646 292 2730 αὑτούς·
316 2647 467 2740 χρήματα
491 2649 529 2720 δὲ
546 2667 615 2732 τοῖς
632 2648 793 2741 άρχουσιν
811 2647 924 2721 αὑτοῖν
940 2647 1122 2740 παρασχών

111 2777 139 2819 τι
152 2751 212 2819 κοιλ
229 2756 277 2842 τῷ
290 2748 416 2841 πλήθει
428 2749 742 2842 προσυποσχόμευος
756 2755 863 2842 ἕτερα,
882 2747 987 2831 οὑτως
1001 2746 1121 2828 αὑτοὺς

151 2846 343 2946 ρλκειιάσατο
371 2849 457 2924 ὥστε
485 2850 565 2944 μηδ’
592 2850 808 2944 ἀρνήσασθαι
836 2851 899 2942 τὴν
924 2855 1120 2940 προδοσίαν,

149 2949 237 3022 άλλὺ
254 2955 310 3023 καὶ
326 2951 404 3034 τοὺς
421 2962 633 3034 τελευταίους
647 2955 804 3048 πρέσβεις
819 2949 1015 3031 ἐπανιόντας
1028 2947 1121 3020 άπά-

150 3064 288 3124 σασθαι.
325 3061 358 3125 οἳ
374 3055 457 3146 πρὸς
479 3054 558 3138 τούς
581 3053 729 3138 ὑπάτους
747 3051 1033 3144 αὐτομολήσαντες
1056 3054 1222 3141 γῆνΡ1396

149 3183 186 3226 τε
206 3158 243 3226 ἐν
261 3164 403 3249 Σικελίᾳ
418 3159 476 3228 καλ
495 3152 581 3246 ἕτερ’
600 3155 682 3227 άττα
700 3163 832 3245 ἔλαβον.

107 3283 135 3324 ιο
224 3252 442 3340 Ἀκοάσαντες
462 3259 500 3328 δὲ
524 3261 628 3331 ταὺτα
644 3264 680 3328 ολ
694 3269 780 3330 οίκοι
796 3252 1119 3349 Καρχηδόνιοιπέμ·

149 3379 274 3428 πουσιν
282 3355 450 3448 Ἀρδέβαν
459 3357 525 3430 σὺν
537 3361 639 3430 ναυσὶ
652 3367 822 3440 πλείσταις
830 3367 876 3442 είς
889 3357 926 3430 τδ
934 3355 1218 3445 ΛιλύβαιονλΝΠοε
1276 3393 1277 3400 1

152 3474 248 3530 σίτον
265 3455 427 3547 άγοάσαις
445 3463 502 3531 καλ
520 3456 682 3550 χρήματα.
718 3463 775 3530 καὶ
792 3456 829 3542 ὃς
846 3466 992 3551 χειμῶνα
1012 3461 1120 3544 ἐπιτη·
1276 3461 1277 3472 ³
