2562 3814
260 205 332 255 LIB.
345 204 409 255 VII.
429 203 509 253 CAP.
519 204 619 257 XXVI.
643 205 713 255 LIB.
726 205 802 256 vm.
822 205 901 258 cAP.
915 208 936 260 I.
1034 205 1095 269 169

114 349 286 433 στονμίου
303 343 439 412 καὶτοῦ
457 351 651 414 Καλονίνου
669 351 716 424 είς
735 342 875 426 ἑαυτοὺς
898 342 960 434 τὴν
982 353 1094 418 αίτίαν

116 442 394 534 ἀυαᾶεχομέυων,
413 442 587 534 ἐψηφίσθη
605 443 687 534 μήτε
701 453 900 536 κυρωθῆναι
912 445 952 527 τίι
971 443 1094 538 ὁμολο-

117 549 252 637 νημένα
271 549 422 626 ἐκείνους
439 573 476 614 τε
495 549 685 635 ἐκδοθῆναι.

195 645 416 738 Ἀπήχθησαν
433 637 495 718 οὖν
512 653 568 718 καὶ
585 645 685 738 ίιμφω
703 655 739 720 οί
753 647 874 722 ὕπατοι
890 653 948 720 καὶ
971 654 1007 720 oc
1028 661 1093 722 λοι-

101 752 188 818 εποὶ
205 746 358 838 ἄρχοντες
375 753 412 819 οί
433 751 487 818 ἐπὶ
510 767 579 831 τοῖς
603 747 714 839 ὅρκοις
737 751 1022 840 παρουσιάσαντες
1047 760 1093 835 είς

130 849 169 918 τὸ
184 849 340 922 Σαύνιον.
371 847 413 920 οὐ
431 852 543 938 μέντοι
561 849 687 934 αὐτοὺς
699 859 735 922 οί
746 865 913 924 Σαυνῖται
927 857 1091 944 ἐδέξαντο,

126 947 210 1020 αλλιὶ
226 951 302 1033 τοὺς
319 949 498 1034 ἆλοντας’
479 951 631 1044 απῄτουν
648 981 809 1044 απαντας,
829 959 884 1080 κμὶ
898 984 977 1037 τους
990 955 1093 1038 θεους

124 1056 313 1141 ἐπεβοωντο
326 1057 415 1124 καὶέ
415 1063 514 1124 πεθεί
516 1064 605 1143 αζον,
624 1059 679 1126 καὶ
692 1061 784 1136 τέλος
797 1085 877 1155 τους
892 1059 1093 1140 ἐκδοθέντας

119 1150 348 1244 ἆντέπεμψαυ.
385 1162 421 1225 οι
444 1154 509 1225 δέ“
507 1167 651 1246 Ρωμαῖοι
669 1161 832 1280 ἐκείνους
856 1159 918 1248 μὲν
942 1156 1093 1248 ίισμένως

82 1287 106 1328 ιο
118 1255 307 1345 ἀπέλαβον,
325 1273 394 1338 τοις
413 1258 451 1326 δὲ
464 1266 648 1340 Σαυνίταις
660 1254 744 1350 ὀργῇ
762 1257 823 1346 τὴν
840 1288 948 1349 μαχην
968 1259 1090 1348 ἐπήγα-
1104 1279 1127 1329 Β

117 1387 194 1446 γον.
228 1361 285 1428 καὶ
302 1356 525 1448 κρατήσαντες
542 1389 583 1430 τα
601 1359 697 1448 ὅμοια
711 1365 864 1450 σφίσιν’
848 1388 907 1430 επο
909 1369 1019 1449 ίησαν,
1038 1363 1105 1430 καί

116 1461 187 1530 ὑπὸ
214 1458 274 1530 τὸν
298 1458 397 1549 ξυνὸν
421 1489 543 1542 αυτους
570 1459 833 1550 ἆνθυπηγανον,
864 1459 964 1532 καῖ’
946 1466 1127 1565 αφῆκαν,

116 1562 231 1652 μηδὲν
254 1558 334 1631 αλλο
359 1559 463 1634 κακον
493 1561 683 1653 δράσαντες
727 1567 782 1634 καὶ
810 1563 886 1646 τούς
911 1569 1093 1654 σφετέρους

118 1668 253 1750 ἱππεῖς,
272 1659 333 1744 οὓς
347 1693 394 1745 ως
412 1659 558 1754 ὁμήρους
576 1683 729 1756 κατεῖχον
747 1671 781 1736 οί
797 1678 962 1737 Σαυνῖται
968 1721 978 1756 ,
1004 1665 1092 1738 ἄπα·
1149 1662 1152 1668 “

78 1777 198 1844 τιθεῖς
217 1769 423 1853 ἐκομίσαντο.

199 1866 298 1936 Μετὰ
317 1867 355 1936 δέ
372 1863 515 1957 χρόνους
533 1876 687 1950 πλείονας
706 1859 807 1951 αὖθις
824 1887 893 1953 τοῖς
906 1877 1121 1953 Σαυνίταιςλ

123 1971 344 2056 πολεμοῦντες
367 1973 403 2038 οί
418 1965 588 2058 Ῥωμαῖοι,
615 1979 721 2041 Γαΐου
742 1967 884 2042 Ἰουνίου
902 1970 1092 2060 ἡγουμένου

124 2065 255 2159 αὐτῶν,
280 2073 439 2162 συμφορᾷ
465 2074 672 2160 περιέπεσον.
711 2077 920 2159 πορθοῦντος
943 2071 1006 2160 γὰρ
1031 2076 1091 2141 τοῦ

116 2165 261 2241 Ἰουνίου
279 2169 341 2258 τὴν
359 2171 472 2260 χώραν
490 2171 615 2260 αὐτοῖν,
635 2169 754 2253 εἰςτὰς
771 2169 853 2252 ὕλας
867 2167 1093 2260 τὰςἈόρνονς

79 2301 106 2342 το
119 2270 350 2362 τάπροσόυτα
367 2279 402 2342 οί
413 2283 579 2344 Σαυνῖται
597 2269 849 2362 ἀνεκομίσαντο,
868 2268 955 2342 οὕτω
973 2281 1092 2348 καλου·

119 2376 224 2463 μένας
242 2371 308 2444 ἆπό
324 2381 385 2445 τοῦ
401 2373 476 2464 μηιέ
496 2371 588 2468 ὄρνις
613 2368 827 2448 είσπέτεσθαι
852 2381 899 2457 είς
923 2371 1027 2455 αὐτοῖς
1050 2381 1126 2466 τῇο

118 2481 190 2546 τῶν
208 2477 363 2564 δένδρων
380 2475 569 2566 πυκνότητι.
597 2481 668 2548 ἐκεῖ
685 2479 721 2548 δὲ
737 2475 843 2564 ὄντες,
862 2475 1000 2566 ποίμνιιί
1017 2505 1092 2547 τινα

118 2579 292 2667 ποιμένων
308 2572 329 2666 ἢ
346 2581 508 2670 φρουρεῖν
532 2575 614 2649 ίινευ
632 2577 917 2669 προκαθιστιίντες
935 2581 989 2648 καὶ
1008 2595 1093 2662 ψευ-

119 2676 350 2768 ὃαυτομόλους
380 2677 632 2768 ὑποπέμποντες
639 2734 649 2769 ,
679 2679 723 2763 ὣς
750 2677 800 2768 ἐφ’
833 2683 969 2769 ἑτοίμην
997 2687 1092 2750 λείαν

82 2777 251 2860 τούτους
275 2777 497 2870 ὑπηγάγοντο.
535 2793 615 2852 εέσω
643 2783 680 2852 δὲ
704 2785 904 2872 γενομένους
927 2786 985 2868 τῆς
1009 2777 1092 2869 ὕλης

120 2884 301 2971 περιέσχον
317 2909 354 2952 τε
372 2886 459 2972 σφᾶς
478 2884 533 2953 καὶ
552 2879 594 2953 ου’
619 2883 781 2975 πρότερον
800 2881 990 2953 ἐπαύσαντο
1007 2889 1093 2950 κτεί-

119 3011 239 3064 νοντες
257 2985 340 3073 πρὶν
356 2988 471 3055 τέλεον
490 2989 655 3074 ἐκκαμεῖν.
692 2987 748 3054 καὶ
776 2981 893 3068 ἄλλοτε
918 2982 955 3051 δὲ
973 2979 1093 3052 πολλά-

120 3113 174 3166 κις
192 3101 264 3166 τοῖς
277 3083 449 3174 Ῥωμαίοις
466 3086 713 3175 πολεμήσαντες
731 3091 767 3156 ὀί
782 3097 948 3156 Σαυνῖται
966 3086 1022 3154 καὶ
1038 3083 1093 3173 ἡτ-

119 3190 287 3276 τηθέντες
304 3185 370 3257 οὐκ
390 3186 619 3277 ἐφηστίχασαν,
644 3184 728 3259 ἄλλα
748 3190 805 3258 καὶ
825 3183 1017 3277 συμμάχους
1036 3183 1092 3258 ἅλ-

80 3314 106 3356 ω
120 3298 202 3371 λονς
221 3317 258 3359 τε
271 3287 540 3380 προσλαβόμενοι
557 3293 613 3360 καὶ
627 3289 789 3377 Γαλάτας,
806 3287 851 3370 ὡς
865 3291 921 3358 καὶ
936 3289 1017 3381 πρὸς
1031 3286 1093 3378 τὴν

191 3453 260 3520 Cap.
274 3457 297 3505 1.
321 3455 420 3506 Dionis
432 3455 572 3506 Historiae
585 3457 728 3507 Romanae
741 3455 807 3506 libri
819 3455 934 3522 perditi:
954 3454 1092 3518 fragmen·

118 3531 178 3573 tum
192 3523 235 3587 36,
249 3523 266 3574 8
278 3524 436 3588 seem-28.
533 3593 537 3598 Ι
