2566 3800
202 175 264 240 192
512 153 845 228 LIB.'X111.0AP.v1.
898 249 903 254 ῃ

201 319 314 396 ἐνίους
341 315 382 384 δέ
404 314 516 402 γεκαὶ
536 311 699 401 ἐβιάσατο.
734 311 791 380 καὶ
809 308 1085 400 συμπαραλαβών
1103 308 1176 380 αὕ-

198 415 279 498 τοός
311 413 421 498 ου’θός
451 420 499 496 τίς
527 413 570 484 τά
594 421 747 502 βασίλεια
771 411 902 500 ἄπεισι,
926 411 984 480 καὶ
1007 409 1181 500 διανομάς

199 518 379 610 χρημάτων
409 521 587 604 πεποίητο,
616 531 691 596 ταῖς
726 541 762 584 τε
798 513 921 595 πόλαις
949 519 1010 600 τῆς
1041 511 1180 595 πόλεως

201 622 360 707 ἐπέστησε
383 618 556 708 φύλακας,
587 617 811 696 ένταλθέντας
834 629 906 696 τοῖς
935 614 1011 704 μὲν.
1029 619 1183 684 εἰσιοῦσι

199 719 262 810 τήν
287 726 422 791 εἴσοδον
446 733 648 808 συγχωρεῖν,
674 718 794 801 ἐξιέναι
811 716 849 786 66
865 719 994 806 μηδένα
1012 735 1213 806 {mmm-⁶

201 836 288 914 ρειν,
313 851 370 891 ινα
385 819 432 911 μή
451 822 534 901 τέως
551 849 590 890 το
580 819 762 909 τόλμημα
777 823 951 944 κηρυχθή.
977 813 1094 889 ταδ’
1051 821 1183 888 αυτίκα

200 926 329 996 στέλλει
354 922 435 1004 τοός
457 921 517 992 τόν
535 920 743 992 Κτόνσταντα
766 914 1031 1010 ἀναιρήσοντας,
1047 913 1179 1010 πρὶνή

200 1033 300 1114 γνοίη
323 1023 360 1094 τό
385 1023 546 1114 τόλμημα.
582 1020 658 1093 δδέ
678 1021 756 1113 περὶ
772 1021 886 1112 θήραν
901 1019 1077 1110 ήσχόλητο
1113 1022 1180 1090 καὶ

202 1125 268 1216 γάρ
289 1125 442 1215 ἐμεμήνει
460 1126 537 1215 περὶ
554 1155 596 1194 τα
585 1123 800 1212 κυνηγέσια
814 1123 992 1192 καὶταῦτα
1004 1119 1185 1254 ἀρθρίτιδι

202 1235 445 1317 προσπαλαίων
462 1223 665 1316 διηνεκεῑ,“
642 1253 687 1314 ην
707 1228 740 1308 ἐξ
759 1221 937 1314 ήδονῶν’
917 1230 1077 1314 αμετρίας
1093 1223 1180 1294 ἐνό-
1196 1243 1221 1284 ¹0

167 1343 192 1394 D
203 1349 313 1501 σχσεν
324 1325 519 1409 ἀκολάστως
536 1327 641 1416 βιούς,
663 1355 685 1416 η
671 1325 761 1431 ’“καὶ
779 1329 821 1396 ἐν
841 1324 1049 1452 προσχήματι
1063 1323 1181 1416 θήρας

175 1507 178 1513 ,
203 1439 251 1513 είς
203 1431 361 1512 εόλας
386 1429 604 1518 ἐγκατεδόετο
627 1427 710 1518 μετά
734 1433 805 1498 τῶν
828 1427 907 1518 περὶ
933 1425 1040 1496 αότόν
1056 1454 1180 1516 μειρα-

202 1541 330 1604 κίσκων
353 1532 410 1600 καὶ
434 1536 637 1618 νεανίσκων,
663 1537 700 1600 οἳ
715 1532 840 1624 ἐκείνω
858 1527 914 1598 διά
932 1528 1054 1610 κάλλος
1072 1546 1180 1599 συνε-

202 1636 342 1722 λέγοντο
359 1634 416 1702 καὶ
434 1630 603 1724 ᾠκείωντο
623 1600 884 1716 ἐκαλλωπίζόντό
906 1657 942 1700 τε
960 1628 1180 1721 περιεργότε-

203 1763 265 1824 ρον
277 1735 336 1803 καλ
349 1741 474 1822 λίχνοις
487 1725 576 1821 ἦσαν
590 1731 795 1822 ὀφθαλμοῖς,
806 1731 988 1813 ἀκολασίας
1004 1730 1179 1822 ἐμπόρευ-
1194 1750 1219 1792 1⁵

205 1864 263 1924 μα,
286 1833 434 1928 κάκείνω
459 1834 658 1923 ἐτύγχανον,
684 1832 728 1916 ὥς
747 1835 886 1922 λέγεται,
905 1833 1054 1904 παιδικά.
1089 1827 1181 1904 ἀλλά

202 1937 260 2006 καὶ
276 1936 451 2006 ε’ττὶπλέον
465 1951 541 2017 ταῖς
556 1933 653 2017 όλαις
666 1937 841 2026 διέτριβεν,
860 1938 1024 2005 ἐκκλίνων
1035 1933 1101 2022 τήν
1114 1963 1179 2024 με-

168 2049 171 2057 “
202 2036 244 2108 τά
256 2043 326 2107 τόν
340 2043 490 2128 κοσμίων
505 2037 643 2128 ἀνδρῶν
657 2037 905 2126 συνδιαγωγήν.
931 2035 1021 2128 παρά
1033 2033 1179 2109 τὸνῬο-

203 2138 312 2211 δανδν
330 2147 451 2212 τοίνυν
468 2137 620 2230 ποταμόν
637 2143 673 2209 oc
688 2137 779 2230 παρά
799 2145 1019 2226 Μαγνεντίου
1038 2137 1177 2208 σταλέν-

203 2269 256 2326 τες
273 2242 447 2332 γενόμενοι
464 2241 546 2330 μετά
563 2239 626 2328 τήν
642 2239 757 2332 θήραν
773 2237 991 2310 ὑπνώττοντα
1003 2239 1066 2310 τόν
1078 2236 1176 2310 Κοίν-
1191 2259 1221 2300 20

205 2367 330 2414 σταντα
353 2343 590 2433 διεχρήσαντο,
615 2342 671 2410 καὶ
695 2341 775 2422 τοός
800 2344 917 2434 ἐκείνῳ
940 2341 980 2412 δὲ
1010 2340 1179 2422 συνόντας

0 2481 1 2484 “
101 2457 197 2509 P1114
208 2443 467 2530 ολιγουςόντας
491 2441 701 2512 ἀπέκτειναν.
736 2448 772 2512 οί
787 2442 888 2532 δέμη
907 2443 997 2514 οὕτω
1015 2443 1100 2532 φασὶ
1117 2469 1179 2529 γε·

169 2525 384 2614 Ανέσθαι
347 2570 411 2630 την
436 2545 568 2612 ἐκείνου
599 2539 791 2641 ἀναίρεσιν,
823 2547 953 2632 γνοῐναι
982 2539 1019 2614 δ’
1046 2547 1180 2614 ἐκείνου

204 2643 266 2732 τήν
284 2641 359 2714 κατ’
379 2639 485 2712 αὐτου
473 2637 747 2714 ἐπανάστασιν
771 2645 828 2715 καὶ
845 2646 1056 2768 μονωθέντα,
1073 2672 1180 2714 κατα-

205 2745 372 2815 λιπόντων
396 2739 504 2814 αότὸν
527 2750 597 2814 τῶν
622 2745 700 2837 περὶ
725 2741 844 2835 αυτόν,
862 2753 935 2817 ναιό
952 2759 1178 2838 προσφυγεῖν.
1191 2765 1224 2805 2⁵

204 2845 303 2917 κάκεῖ
316 2846 357 2917 τά
375 2853 435 2936 τής
452 2853 625 2934 βασιλείας
637 2847 819 2938 παράσημα
832 2818 1099 2936 ἀπειέδόσασθαι,
1111 2845 1179 2918 κά-

205 2959 325 3020 κεῖθεν
340 2949 548 3038 ἐκβληθέντα
562 2944 797 3039 ἀναιρεθῆναι,
813 2951 1091 3020 ἑπτακαιδέκατον
1104 2953 1180 3032 ἐτος

101 3064 184 3114 W111
193 3049 408 3122 13ἀνόσαντα
422 3049 514 3142 παρὰ
528 3055 570 3140 τῇ
580 3047 746 3142 ἀρχή,τής
760 3048 793 3120 δ’
809 3049 940 3140 ήλικίας
952 3051 1019 3141 ήδη
1033 3060 1182 3140 παρελη-

207 3151 340 3222 λυθότα
362 3151 568 3240 τριακοστόν.
622 3153 752 3240 λέγεται
778 3151 816 3222 δὲ
846 3151 921 3244 ἄρτι
949 3154 1182 3242 γεννηθέντος

204 3251 312 3322 αὐτοῦ
332 3245 506 3342 ἐπιτρέψαι
523 3265 594 3333 τοῖς
612 3251 827 3344 ἀστρολόγοις
843 3253 905 3324 τόν
921 3256 1050 3346 πατέρα
1067 3252 1181 3326 αὐτοῦ
1196 3274 1225 3316 ³⁰

206 3352 261 3418 ἐπὶ
287 3355 336 3442 τςό
358 3351 482 3422 τούτου
506 3360 678 3446 γενεθλίῳ
700 3360 834 3444 ποιήσαι
856 3355 1033 3446 θεμάτιον,
1057 3352 1181 3427 κάκεί-

172 3491 174 3499 ,
208 3475 291 3528 νους
313 3451 398 3541 πρὸς
422 3447 534 3532 ἀλλοις
558 3449 609 3534 οἷς
632 3455 710 3543 περὶ
734 3451 843 3526 αότοῦ
872 3456 1089 3548 προειρήκασι
1118 3459 1181 3528 καὶ
