2510 3834
466 176 537 227 LIB.
550 177 598 229 VI.
617 175 695 228 cAP.
707 177 739 227 V.
1048 175 1089 238 15

114 316 235 407 νύχιον
259 313 454 405 ένεφορήθη
478 311 598 405 αὐτῆς,
623 313 667 396 ἀς
684 309 863 402 ’Ἁννουβις
881 310 967 405 αύτῄ
981 336 1086 405 προσ·

113 417 311 512 φερόμενος.
350 416 420 486 εἶτα
443 413 461 486 δ
479 417 542 505 μὲν
558 412 730 504 ἀπῆλθεν,
755 410 776 503 ἡ
796 416 834 486 δέ
851 415 934 506 πρὸς
950 416 1010 487 τδν
1027 414 1086 488 ἀν·

116 525 181 611 δρα
198 515 388 610 φοιτήσασα
413 523 558 606 διηγεῖτο
575 515 638 606 τήν
656 516 855 606 ἐπιφάνειαν
871 521 932 588 τού
952 513 1086 590 Ἀννού-

118 629 227 710 βιδος,
258 621 316 690 καλ
346 618 429 708 πρὸς
458 617 516 700 τὰς
546 615 708 706 συνήθεις
739 615 1009 710 ἐνελαμπρύνετο
1041 617 1085 702 ὥς

96 717 249 810 εὸμιλίας
270 719 456 804 ἀξιωθεῖσα
478 725 573 790 θεοῦ.
614 725 709 812 τρίτη
733 720 769 790 δέ
786 718 868 808 μετὰ
885 717 948 808 τήν
963 724 1086 812 πρᾶξιν

125 817 226 914 ἡμέρᾳ
238 818 450 910 συναντήσας
459 818 647 903 ὁΜοῦνδος
660 819 747 912 αὐτῇ
755 815 960 892 “”Πανλῖνα
963 875 973 911 ,
986 831 1085 912 φησί,

119 922 247 993 “nal
210 953 269 1006 τας
294 935 401 994 είκοσι
422 921 588 1014 μυριάδας
611 929 694 1012 ἐγω,
726 923 782 992 καὶ
805 921 849 992 σύ
871 951 927 1012 μοι
957 921 1084 994 τούτων

116 1022 307 1114 διηκονήσω
336 1031 446 1115 χωρίς.
494 1018 516 1093 ἀ
510 1021 578 1094 δέ
608 1021 690 1114 πρὸς
715 998 881 1095 Μάύνδον
907 1021 1039 1114 ἐξύβριζ
1023 1033 1084 1112 ζ,ες

116 1124 244 1196 τούτων
260 1124 365 1252 ρύδέν
387 1154 444 1215 μοι
462 1123 687 1215 προσήπνετο,
703 1121 922 1214 ’Ἇννουβιν”
903 1154 1009 1215 ονομα
1025 1137 1083 1197 θε·
1095 1137 1120 1189 Β

78 1256 103 1294 10
115 1229 205 1322 μένφ
230 1224 357 1320 αύτῷ.”
402 1229 439 1297 ἐκ
461 1224 591 1298 τούτων
621 1233 667 1308 είς
691 1233 827 1298 ἔννοιαν
850 1230 1000 1298 ἐλθοῦσα
1024 1234 1084 1298 τού

6 1365 9 1378 »
115 1326 322 1418 τολμήματος
347 1323 474 1417 ήγυνή
497 1326 760 1418 περιρρήγνυται
784 1325 847 1416 τήν
864 1327 1003 1417 στολήν,
1028 1331 1085 1398 καὶ

113 1434 159 1524 τῷ
175 1427 281 1520 ἀνδρὶ
299 1427 422 1518 ἐδήλου
444 1429 481 1500 τό
506 1427 747 1518 ἐπιβούλευμα·
772 1426 848 1498 ὁδὶ
871 1433 918 1522 τῷ
940 1435 1084 1522 Τιβερίῳ

114 1535 299 1622 προσῆλθε.
336 1533 393 1600 καὶ
417 1530 436 1601 ὁ
461 1527 676 1620 αὐτοκράτωρ
702 1526 856 1612 ἐξετάσας
879 1527 916 1599 τὸ
933 1528 1083 1619 γεγονός,
1196 1594 1200 1600 .

59 1633 62 1638 ’
116 1631 192 1714 τούς
208 1633 272 1722 μέν
298 1637 399 1720 ἱερεῖς
421 1629 657 1720 ἀνεσταύρωσε
679 1634 736 1701 καλ
759 1628 820 1720 τήν
836 1627 947 1720 Ἴδην,
970 1629 1031 1716 τόν
1047 1659 1084 1701 τε

5 1801 7 1824 3
78 1760 102 1798 ιε
114 1732 199 1807 ναδν
215 1742 370 1822 καθεῖλε,
388 1735 445 1803 καλ
462 1730 499 1804 τδ
516 1736 574 1821 τῆς
585 1731 709 1814 Ἴσιδος
722 1733 854 1823 ἀγαλμα
873 1739 920 1815 είς
937 1732 997 1803 τὸν
1015 1731 1083 1804 Θύ-

5 1877 7 1928 3
112 1843 190 1926 βριν
215 1832 369 1926 ποταμὸν
393 1833 625 1923 κατεπόντισε,
654 1831 714 1905 τδν
738 1835 775 1904 δέ
798 1837 964 1906 Μούνδον
990 1837 1085 1926 φυγῇ

5 1929 7 2020 j
113 1940 311 2024 ἐδικαίωσε,
337 1935 539 2025 συγγνιδμην
556 1944 671 2024 νείμας
689 1931 783 2029 αύτῷ
805 1931 892 2008 ὥστε
909 1933 954 2025 μή
972 1944 1084 2025 μεῖζον

5 2029 7 2108 ι
111 2041 326 2125 κολασθῆναι
344 2035 399 2106 διά
416 2036 478 2125 τήν
495 2044 576 2126 βίαν
592 2041 652 2106 τοῦ
672 2043 802 2124 έρεοτος.
1184 2037 1187 2044 ’

5 2121 7 2146 ¹
183 2128 289 2210 Ἀλλά
312 2141 418 2208 ταῦτα
440 2138 503 2227 μὲν
522 2142 559 2207 ἐν
581 2140 623 2227 τῇ
639 2134 746 2226 Ῥώμη
766 2138 967 2224 ἐπέπρακτο,
992 2137 1029 2204 έν
1048 2136 1085 2204 δέ

78 2265 102 2304 ιο
115 2244 294 2330 Σαμαρείᾳ
320 2240 512 2329 συμβέβηκε
534 2235 695 2326 θόρυβος.
737 2233 823 2324 ἀνὴρ
853 2233 917 2324 γάρ
940 2262 990 2315 τις
1017 2237 1084 2305 ἐκί-

112 2349 191 2412 λευε
216 2338 296 2422 τούς
313 2351 483 2430 Σαμαρεῖς
508 2341 563 2410 ἐπὶ
585 2338 623 2415 τὸ
640 2339 777 2427 Γαριζλν
800 2334 876 2432 ὅρος
894 2333 985 2430 αύτῷ
1003 2357 1083 2407 συν-

113 2451 248 2514 ελθεῖν·
274 2439 458 2531 ἁγνότατον
483 2441 521 2510 δὲ
537 2444 636 2510 τούτο
660 2436 774 2521 αὐτοῖς
796 2437 998 2528 ὑπείληπται
1015 2444 1084 2510 τῶν

112 2540 221 2634 ὀροῖν·
246 2544 302 2612 καὶ
327 2539 543 2633 ἀφικομένοις
561 2544 779 2630 ἐπηγγέλλετο
803 2540 877 2631 ίερά
899 2537 1004 2629 σκεύη
1022 2544 1117 2629 &pt-c

112 2651 258 2732 φανίσαι
280 2647 561 2734 κατορωρυγμένα
585 2645 655 2713 ἐκεῖ
674 2641 743 2713 ὑπὸ
767 2644 957 2724 Μωυσέως·
989 2646 1025 2710 οί
1046 2642 1083 2710 δέ

13 2770 18 2781 ·
77 2769 102 2808 25
115 2740 222 2867 ἧθροί
221 2753 314 2829 ζοντο
337 2747 394 2816 καὶ
420 2747 457 2815 ἐν
479 2742 594 2826 ὅπλοις
617 2735 713 2831 ἦσαν.
754 2741 899 2824 Πιλάτος
924 2743 961 2812 δὲ
985 2763 1083 2833 στρα-

112 2873 235 2927 ττιοτας
259 2848 391 2937 πέμψας
414 2844 493 2928 τούς
498 2847 576 2935 μέν
600 2851 742 2934 ἔκτεινε,
765 2844 843 2926 τούς
867 2845 905 2914 δὲ
924 2845 1083 2932 ἐτρέψατο

114 2954 163 3029 είς
180 2944 315 3037 φυγήν,
340 2949 396 3018 καί
418 2951 488 3018 τῶν
511 2948 751 3037 ζωγρηθέντων
773 2945 851 3027 τούς
877 2950 1083 3032 κορυφαίους

117 3050 323 3137 διέφθειρεν.
368 3048 457 3119 oco&
473 3059 643 3139 Σαμαρεῖς
661 3045 743 3138 πρὸς
763 3044 958 3118 Οὐιτέλλιον
974 3034 1083 3133 ἦλθον

116 3143 289 3271 Συρίας
270 3147 533 3272 ηγεμονεύοντα,
562 3146 713 3220 Πιλάτου
742 3151 1002 3237 κατηγοροῦντες
1028 3150 1082 3218 ἐπὶ

79 3273 104 3314 εο
120 3257 158 3339 τῇ
175 3257 246 3321 τῶν
269 3245 452 3340 ὁμοφύλων
476 3257 601 3340 σφαγῇ.
637 3252 694 3320 καὶ
714 3249 904 3330 Οὐιτέλλιος
922 3247 1083 3338 Μάρκελ

118 3358 178 3420 λον
195 3353 329 3441 πέμψας
344 3359 413 3423 τῶν
432 3348 604 3423 Ἰουδαίων
621 3372 909 3441 προνοησομενον,
935 3346 1015 3416 έπΓ
1014 3345 1082 3414 Ροί-

120 3479 186 3540 μην
201 3449 389 3524 ἀπιέναι
356 3481 415 3524 τον
431 3451 580 3526 Πιλάτον
597 3453 752 3522 ἐκέλευεν
774 3451 828 3520 ἐπὶ
845 3454 905 3518 τοῦ
923 3440 1083 3527 αὐτοκρά-
