2566 3812
501 123 573 174 τια.
585 123 633 176 1x.
653 123 731 178 οΑΡ.
743 127 768 176 ι.·
1054 125 1116 191 251

146 260 328 353 συμφοράν
350 255 466 344 αὐτοῖς
491 263 724 352 ίμαντεύσατο.
771 264 969 355 θαυμαστὸν
999 266 1037 338 δὲ
1061 269 1118 340 καί

145 363 183 436 τό
201 392 261 436 του
249 359 425 453 Μάρκου
449 361 702 455 προμάντιυμα·
735 363 963 456 χρησμολόγος
986 366 1049 460 γάρ
1067 398 1117 452 τις

146 458 257 537 καὶ
217 492 313 548 ουτος
326 461 507 558 γενόμενος
522 469 559 536 ἐν
572 494 618 560 τςο
604 470 825 562 Διομηδείφ
837 473 944 563 πεδίῳ
962 475 1117 542 πταίσειν
1125 508 1149 558 B

147 563 287 655 αὐτους,
306 561 364 638 άτε
382 567 438 638 καὶ
461 569 576 657 Τρῶας
593 565 629 638 τό
648 563 788 658 άρχαῑον
805 563 923 659 ὄντας,
944 572 1113 660 ἐφοίβασε.
1174 651 1176 660 Ι

122 672 247 740 ετοῦτο
265 665 298 739 δ’
320 669 358 740 ἑν
372 663 533 762 Ἀπουλίηι
545 697 586 760 τη
573 672 764 741 Δαυνίων
782 673 869 793 ἐστί,
888 669 991 742 καί
957 699 994 742 το
1010 669 1116 764 ὄνομα

43 818 51 830 .
153 765 217 840 άπὸ
229 777 286 858 τῆς
298 797 360 840 του
345 767 568 860 Διομήδους
582 768 821 861 κατοικήσεως,
840 767 883 861 ἣν
897 775 966 844 ἐκεῖ
978 769 1115 863 άλητεό·

153 889 212 952 σας
233 868 428 960 ἐποιήσατο,
452 877 602 961 ἔσχηκεν
647 875 684 942 ίν
707 871 772 960 γάρ
796 902 842 966 τφ
865 880 972 968 πεδίφ
996 879 1122 970 ἐκείνων

149 973 204 1041 καί
221 976 259 1042 αί
273 969 422 1062 Κάνναι,
442 969 584 1043 ἔνθα
545 1001 620 1044 τοτε
637 971 888 1064 ἐδυστύχησαν,
907 972 998 1066 παρά
1015 1003 1052 1046 τε
1068 979 1115 1069 τῷ
1216 1046 1220 1061 x

144 1067 222 1144 ’Ῑονί
222 1101 249 1167 φ
272 1070 387 1167 κόλπφ
412 1075 468 1144 καί
496 1072 636 1164 περὶ
597 1102 657 1156 τας
687 1077 748 1146 τού
769 1072 905 1164 Αὐφιδί
904 1103 946 1147 ου
954 1076 1115 1248 ἐκβοί,άς

108 1204 134 1244 ιο
148 1201 165 1244 ε
166 1179 243 1245 ί.σιν
292 1171 313 1263 ἡ
339 1143 376 1244 66
400 1179 556 1304 Σίβφίία
581 1171 812 1264 φυλάττεσθαι
836 1174 961 1266 μὲν
927 1205 964 1248 το
991 1207 1060 1270 ηωρ
1062 1185 1115 1250 ίον

145 1273 356 1366 παρήνεσεν,
381 1274 423 1347 οὐ
439 1279 552 1366 μέντοι
568 1278 625 1347 καί
642 1274 761 1348 πλεῖόν
776 1305 809 1348 τι
826 1275 1031 1368 γενήσεσθαι
1049 1286 1114 1369 ἔφη

144 1371 223 1448 οὐδ’
243 1383 274 1447 εί
291 1375 348 1448 διά
365 1375 473 1467 πάσης
490 1375 573 1449 αὐτὸ
560 1375 782 1501 ποιήσαιντο
799 1383 962 1468 φυλακῆς.

229 1482 373 1550 Τοιαῦτα
389 1469 511 1569 μὲν
470 1507 533 1550 ουν
550 1468 637 1568 ἦσαν
654 1509 695 1549 τα
684 1475 999 1603 ηρησμφδὴματα,
1017 1510 1058 1552 τα
1047 1479 1114 1552 δὲ

144 1595 215 1663 τοῖς
229 1573 400 1671 Ῥωμαίοις
424 1577 600 1670 συμβάντα
622 1576 727 1663 οὕτως
750 1583 890 1670 ἐγένετο.
926 1571 1031 1674 ἦρχον
1053 1583 1115 1674 μὲν

104 1685 282 1764 ιεΠαῦίος
306 1688 393 1772 Αίμί
392 1691 460 1766 λιος
490 1683 547 1752 καὶ
578 1683 746 1808 Τερέντιος
778 1680 960 1774 Οὐάρρων,
992 1679 1114 1775 ἄνδρες

145 1781 209 1872 οὐχ
224 1780 452 1874 ὁμοιότροποι
459 1833 464 1839 -
483 1811 502 1853 ο
491 1777 638 1872 ’μὲν
600 1813 664 1874 γαρ
682 1779 884 1874 εὐπατρίδης
901 1775 944 1874 ἦν
961 1788 1017 1858 καὶ
1034 1808 1146 1860 παι-0

147 1891 222 1978 δείη
245 1883 428 1976 κεκόσμητο
451 1885 507 1956 καί
530 1883 567 1954 τό
595 1881 743 1975 άσφαλδς
764 1895 926 1977 προετίμα
949 1889 1010 1960 τού
1034 1914 1114 1979 προ·

148 1991 284 2075 πετοός,
307 1988 480 2076 Τερέντιος
497 1987 535 2058 δὲ
553 1989 590 2058 ἐν
607 1990 654 2080 τρί
670 1981 775 2080 ὁμίίφ
799 1990 983 2079 ἐτέθραπτο
1001 1990 1057 2058 καὶ
1077 1993 1113 2060 ἐν

145 2091 334 2178 βαναυσικη
351 2085 537 2179 θρασύτητι
554 2083 678 2176 ἤσκητο
695 2089 751 2156 καὶ
769 2085 874 2158 τάλλα
890 2116 926 2158 τε
945 2086 1115 2208 ἐξεφρόνει

105 2217 133 2257 ιο
147 2185 260 2260 καὶ
223 2217 286 2278 την
309 2183 492 2279 ἡγεμονίαν
513 2185 616 2278 μόνος
641 2194 730 2276 ἔχειν
752 2185 864 2278 ηγείτο
888 2185 944 2258 διά
967 2215 1029 2277 την
1052 2193 1113 2259 τού

144 2287 370 2380 συνάρχοντος
401 2293 590 2364 ἐπιείκειαν.
639 2278 748 2378 ἧίδον
777 2280 841 2360 οὖν
869 2285 969 2378 ἄμφω
1001 2295 1048 2370 είς
1078 2287 1115 2360 τό

145 2388 373 2481 στρατόπεδον
396 2387 629 2482 εὐκαιρότατα·
664 2386 741 2462 οὐτε
769 2387 834 2481 γάρ
858 2417 966 2481 τροφη
995 2382 1091 2461 ἔτι
1072 2420 1115 2515 ην

143 2521 190 2586 ιφ
175 2489 363 2586 Ἀννίβᾳ,
382 2490 492 2562 καὶ
454 2521 496 2564 τα
512 2495 581 2563 τεόν
594 2487 733 2582 Ἰβήρων
746 2499 918 2582 κεκίνητο,
935 2489 976 2564 τά
992 2520 1029 2564 τε
1045 2519 1115 2564 των

145 2590 330 2684 συμμάχων
347 2591 451 2666 αὐτοῦ
467 2591 698 2684 ἡλίουριούτο·
725 2596 781 2664 καὶ
800 2604 833 2664 εί
846 2621 885 2683 με
902 2597 959 2665 καὶ
976 2589 1013 2664 τό
1030 2601 1112 2684 βρα·

103 2693 290 2784 ταχύτατον
313 2693 556 2786 ἐπεσχήκεσαν,
588 2689 721 2776 άπόνως
744 2693 931 2785 ἐκράτησαν
955 2692 1007 2766 άν.
1049 2699 1116 2767 νῦν

146 2798 185 2866 δέ
199 2821 240 2885 με
256 2802 318 2866 τοῦ
340 2802 518 2886 Τερεντίου
534 2794 573 2867 τὸ
591 2793 794 2886 ἀπερίοπτον
812 2798 867 2866 καί
885 2795 922 2866 τὸ
940 2801 999 2866 τοῦ
1017 2795 1116 2868 Ποιά-

144 2906 206 2968 ίον
230 2897 373 2980 ἐπιεικὲς
395 2893 537 2988 ἥττησεν
560 2893 694 2979 αὐτούς.
729 2897 748 2966 ὁ
772 2893 836 2988 γάρ
858 2892 1013 2984 Ἀννίβας
1039 2899 1116 2968 ἐπε·

144 3005 279 3090 ηείρησε
294 2999 358 3088 μὲν
375 3001 432 3072 καὶ
449 3003 649 3090 παραχρῆμα
666 2996 748 3088 πρὸς
761 2996 871 3088 μάχην
884 2992 1007 3078 αὐτοὺς
1023 2997 1114 3068 ὐπα-

144 3101 328 3190 γαγέσδαι,
357 3101 414 3172 καὶ
436 3099 503 3172 σὺν
526 3096 651 3188 ὀλίγοις
674 3095 908 3190 προσπελάσας
931 3095 1044 3170 αὐτοῖν
1067 3103 1113 3194 τῷ
1126 3119 1152 3170 D

102 3227 132 3270 οο
147 3199 305 3292 ἐρόματι,
337 3203 408 3274 ἐπεὶ
434 3198 578 3293 ἐκδρομὴ
602 3203 749 3290 ἐγένετο,
773 3195 861 3270 ἑκών
883 3197 1113 3291 ὑπεχώρησεν,

146 3297 238 3385 ὅπως
256 3304 406 3375 δεδιέναι
422 3304 598 3393 νομισθεὶς
616 3298 834 3372 ἐπισπάσαιτο
847 3307 974 3390 μᾶλλον
992 3301 1114 3384 αὐτούς

145 3410 204 3486 είς,
219 3402 420 3498 παράταξιν·
448 3407 508 3476 τοῦ
533 3403 571 3474 δὲ
590 3401 732 3476 Παόίον
757 3416 825 3486 τοίς
855 3409 990 3486 οἰκείοις
1013 3426 1114 3493 στρα-
