2580 3816
433 169 590 222 L1ss.x1v.
609 170 687 223 οιΡ.
703 171 789 222 xvn.
1030 169 1092 233 311

127 317 288 396 ποτιζεται
316 309 464 399 θολερόν
495 308 585 400 τιαρά
616 313 685 378 τῶν
714 315 912 398 μισθωτῶν,
943 308 1019 382 άλλ’
1051 308 1093 380 ού

126 413 295 500 ποιμένων
313 413 461 481 ἐκείνων.
484 417 547 481 τού
563 416 769 501 Σωφρονίου
786 411 901 499 μέντοι
916 417 979 480 τού
998 417 1095 501 ίερού

125 519 188 586 τού
207 515 245 582 ἐν
258 511 499 602 Ἱεροσολύμοις
517 510 811 602 άρχιερατεύοντος
828 510 911 592 τούς
928 509 992 599 ὑφ’
1014 515 1095 582 ἑαν-

126 608 380 705 τδνάρχιερείς
400 620 691 704 συναθροίσαντος
714 613 772 682 καὶ
796 618 985 695 συνοδικύς
1008 611 1095 682 ἄπο·

101 719 299 799 ὁδείξαντος
316 713 398 802 τούς
415 721 498 804 μίαν
515 716 674 802 λέγοντας
690 716 832 802 θέλησιν
849 715 906 784 καὶ
923 716 1095 806 ἐνέργειαν

128 819 182 888 έττλ
200 823 269 886 τῶν
287 816 352 886 δύο
368 815 508 905 φύσεων
523 821 585 886 τού
599 821 746 906 Χριστού
760 823 842 906 μίαν
856 813 1016 907 άυτικρυς
1034 817 1090 886 καί
1100 829 1196 880 ΡΙΙεο

125 918 231 1008 φύσιν
254 915 446 1008 κηρύττειν,
474 915 660 1008 σύμψηφον
679 917 879 1006 δδισχόντος
907 919 962 990 ἐντὶ
983 897 1128 1014 τούτῳΑ

126 1021 184 1090 καὶ
199 1019 260 1089 τόν
277 1017 338 1089 τόν
354 1017 486 1110 θρόνον
502 1025 562 1108 τῆς
576 1021 803 1108 πρεσβυτέρας
813 1015 937 1108 Ῥύμης
955 1019 1094 1092 διέπον-

125 1149 166 1190 τα
180 1119 361 1209 Ἰωάνυην,
386 1117 404 1189 ὁ
429 1119 587 1208 βασιλεύς
609 1120 775 1210 προέθετο
792 1119 996 1212 πρόγραμμα
1013 1120 1094 1209 μήτε

88 1243 115 1284 ¹0
128 1225 257 1292 ἑνιαίαν
276 1223 446 1312 ἐνέργειαν
463 1221 545 1312 μήτε
562 1219 679 1310 διττήυ
698 1223 735 1290 ἐν
748 1227 881 1314 Χριστῷ
899 1226 1091 1311 δογματιῖε-

127 1333 223 1394 σθαι·
260 1321 279 1392 δ
309 1323 558 1410 καταγέλαστον
580 1320 622 1393 ού
645 1337 717 1402 τοῖς
746 1317 955 1412 όρθόφροσιυ
986 1323 1095 1392 ἐδόκει

126 1424 250 1514 μόνον,
275 1420 361 1496 άλλά
384 1425 441 1494 καί
466 1439 537 1505 τοῖς
556 1422 713 1512 Σεβήρου
732 1421 906 1513 ὁμόφροσι.
944 1431 1093 1513 Σεργίου

126 1526 165 1596 δέ
182 1531 244 1596 τού
261 1525 322 1596 τόν
334 1525 465 1615 θρόνον
478 1531 613 1613 ἔχοντος
622 1523 1014 1606 Κωνσταντινουτιόλεως
1032 1523 1094 1612 τήν

126 1625 213 1715 ζωήν
234 1627 536 1716 καταστρέψαντος,
562 1624 701 1715 Πύρρος
719 1621 827 1696 αύτδν
844 1627 1030 1713 διεδέξατο,
1053 1624 1093 1694 τά

88 1748 113 1790 1⁵
126 1726 213 1798 αύτά
240 1729 357 1822 έκείυμ
383 1726 528 1810 δοξάζων
552 1725 674 1796 καὶτὰ
700 1726 854 1818 Σεβήρον
885 1727 942 1796 καὶ
972 1722 1111 1819 ΚύρουΙ

6 1904 16 1920 ,
125 1830 235 1917 σέβων
256 1856 292 1898 τε
315 1829 373 1898 καὶ
396 1832 522 1917 κυρῶν.
557 1821 807 1917 ύττοστρέφοντι
831 1828 869 1900 δὲ
892 1834 940 1922 τῷ
963 1835 1097 1916 βασιλεῖ

125 1929 231 2022 τούτῳ
251 1932 288 2000 έκ
304 1935 365 2017 τῆς
378 1933 546 2020 Περσίδος
563 1925 800 2024 τροταιοφόρφ
818 1929 970 2020 πρόσεισι
983 1929 1094 2001 Μωά·

1 2105 2 2125 ,
124 2043 192 2120 μεθ
209 2029 228 2101 ὁ
246 2035 315 2100 τόν
333 2034 548 2120 Σαρακηυύυ
570 2029 754 2120 φύλαρχος,
781 2025 845 2100 ούκ
864 2033 901 2100 έα
917 2033 1039 2118 γένους
1056 2031 1094 2098 τό

125 2139 314 2220 φυλαρχείν
332 2129 600 2219 κληρωσάμενος,
624 2135 693 2198 τοῖν
709 2129 776 2218 γάρ
794 2128 933 2218 ἀσήμων
951 2131 1094 2218 ἐτύγχα-

87 2251 114 2291 20
127 2259 187 2301 νεν
205 2229 266 2318 όν,
284 2229 370 2300 άλλά
388 2238 534 2322 πονηρίᾳ
550 2233 652 2300 τούτο
669 2229 882 2319 κτησάμενος.
907 2230 1010 2318 πένης
1027 2229 1127 2318 γάρΒ

1 2341 2 2414 ζ
126 2330 176 2402 όν
198 2331 290 2423 ιταρά
313 2360 378 2404 τινι
401 2332 537 2419 γυναικὶ
562 2337 710 2424 πλουσίᾳ
734 2331 822 2422 χήρᾳ
846 2330 1025 2420 ἐθήτευεν,
1050 2328 1094 2418 ήυ

1 2480 2 2484 =
125 2441 237 2524 έγημε,
264 2439 431 2523 γοητείαις
451 2430 640 2522 ύτταγαγοδυ
657 2438 705 2514 είς
724 2438 831 2522 ἔρωτα
850 2433 984 2502 έαυτού.
1020 2434 1093 2502 ἐτι-

126 2543 249 2626 ληψίας
273 2535 311 2606 δέ
334 2534 496 2625 νοσήματι
520 2533 756 2623 συνεχόμενος,
780 2531 939 2606 καὶκατὰ
956 2533 1095 2624 καιρούς

125 2635 215 2728 αὐτῷ
245 2643 308 2706 τού
338 2637 470 2718 πάθους
496 2634 746 2727 προσβαλόντος
779 2641 912 2706 τίκτων
945 2637 1094 2704 καὶτῶν

86 2742 262 2825 θφρευύν
286 2737 507 2826 ἐξιστάμενος,
532 2734 683 2826 άθυμίος
706 2745 810 2818 αίτιος
826 2742 868 2826 τῇ
888 2738 1010 2806 έαυτού
1028 2762 1089 2804 κυ-

126 2843 184 2928 ρίρι
201 2837 259 2905 καὶ
276 2840 404 2928 γαμετή
421 2838 478 2906 καὶ
495 2837 658 2926 αίσχύνης
678 2839 815 2924 ἐγίνετο.
843 2834 862 2906 ὁ
881 2837 919 2906 δὲ
938 2833 1040 2916 αύτός
1058 2863 1094 2905 τε

124 2934 271 3027 πονηρός
295 2934 344 3008 dv
360 2943 421 3008 καί
441 2965 506 3008 τινι
524 2939 562 3007 δὲ
579 2944 716 3032 μοναηῷ
734 2939 951 3031 ττονηροτέρω
972 2939 1092 3008 ἑαυτοῦ

124 3037 351 3127 ἐντετυχηκώς
368 3037 423 3109 διά
441 3045 663 3110 κακοτιστίαν
678 3039 932 3128 φνγαδευθέντι
948 3043 1007 3128 τής
1020 3047 1093 3110 Βυ-

122 3145 291 3228 ζαντίδος,
314 3141 371 3209 καὶ
395 3138 478 3231 παρ’
504 3137 612 3210 αὐτοῦ
638 3145 828 3230 διδαχθείς,
856 3145 950 3228 ἔλεγε
966 3145 1009 3230 τῇ
1028 3168 1093 3228 γυ-

84 3261 112 3302 ³⁰
126 3241 217 3312 ναικί
235 3240 296 3312 τόν
314 3239 464 3332 Γαβριήλ
481 3241 543 3312 τόν
560 3240 769 3331 άρχάγγελον
786 3240 980 3332 οὐρανόθεν
998 3239 1094 3332 αύτῷ

123 3347 291 3432 φοιτῶντα
313 3343 394 3415 θεῖά
416 3369 491 3414 τινα
513 3358 614 3432 μυεῖν
632 3344 689 3412 καὶ
707 3341 892 3433 άιιόρρητα,
910 3341 956 3431 μή
976 3343 1092 3428 φέρειν

124 3445 163 3514 δέ
179 3443 241 3534 τήν
258 3444 379 3516 τούτου
397 3444 484 3514 θέαν
496 3447 553 3514 καί
574 3442 632 3514 διὰ
644 3448 744 3514 τούτο
760 3447 905 3531 ίλιγγιᾶν
922 3443 979 3512 καί
996 3440 1094 3537 φόβῳ
1108 3471 1129 3519 c
