2558 3820
464 122 537 173 που.
549 121 583 174 X.
604 121 682 174 οεε.
695 124 742 176 vl.
1025 123 1089 189 355

117 267 187 332 τῶν
206 257 241 331 δ’
260 255 487 332 ἀντειπόντων
506 265 543 332 ἐκ
555 267 614 350 τῆς
632 265 757 351 βουλῆς
775 259 857 354 πρός
874 269 978 335 ταῦτα
995 291 1088 357 περι-

116 365 365 455 υβρισθέντων,
383 361 489 451 ὀλίγοι
507 361 720 435 παντάπασιν
733 362 933 438 ὑπατεύοντι
946 371 992 462 τῷ
1006 375 1087 438 Καί-

116 485 195 555 σαρι
219 461 391 555 συνῄεσαν
416 470 464 546 είς
487 461 625 554 βουλήν.
672 463 824 548 εἰπόντος
850 469 891 537 δέ
904 495 995 549 τινος
1017 472 1120 547 τῶνΒ

116 564 251 657 σφόδρα
268 563 438 656 γερόντων
453 563 498 648 ὥς
511 564 608 660 φόβφ
621 573 690 638 τῶν
707 562 822 638 ὅπλων
834 571 891 640 καὶ
904 571 974 639 τῶν
986 590 1088 656 στρα-

88 670 247 738 στιωτοόν
263 665 306 737 οὐ
324 671 560 757 συνέρχονται,
579 663 638 739 “vl
652 659 737 741 ούν”
756 675 822 759 ἔφη
839 668 856 740 ὁ
876 679 1010 762 Καίσαρ
1024 665 1087 742 ’ὀύ

116 771 174 840 καὶ
192 766 236 840 σύ
253 771 358 839 ταῦτα
376 768 498 852 δεδιύς
515 766 720 860 οίκουρείς;”
747 769 764 841 ό
783 771 822 841 δὲ
843 766 916 842 “ὅτι
939 799 980 862 με
998 789 1090 844 ποιεῖ

116 869 162 960 μὴ
176 877 360 960 φοβεῖσθαι
373 867 410 941 τό
427 869 557 960 γῆρας”
578 871 666 942 είπε·
682 869 882 964 “βράχιστος
898 867 995 966 γάρὸ
1013 881 1087 962 βίος
1187 962 1190 968 .

114 967 152 1055 δς
171 979 219 1043 ἔτι
236 999 292 1063 μοι
310 968 486 1043 λείπεται.”

198 1073 283 1156 Τοὺς
292 1073 520 1156 δδΚελτικούς
530 1075 694 1164 πολέμους
704 1073 1088 1166 μαχόμενοςἘλβητίους

73 1198 102 1238 10
117 1175 181 1266 μὲν
193 1177 251 1246 καὶ
270 1175 478 1266 Τιγυρηυούς
495 1177 742 1266 κατεπολέμησε
759 1180 816 1247 καὶ
833 1172 985 1267 ὑπέταξε,
1003 1187 1086 1268 Γερ·

115 1292 236 1368 μανολς
267 1278 305 1348 δέ
334 1280 496 1367 συμμίξαι
526 1279 673 1367 μέλλων,
705 1273 796 1370 ὁρῶν
818 1277 896 1362 τούς
920 1275 1085 1370 ἡγεμόνας

115 1376 393 1467 ἀποδειλιῶντας,
412 1381 468 1449 καὶ
487 1376 628 1468 μάλιστα
641 1377 714 1450 ὅσοι
727 1386 794 1451 τάν
813 1384 986 1470 έπιφανάν
1000 1370 1086 1470 ἦσαν

115 1481 173 1552 καὶ
186 1481 286 1570 νέων,
302 1481 479 1551 ἐκέλευσεν
493 1477 628 1552 ἀπιέναι
642 1483 698 1552 καὶ
711 1479 756 1574 μὴ
771 1481 983 1554 κινδυνεύειν
996 1479 1087 1572 παρά

114 1580 257 1674 γνάμην
269 1578 376 1663 οὕτως
388 1579 564 1672 ἀνάνδρως
577 1585 633 1652 καὶ
650 1587 807 1672 μαλακοῖς
820 1591 967 1675 ἔχοντας,
986 1581 1087 1667 αύτός

73 1706 102 1748 τε
117 1685 156 1755 δὲ
174 1689 239 1773 ἔφη
257 1681 294 1754 τό
314 1687 454 1756 δέκατον
470 1682 578 1774 τάγμα
604 1685 809 1774 παραλαβών
828 1689 883 1757 έπδ
899 1686 978 1768 τούς
1001 1693 1118 1780 βαρ-ο

114 1783 242 1876 βάρους
260 1783 479 1875 πορεύεσθαι,
496 1784 580 1876 μήτε
597 1793 761 1876 κρείττοσι
777 1789 910 1877 μέλλων
922 1795 1087 1879 Κίμβρων

2 1873 4 1949 Ῐ
115 1885 287 1976 μάχεσθαι
311 1895 481 1977 πολεμίοις
503 1885 586 1978 μήτε
609 1885 711 1970 αὐτός
741 1897 875 1980 Μαρίου
899 1898 1021 1984 χείρων
1039 1885 1087 1960 ἀν

117 1986 309 2079 στρατηγός.
352 1991 388 2060 έκ
417 1986 538 2060 τούτου
560 1983 664 2078 ὁρμῆς
687 1991 744 2058 καὶ
767 1997 960 2079 προθυμίας
988 1989 1088 2078 γενό-

115 2117 212 2182 μενοι
229 2088 366 2183 πλήρεις
383 2089 529 2172 ἅπαντες
541 2087 770 2179 ἠκολούθουν,
788 2094 844 2160 καὶ
860 2093 1086 2180 μαχεσάμενοι

3 2253 5 2290 ,
73 2195 276 2283 Ξολαμπριάς
306 2192 384 2273 τούς
416 2195 589 2274 ἐναντίους
620 2193 818 2281 ἐτρέψαντο,
850 2187 935 2261 ὥστε
957 2195 1088 2280 νεκράν

3 2315 5 2382 3
114 2292 282 2388 μυριάδας
312 2291 398 2364 ὀκτιδ
432 2295 600 2382 γενέσθαι.
653 2290 671 2364 ὁ
704 2293 742 2362 δὲ
771 2290 900 2364 τούτων
929 2291 1086 2381 βασιλεύς

3 2391 6 2446 ³¹
112 2391 304 2488 Ἀριόυστος
318 2393 453 2484 φθάσας
466 2392 537 2484 μετ’
559 2393 684 2484 ὀλίγων
698 2395 877 2486 διεπέρασε
888 2393 948 2466 τδν
960 2389 1086 2485 Ῥῆνον.

198 2504 309 2568 Ταῦτα
328 2494 592 2587 διαπραξάμενος
611 2505 658 2578 είς
674 2495 738 2586 τήν
754 2499 832 2588 περὶ
846 2494 965 2568 Πάδον
978 2505 1086 2568 Γαλα-

4 2613 6 2618 ’
113 2605 192 2669 τίαν
218 2600 358 2688 κατέβη,
390 2606 477 2669 ἔνθα
507 2604 689 2688 διατρίβων
718 2596 924 2690 έδημαγιόγει
952 2600 1087 2670 πολλῶν

73 2733 102 2775 τε
115 2695 183 2770 άπδ
196 2698 319 2792 Ῥώμης
336 2698 419 2789 πρός
437 2695 542 2771 αύτόυ
559 2696 830 2791 ἀφικνουμένων,
848 2718 918 2784 τοῖς
934 2697 1000 2772 άπὸ
1017 2703 1086 2772 τάν

4 2825 6 2832 ’
114 2808 287 2891 πολεμίων
299 2799 442 2892 χρήμασι
454 2799 531 2884 τούς
545 2805 682 2884 πολίτας
699 2798 920 2892 χειρούμενος.
954 2805 1088 2872 ἐκεῖθεν

117 2903 155 2973 δὲ
172 2899 284 2986 ἀλλοις
304 2909 442 2974 ἔθνεσιν
460 2902 629 2995 ἐπελθόν,
648 2905 705 2973 καὶ
721 2900 862 2992 νικήσας
880 2905 1120 2991 περιφανῶς,])

115 2993 219 3086 αὖθις
239 3009 276 3076 έν
292 3023 361 3087 τοῖς
378 3006 456 3095 περὶ
474 3003 594 3076 Πάδου
610 3011 743 3094 χωρίοις
762 3001 988 3092 διαχειμάσων
1005 2996 1085 3072 ύπέ-

115 3124 251 3196 στρεφε,
265 3105 342 3188 τούς
355 3109 432 3197 περὶ
441 3103 503 3196 την
513 3101 640 3196 Ῥάμην
654 3101 774 3186 εύνους
790 3105 897 3198 ἑαυτῷ
910 3105 1086 3193 τιθέμενος

75 3241 103 3284 ιο
115 3208 297 3300 χρήμασιν,
315 3204 338 3278 δι’
354 3226 423 3290 τοις
440 3207 499 3290 τάς
516 3203 619 3298 ἀρχάς
633 3209 765 3288 ἑαυτοῖς
781 3207 968 3297 μνωμένοις
986 3234 1087 3297 χορη-

114 3315 188 3400 γεῖν
212 3313 339 3394 ἐκεῖνος
361 3306 422 3382 τόν
452 3315 558 3400 δῆμον
581 3306 707 3392 τούτοις
739 3315 949 3399 διαφθείρειν
982 3312 1086 3378 έποίει

115 3415 173 3485 καὶ
191 3428 263 3494 τοῖς
279 3412 320 3484 τά
337 3409 488 3504 χρήματα
508 3414 642 3482 διδοῦσι
660 3418 865 3501 ψηφίζεσθαι
878 3409 935 3491 τὰς
949 3404 1189 3500 ἀρχάςιΝΠῙνο

392 3551 410 3587 ι
870 3520 935 3586 23*
