2580 3816
253 191 316 258 238
555 191 717 244 L1B.x111.
736 189 919 258 οιεμικιι.

253 359 369 422 γαγεν
405 325 504 412 οὗτος
528 327 638 400 καὶ
602 359 640 400 το
658 336 721 402 τοῦ
741 337 835 420 ίεροῦ
854 328 1098 420 Χρυσοστόμου
1118 327 1221 418 ῦνομα
1274 350 1278 358 ’

254 439 291 512 έν
308 449 378 516 τοῖς
395 439 454 522 τῆς
479 435 655 522 ἐκκλησίας
673 433 842 521 διπτύχοις
867 433 1043 557 ἐνέγραψε,
1067 457 1113 518 μη
1136 431 1220 521 κρό-
1284 493 1285 496 ,

253 563 352 626 τερον
376 537 560 625 έγγραφέν·
593 533 840 624 Ώριγενιαστης
863 533 928 623 γάρ
947 561 965 602 ο
954 529 1220 620 “εύσεβε’στατος
1283 565 1285 576 ¹

255 641 382 719 ἐκεῖνος
400 635 512 762 πατὴρ
520 637 583 705 καὶ
602 637 752 705 έκαλεῖτο
770 635 828 704 καὶ
846 638 1021 724 ἐνομίζετο.
1056 633 1220 714 θανόντος

254 736 316 808 δέ’
313 743 469 826 Αττικοῦ,
492 735 531 818 ὃς
549 749 678 808 είκοσιν
695 743 751 826 έτη
768 743 829 806 τοῦ
845 742 914 806 τῦν
932 739 1062 805 πιστοῦν
1080 736 1240 826 προέστηι
1284 819 1285 824 ¹

255 840 476 929 συστήματος,
495 853 730 930 χειροτονεῖται
744 846 932 925 Σισίννιος,
946 838 1004 906 καὶ
1018 837 1073 905 ἐπὶ
1087 836 1152 906 δύο
1169 843 1221 924 ἔτη

254 939 318 1030 τὴν
335 940 592 1031 ἀρχιερωσύνην
605 939 828 1028 κατεσχηκῦς,
841 938 905 1028 τὴν
918 937 1004 1026 ζωὴν
1018 939 1221 1028 έξεμέτρησε,

221 1041 339 1112 ῦκατά
361 1041 400 1112 τδ
428 1041 580 1112 εἰκοστόν
604 1042 765 1132 δεύτερον
783 1039 856 1123 έτος
872 1046 930 1128 τῆς
947 1047 1121 1128 βασιλείας
1140 1049 1222 1109 Θεο-

255 1149 384 1214 δοσίου.
420 1145 478 1213 καὶ
502 1142 705 1233 ἀντεισήχθη
730 1142 933 1233 Νεστόριος,
958 1139 995 1222 ῦς
1029 1141 1086 1209 έπλ
1115 1142 1223 1231 τρισὶν

255 1242 515 1335 ἀρχιερατεύσας
534 1249 700 1325 ἐνιαυτοῖς
719 1247 874 1314 έδίδασκε
890 1241 955 1331 τὴν
971 1237 1074 1330 ἀγίαν
1092 1243 1223 1332 καρθέ-
1234 1268 1254 1307 ιι

254 1373 316 1416 νον
343 1355 485 1437 Μαρίαν
506 1345 670 1424 θεοτόκον
693 1345 738 1434 μὴ
761 1347 889 1433 λέγειν,
914 1342 1016 1426 ιγιλδν
1040 1342 1225 1434 ἄνθρωπον

253 1447 316 1517 τόν
346 1447 492 1536 Χριστόν
522 1452 729 1537 δογματίζων
757 1448 814 1516 καί
845 1444 937 1538 αύτῷ
968 1448 1135 1532 ἐνοικῆσαι
1165 1443 1225 1514 τόν

254 1547 336 1618 υίδν
360 1553 424 1618 τοῦ
445 1555 532 1619 θεοῦ
550 1553 716 1640 φλυαρῶν
736 1546 783 1628 ῦς
800 1549 851 1618 ἑνὶ
867 1551 936 1616 τῶν
954 1547 1149 1636 προφητῶν,
1167 1546 1226 1614 καὶ

255 1655 303 1730 είς
334 1651 397 1720 δύο
429 1655 569 1739 διαιρῶν
592 1649 717 1738 αῦτόν,
745 1648 786 1719 οῦ
812 1649 920 1740 σάρκα
943 1655 1061 1736 λαβεῖν
1091 1649 1128 1716 έκ
1158 1652 1226 1718 νῦν

255 1749 372 1836 ἀγνῦν
389 1751 540 1840 αίμάτυν
557 1757 616 1838 τῆς
634 1751 840 1840 θεομήτορος
857 1749 920 1820 τόν
936 1755 999 1818 τοῦ
1016 1754 1103 1819 θεοῦ
1122 1748 1225 1836 λόγον
1238 1774 1259 1814 σ

255 1848 504 1942 ἀπισχυρίζετο,
530 1849 615 1920 ἀλλά
639 1850 744 1922 ἀλλον
767 1853 830 1942 μέν
855 1849 941 1921 εἶναι
965 1849 1026 1920 τόν
1055 1849 1135 1920 υίὸν
1165 1855 1226 1920 τοῦ

254 1957 341 2020 θεοῦ
359 1953 417 2022 καὶ
434 1951 550 2041 λόγον,
564 1949 668 2027 α”λλον
682 1954 721 2023 δὲ
733 1953 793 2022 τόν
807 1951 956 2043 Χριστόν
968 1955 1061 2022 θέσει
1072 1956 1226 2038 υίοποιη

253 2053 360 2122 θέντα
383 2055 441 2126 καί
464 2054 572 2146 χάριτι
595 2057 779 2126 θευθέντα.
814 2059 922 2123 ταῦτα
946 2053 984 2122 δὲ
1006 2052 1178 2143 μαθόντες
1195 2057 1229 2122 οἱ

219 2185 246 2236 1)
257 2161 327 2226 τῦν
344 2161 472 2226 λοιπῦν
485 2162 732 2248 πατριαρχικῦν
745 2161 950 2246 προεστῶτες
962 2155 1115 2246 θρόνων,
1134 2153 1153 2224 ό
1170 2159 1229 2242 τῆς

251 2255 375 2346 Ῥώμης
399 2267 619 2345 Κελεστῖνος,
643 2257 811 2347 Κύριλλος
835 2252 1135 2345 δἈλεξανδρείας,
1157 2251 1263 2326 'Im-w

255 2359 359 2447 ἀυνης
380 2357 600 2449 Ἀντιοχείας,
623 2356 844 2447 Ἰουβενάλιος
863 2356 1122 2446 Ἱεροσολύμων,
1141 2353 1231 2426 ἀνσ-

255 2464 399 2548 φέρουσι
416 2460 500 2548 πρός
517 2459 580 2528 τόν
599 2458 727 2530 ἄνακτα
746 2460 930 2531 Θεοδόσιον
947 2457 1060 2528 καὶ
1021 2485 1087 2548 την
1106 2467 1231 2530 Πουλ-

253 2567 383 2648 χερίαν,
403 2560 596 2648 αίτούμευοι
613 2559 761 2631 σύνοδον
779 2560 1005 2651 ἀθροισθῆναι
1021 2561 1079 2628 καὶ
1075 2588 1234 2660 γυ-μνα

152 2671 264 2724 wn135
272 2665 397 2748 σθηναι
435 2659 476 2729 τοὶ
511 2660 603 2752 παρὰ
637 2668 698 2731 τοῦ
728 2670 917 2754 Νεστορίου
953 2661 1235 2751 δογματιζόμενα
1284 2701 1285 2704 ¹

255 2769 542 2892 συγκροτηθείσης
566 2755 630 2834 οῦν
656 2766 692 2832 έν
713 2763 841 2857 Ἐφέσῳ
866 2763 1014 2834 συνόδου
1042 2759 1285 2834 διακοσίωνιι

144 2943 145 2946 ¹
254 2867 420 2990 πατέρων,
437 2893 478 2989 ης
498 2863 671 2956 έξηρχεν“
654 2891 672 2935 ο
691 2864 870 2952 ἀγιιότατος
888 2865 1075 2955 Κύριλλος,
1095 2866 1239 2954 ἐπέχων

253 2965 363 3035 καὶ
327 2993 389 3036 τον
414 2965 519 3038 τόπον
537 2975 741 3038 Κελεστίνον
758 2973 821 3037 τοῦ
835 2965 970 3056 Ριόμης,
987 2994 1033 3055 μη
1022 2964 1285 3054 Ἥδυνηθέν

252 3093 309 3148 τος
328 3076 511 3138 συνελθεῖν
528 3065 575 3137 δι’
595 3065 839 3157 ἀσθένειαν,
801 3097 841 3138 τα
859 3096 919 3137 του
906 3073 1126 3156 Νεστορίου
1145 3095 1241 3137 κατ-

255 3168 489 3256 εξητάσθησαν
506 3168 668 3258 δόγματα,
686 3172 743 3240 καὶ
761 3167 1002 3258 ἀπεβλήθησαν
1020 3165 1064 3248 ὡς
1081 3168 1243 3239 κακόδο-

253 3270 307 3348 ξα·
339 3267 360 3356 ἡ
392 3269 430 3338 δὲ
460 3269 540 3356 ἁγία
571 3273 741 3363 παρθένος
771 3271 930 3352 θεοτόκος
957 3268 1076 3340 ἀνεδεί
1074 3280 1146 3358 χθη
1172 3272 1278 3340 auhn

254 3376 456 3453 φρονεῖσθαι
482 3372 539 3440 καλ
557 3373 726 3462 λέγεσθαι,
745 3371 836 3442 καὶ
820 3401 838 3442 ο
858 3375 890 3456 ἐξ
910 3371 1014 3462 αύτης
1032 3373 1247 3461 σαρκωθεὶς

152 3451 275 3504 P1142
220 3465 433 3568 αυανδρως
455 3469 531 3551 υίὸς
554 3477 615 3542 τοῦ
637 3481 724 3544 θεοῦ
747 3475 805 3545 καί
821 3473 903 3556 θεὸς
919 3473 1012 3564 παρὰ
1029 3477 1100 3543 νῦν
1122 3477 1249 3566 ἱεροῦν
