2566 3812
246 176 312 240 244
556 178 626 228 LIB.
640 177 716 228 VIII.
729 177 808 228 OAP.
821 176 906 228 XXV.

246 313 310 401 όφέ
330 315 360 386 δ’
382 307 444 386 οὖν
462 312 545 407 πρὸς
562 313 600 385 τό
619 313 772 408 Ἀρήτιου
791 314 920 404 ἐλθόν,
944 318 1004 388 καὶ
1022 314 1132 407 εὗρόν
1150 321 1220 388 ἐκεῖ
1245 347 1246 352 ’

247 416 306 490 τόν
325 424 529 506 Φλαμίνιον,
554 414 806 508 κατεφρόνησεν
830 415 953 505 αὐτοῦ,
976 419 1033 489 καί
1050 416 1138 509 μάχη
1156 421 1218 510 μὲν

248 517 290 590 ού
306 522 489 608 συνέβαλε,
507 515 544 588 τό
561 517 626 610 γάρ
650 524 774 612 χωρίον
791 514 1025 608 άνεπιτήδειύν
1048 525 1083 590 ολ
1098 519 1218 609 ἐδόκει,

249 636 370 712 πεῖραν
389 621 427 690 δὲ
444 615 550 692 αὐτού
573 617 774 710 ποιούμενος
791 627 898 713 ἔκειρε
917 617 979 710 τήν
995 619 1120 712 χύραν.
1154 618 1232 694 κύν’

214 719 356 816 Βτούτφ
387 719 667 811 ἐπεκδραμόντων
701 727 770 792 τῶν
795 719 966 812 Ῥωμαίων
995 720 1245 814 ἐπανήγαγεν,ι

248 829 306 893 ἵνα
324 827 509 912 φοβεῖσθαι
527 821 617 912 δόξη.
655 825 715 911 τῆς
733 823 771 894 δέ
789 823 910 905 νυκτός
928 823 1124 914 ἐξαναστάς,
1150 827 1221 896 ἐπι-

248 923 383 1013 τήδειόν
400 953 433 996 τι
445 931 570 1015 χωρίον
587 922 670 1014 πρὸς
682 921 746 1014 τήν
762 921 872 1014 μάχην
887 923 998 1016 εύροδν
1015 933 1133 1015 ἔμεινε.
1160 929 1221 998 καὶ

248 1030 309 1097 τοῦ
327 1027 390 1117 μὲν
406 1030 507 1110 πεζοῦ
532 1025 569 1096 τό
591 1035 712 1097 πλεῖον
736 1024 821 1096 κατά
837 1023 879 1096 τά
901 1023 964 1117 ὅρη
989 1033 1091 1116 λοχᾶν
1116 1033 1223 1118 ἐταξε,

249 1127 287 1198 τὸ
306 1124 340 1207 δ’
362 1126 499 1198 ἱππικὸν
517 1125 655 1217 σύμπαν
673 1130 734 1210 ἐξω
751 1132 821 1199 τῶν
837 1131 966 1199 στενῶν
983 1125 1121 1218 ἀφανῶς
1138 1133 1215 1219 ἐφε-

250 1228 387 1318 δρεύειν
412 1231 584 1318 ἐκέλευσε,
613 1229 669 1300 καὶ
694 1225 794 1312 αύτδς
818 1231 872 1300 ἐπὶ
889 1233 949 1301 τού
970 1229 1122 1320 γηλόφου
1144 1230 1220 1322 μετ’
1236 1257 1259 1296 ιο

249 1329 374 1420 ὀλίγων
399 1328 735 1422 ἐστρατοπεδεύσατο.
770 1329 788 1400 ὁ
815 1331 853 1401 δὲ
872 1337 1054 1421 Φλαμίνιος
1079 1335 1115 1402 έν
1138 1361 1224 1423 φρο·

248 1431 371 1522 νήματι
404 1429 470 1522 ὥν,
501 1432 557 1502 καὶ
586 1433 652 1502 έπδ
670 1429 839 1522 μετεοόρου
869 1430 936 1502 σύν
965 1429 1090 1523 ὀλίγοις
1117 1432 1225 1506 αὐτὸν

250 1531 353 1623 ίδύν,
385 1531 447 1622 τήν
477 1560 514 1604 τε
539 1531 661 1622 λοιπήν
692 1531 850 1624 στρατιάν
875 1531 991 1625 πόρρω
1014 1561 1072 1606 ποι
1095 1561 1225 1626 πεπομ·

249 1637 350 1722 φέναι
379 1641 536 1724 νομίσας,
569 1639 695 1727 ῥᾳδίως
718 1640 956 1725 μεμονωμένον
987 1634 1140 1726 αίρήσειν
1161 1634 1225 1726 ήλ-

249 1756 342 1824 πισε,
368 1763 423 1805 και
412 1733 530 1816 ἐς
497 1764 535 1805 το
553 1734 672 1808 στενὸν
688 1733 937 1828 ἀπερισκέπτως
956 1743 1111 1827 είσήλθε,
1136 1733 1224 1810 κάν·
1238 1760 1261 1802 1⁵

249 1839 379 1925 ταύθα,
397 1833 461 1921 ὀψε
474 1835 537 1960 γὰρ
551 1826 613 1926 ήν,
631 1832 802 1926 ηύλίσατο.
833 1833 922 1909 μαλ’
902 1866 969 1908 υπο
958 1837 1141 1929 μέσας’
1097 1868 1227 1922 νυκτας

252 1935 319 2008 ὑπὸ
337 1936 617 2030 καταφρονήσεως
635 1936 758 2022 αὐτούς
774 1935 975 2029 άφνλάκτως
991 1938 1227 2024 καθεύδοντας

146 2038 469 2130 ΡΙειεπανταχόθεν
498 2034 585 2136 ὁμού
613 2042 790 2132 περιέσχον
819 2047 855 2111 ολ
887 2041 1128 2134 Καρχηδόνιοι,
1164 2039 1227 2114 καὶ

250 2141 431 2268 πόρρωθεν
455 2137 621 2224 άκοντίοις
645 2145 702 2212 καὶ
731 2140 935 2232 σφενδόναις
965 2145 1021 2214 καὶ
1044 2141 1228 2233 τοξεύμασι

248 2241 329 2327 τούς
344 2244 408 2334 μὲν
425 2241 665 2334 εὐναζομένους
682 2249 747 2332 ἐτι,
765 2243 844 2328 τούς
869 2241 961 2314 δὲ
923 2273 964 2314 τα
985 2239 1073 2315 ὅπλα
1091 2245 1228 2335 λαμβά-
1241 2269 1267 2309 εο

248 2373 368 2426 νοντας
387 2351 551 2434 ἔκτεινον,
577 2340 672 2416 αύτοί
695 2343 742 2434 μή
758 2374 790 2416 τι
815 2341 970 2417 δεινόν’
950 2345 1228 2436 αντιπάσχουτες.

249 2451 283 2516 οἱ
310 2444 374 2536 γάρ
400 2443 571 2536 Ῥωμαῖοι,
608 2446 752 2538 μηδενός
788 2443 901 2528 αὐτοῖς
932 2451 1230 2541 συμπλεκομένου,

249 2546 388 2628 σκότους
406 2575 442 2618 τε
460 2549 516 2617 καὶ
533 2545 671 2638 ὁμίχλης
688 2544 808 2639 οὔσης,
826 2546 890 2620 οὐκ
908 2549 999 2640 εἰχον
1015 2553 1058 2642 τῇ
1075 2553 1232 2645 σφετέρᾳ

249 2647 439 2738 χρήσασθαι
456 2646 568 2741 άρετῇ.
606 2652 762 2746 τοσοῦτος
788 2648 819 2720 δ’
842 2652 974 2740 ἐγένετο
996 2649 1145 2740 θόρυβος
1165 2655 1232 2724 καὶ

247 2748 384 2840 τοιαύτη
414 2749 608 2844 ταραχώδης
639 2754 792 2841 ἔκπληξις
827 2754 988 2844 κατέσχεν
1018 2749 1142 2834 αύτούς
1176 2752 1233 2837 αἱς
1248 2775 1274 2816 2⁵

248 2852 334 2941 μηδὲ
358 2856 426 2923 τῶν
450 2857 597 2942 σεισμῶν
619 2858 687 2924 τόν
710 2851 785 2924 τότε
807 2858 999 2944 γενομένων
1025 2857 1235 2945 αἰσθέσθαι,

248 2961 370 3045 καίπερ
396 2951 503 3024 πολλά
527 2955 589 3044 μὲν
613 2953 859 3046 οἰκοδομήματα
883 2953 1087 3048 κατερράγη,
1114 2955 1238 3030 πολλά

250 3055 288 3126 δὲ
305 3057 362 3125 καὶ
379 3059 448 3126 τῶν
462 3049 552 3148 όροδυ
569 3052 609 3126 τά
621 3056 684 3146 μέν
698 3059 820 3147 διέσχε,
838 3055 878 3128 τά
893 3057 931 3128 δὲ
949 3060 1005 3128 καὶ
1023 3058 1239 3150 συνέπεσεν,

250 3154 294 3238 ὡς
311 3159 368 3226 καὶ
385 3155 444 3240 τάς
461 3153 638 3248 φάραγγας
663 3157 845 3250 ἐμφράξαι,
869 3161 925 3231 καὶ
942 3161 1084 3250 ποταμοί
1107 3157 1146 3230 δέ
1163 3169 1240 3252 τῆς

115 3251 127 3265 ’
249 3253 388 3346 ἀρχαίας
424 3257 541 3342 ἐξόδου
576 3255 856 3344 ἀποκλεισθέντες
886 3258 993 3350 άλλην
1028 3259 1236 3352 ἐτράποντο.
1253 3285 1277 3327 ει

214 3362 393 3429 Βτοιοῦτοι
416 3359 479 3449 μὲν
502 3365 631 3452 σεισμοὶ
660 3360 723 3452 τήν
751 3369 946 3455 Τυρσηνίδα
968 3365 1147 3454 κατέσχον,
1186 3365 1239 3438 οὐ

248 3457 360 3548 μέντοι
385 3463 441 3532 καὶ
467 3467 502 3532 οί
523 3461 704 3555 μαχόμενοι
727 3467 765 3536 ἐν
791 3467 905 3562 έννοίηι
929 3469 1027 3558 σφόν
1054 3465 1239 3555 ἐγένοντο.
