2558 3820
164 195 233 260 310
516 197 586 248 mn.
600 195 648 249 1x.
667 196 746 248 σεε.
761 197 826 248 xx.·

162 339 389 428 πρέσβειςὲπὶ
398 333 527 417 τούτοις
542 341 590 418 είς
605 335 667 426 τῆν
676 331 942 428 Ῥάμηνπὲμψας
952 339 1140 426 ἐσπείσατο,

171 445 327 510 Σκιπίων
350 440 387 509 δὲ
405 436 550 520 Λούκιος
570 441 724 529 ἐπῃνεῖτο
750 440 804 508 ἐπὶ
828 445 872 528 τῆ
895 445 974 528 νίκη
998 441 1054 508 καὶ
1078 433 1142 530 τῆν

169 545 229 612 τοῦ
251 538 440 612 ’Λσιατικοῦ
464 543 659 630 ἐπωνυμίαν
684 537 728 610 δι’
756 537 864 628 αὐτήν
889 547 986 630 ἔσχεν
993 593 1003 629 ,
1028 537 1140 632 ὥσπερ

170 635 355 732 όάδελφδς
373 638 477 713 αὐτοῦ
499 638 697 733 Ἀφρικανδς
716 640 903 730 ἐπεκλήθη,
927 647 985 732 τῆς
1007 650 1141 732 Καρχη-

171 741 268 827 δόνος
286 742 452 836 κρατήσας
469 746 624 833 μέγιστον
642 747 679 814 ἐν
696 749 736 835 τῆ
750 741 902 834 ’Λφρικῆ
921 750 1137 834 δυνηθείσης.
1152 774 1165 813 ι
1276 805 1278 828 ff

252 851 404 920 Τοιοῦτον
423 843 455 916 δ’
482 835 545 917 οὖν
562 842 684 936 άνδρες
702 837 794 916 οὗτοι
812 843 986 934 γενόμενοι
1002 846 1059 916 καὶ
1086 849 1140 916 ἐπὶ

157 951 329 1020 τοσούτου
354 945 450 1038 δόξης
475 944 631 1030 ἐλθόντες
650 951 682 1030 ἐξ
700 945 836 1038 άρετῆς,
863 952 1066 1040 δικαστηρίῳ
1084 949 1140 1017 καὶ

168 1053 215 1142 τῷ
234 1047 328 1145 δήμῳ
345 1048 386 1120 οὐ
404 1053 517 1142 πολλῷ
533 1047 675 1140 ὕστερον
689 1046 945 1140 παρεδόθησαν·
971 1049 1027 1118 καὶ
1044 1042 1140 1139 ὁμὲν

168 1149 312 1234 Λούκιος
336 1159 574 1242 κατεψηφίσθη
599 1149 644 1233 ὡς
668 1148 751 1240 τάχα
774 1149 881 1220 πολλά
905 1151 941 1221 ἐκ
963 1157 1023 1241 τῆς
1048 1156 1140 1232 λείας

169 1253 465 1344 σφετερισάμενος,
485 1251 684 1344 ’Λφρικανδς
703 1252 741 1322 δὲ
758 1250 804 1333 ὦς
823 1253 1063 1342 ἐπιεικεστέρας
1081 1250 1138 1334 τάς
1154 1281 1181 1322 ιο

134 1354 346 1445 Βσυνθήκας
371 1355 427 1427 διδι
451 1354 510 1427 τόν
534 1358 611 1426 υἱὸν
634 1351 873 1444 ποιησάμενος,
900 1351 937 1424 τό
956 1349 988 1424 δ’
1014 1351 1140 1442 άληθές

169 1455 225 1526 διδι
243 1455 385 1546 φθόνον.
422 1455 472 1528 ὅτι
491 1452 526 1528 δ’
546 1454 648 1527 οὐδὲν
665 1453 809 1546 ἠδίκουν
827 1460 986 1544 δηλοῦται
1003 1455 1065 1544 μὲν
1083 1457 1139 1526 καὶ

168 1554 327 1646 άλλοθεν,
345 1555 407 1648 οὐχ
424 1555 542 1647 ῆκιστα
561 1559 598 1628 δὲ
615 1554 666 1628 δτι
683 1559 740 1628 καὶ
755 1562 813 1646 τῆς
826 1554 943 1640 οὐσίας
956 1563 1016 1628 τοῦ
1030 1554 1139 1628 Ἀσια-

168 1664 265 1729 τικοῦ
284 1655 630 1756 δημευθείσηςούδέν
646 1660 749 1730 πλέον
771 1665 841 1729 τῶν
858 1653 950 1752 αύτῷ
968 1665 1139 1750 προύπαρ·
1274 1725 1278 1756 ,

169 1758 299 1851 χόντων
317 1757 459 1853 εύρέθη,
478 1759 530 1833 ὅτι
548 1761 585 1831 δὲ
602 1763 664 1831 τού
685 1757 889 1852 Ἀφρικανοῦ
913 1765 945 1842 ἐς
963 1759 1000 1830 τὸ
1019 1765 1140 1850 Λίτερ-
1153 1788 1181 1828 15

170 1891 233 1933 νον
258 1861 323 1952 πρὸ
347 1861 463 1954 ψῆφον
487 1860 766 1954 ἀναχωρήσαντος
790 1863 959 1952 καὶμέχρι
984 1865 1141 1950 τελευτῆς

171 1969 242 2034 ἐκεῖ
262 1972 523 2054 καταμείναντος
546 1962 660 2045 οὐδεὶς
678 1961 784 2034 αὐτοῦ
809 1971 857 2034 ἔτι
880 1968 1138 2052 κατεψηφίσατο.

242 2063 278 2136 Ὁ
302 2069 344 2138 δέ
364 2096 402 2156 γε
426 2065 578 2149 Μάλλιος
602 2063 676 2137 τότε
699 2071 862 2138 Πισιδίαν
884 2071 1081 2138 Λυκαονίαν
1104 2093 1140 2135 τε

170 2169 226 2238 καί
243 2177 452 2259 Παμφυλίαν
469 2173 527 2259 τῆς
543 2195 580 2239 τε
598 2175 764 2250 Γαλατίας
781 2171 840 2256 τῆς
859 2164 1013 2256 Ἀσιανῆς
1033 2165 1141 2236 πολλά

169 2269 407 2362 προσηγάγετο.
450 2277 519 2343 ἐστι
542 2267 607 2361 γάρ
631 2299 663 2342 τι
686 2265 863 2340 κάνταῡθα
893 2271 989 2358 γένος
1014 2267 1138 2357 αὐτῶν,
1151 2295 1182 2336 κο
1277 2349 1278 2352 ¹

171 2375 208 2442 ἐκ
230 2379 290 2442 τοῦ
314 2369 520 2464 Εύρωιιαίου
544 2369 762 2462 άποδάσμιον.
799 2371 949 2461 Βρέννον
972 2367 1036 2460 γάρ
1061 2394 1140 2440 ποτε

170 2475 310 2560 βασιλέα
329 2477 426 2563 σφῶν
443 2472 708 2566 προστησάμενοι
724 2470 787 2562 τήν
805 2499 842 2543 τε
853 2469 996 2544 Ἐλλάδα
1009 2473 1066 2541 καὶ
1078 2470 1140 2560 τῆν

139 2571 311 2667 Οθράκην
329 2573 533 2667 ἐπέδραμον,
554 2571 716 2647 κάκεῖθεν
734 2581 781 2656 είς
798 2571 861 2663 τῆν
878 2580 1049 2645 Βιθυνίαν
1069 2577 1140 2644 δια·

171 2671 291 2763 βάντες
308 2679 392 2770 μέρη
409 2676 484 2748 τινά
500 2681 559 2767 τῆς
576 2705 613 2747 τε
632 2683 783 2768 Φρυγίας
808 2677 865 2759 καὶ
881 2680 939 2764 τῆς
958 2682 1139 2765 Παφλαγο·

170 2782 246 2860 νίας
263 2784 321 2868 τῆς
338 2807 374 2851 τε
391 2787 530 2862 Μυσίας
547 2782 605 2869 τῆς
622 2776 706 2870 πρδς
728 2783 774 2873 τῷ
791 2775 947 2872 Ὀλύμπφ
965 2778 1021 2848 καὶ
1044 2785 1140 2850 Καπ-
1153 2803 1182 2844 ετ

170 2885 333 2964 παδοκίας
356 2879 559 2972 άπετέμοντο
583 2883 639 2952 καλ
663 2885 700 2952 ἐν
724 2875 837 2963 αὐτοῖς
855 2875 1064 2973 κατῴκησαν,
1082 2880 1139 2949 καὶ

165 2985 237 3076 ,νύν
255 2990 356 3065 ἔθνος
374 2981 463 3055 ίδιόν
481 2991 546 3056 είσι
563 2982 599 3052 τδ
612 2979 723 3073 ,ὄνομα
745 2985 814 3054 τῶν
831 2985 993 3054 Γαλατῶν
1015 2983 1141 3071 φέρον-

170 3109 233 3164 τες.
269 3074 362 3154 οὗτοι
376 3083 419 3174 δή
437 3067 621 3176 πράγματά
627 3091 673 3180 τῷ
686 3091 832 3180 Μαλλίῳ
849 3085 1027 3174 παρέσχον.
1053 3080 1140 3151 άλλδι

170 3183 378 3255 καὶτούτων
401 3185 577 3278 ἐκράτησε,
604 3184 666 3276 τῆν
688 3187 750 3277 μὲν
765 3183 938 3278 ’Ἄγκυραν
960 3181 1022 3274 τήν
1039 3180 1140 3254 πόλιν
1276 3261 1278 3268 ,

174 3280 260 3352 ἑλὼν
278 3286 311 3366 ἐξ
330 3289 521 3378 ἐπιδρομῆς,
540 3287 598 3372 τάς
616 3287 648 3358 δ’
670 3285 771 3372 άλλας
788 3283 948 3382 ὁμολογίηι
965 3307 1138 3378 παραστη-
1154 3312 1181 3352 30
1276 3287 1278 3344 ἶ

241 3512 273 3560 12
292 3511 373 3566 Oonf.
387 3515 485 3571 Dionis
505 3521 539 3575 fr.
558 3523 599 3576 63,
