2510 3834
158 139 198 205 76
467 143 539 196 Lm.
552 103 598 196 vi.
617 141 695 194 οιΡ.
708 141 821 194 xxvn.

158 303 213 352 σαι
230 278 450 370 ἀνασχόμενοι
469 278 711 372 διεφθάρησαν.
747 278 765 351 ὁ
780 277 810 349 δ’
827 281 998 372 εἰρημένος
1013 274 1123 351 Ἀντί-
1250 362 1253 368 Ι

157 411 231 472 ,οχος
254 383 309 452 καὶ
335 380 534 474 στρατιύτας
565 382 655 473 παρὰ
678 385 739 452 τού
763 377 931 472 Ῥωμαίων
959 375 1122 470 ἡγεμόνος
1249 411 1252 418 ·

157 481 283 572 λοβόν,
300 481 441 574 χαλεπός
459 474 502 573 ῆν
519 501 587 564 τοῖς
598 481 792 573 ὁμοφύλοις,
810 481 929 575 ἀργεῖν
946 479 1008 570 τῆν
1025 480 1124 571 ἑβδό-

156 616 224 676 μην
240 581 304 656 ούκ
316 587 515 676 ἐπιτρέπων
536 584 624 656 οὕτω
637 584 745 675 τετῆν
757 580 909 674 ἀνάγκην
919 591 1018 657 ἔθετο
1030 591 1122 674 ισχυ-

124 690 221 776 Βράν
245 686 289 770 ὡς
311 685 478 777 μὴμόνον
504 683 776 778 ἐπ’,Ἅντιοχείας
793 685 855 776 τῆν
872 689 932 757 τού
950 683 1150 774 σαββάτουε

156 787 279 879 ἀργίαν
296 787 561 876 καταλελύσθαι,
579 785 663 860 ἀλλά
680 785 746 859 κάν
763 805 835 871 ταῖς
849 786 966 870 ἀλλαις
982 785 1122 859 πόλεσιν

158 895 215 960 ἐπί
229 918 304 962 τινα
321 889 443 982 χρόνον
460 895 558 962 τοῦτο
573 894 803 981 ἐπικρατῆσαι,

236 990 287 1064 Οὐ
305 998 410 1062 ταῦτα
428 992 465 1062 δὲ
482 989 569 1082 μόνα
581 1007 650 1074 τοῖς
664 995 700 1062 ἐν
714 987 896 1083 Ἀντιοχείᾳ
908 991 1121 1080 συμβέβηκεν

152 1091 342 1182 Ἰουδαίοις,
368 1092 454 1164 ἀλλά
472 1095 529 1164 καλ
547 1097 688 1183 δευτέρα
711 1093 931 1184 προσεγένετο
955 1089 1121 1182 συμφορά.

157 1197 284 1283 συνέβη
301 1196 362 1284 μὲν
379 1195 443 1284 γὰρ
461 1197 740 1285 καταπρησθῆναι
762 1194 824 1284 τῆν
845 1198 903 1283 τῆς
926 1192 1054 1276 πόλεως
1070 1222 1122 1264 τε·
1136 1225 1164 1264 ιο

50 1325 52 1329 ’
156 1294 330 1385 τράγωνον
347 1293 484 1386 ἀγοράν,
502 1295 619 1387 ἀρχεῖά
636 1324 672 1367 τε
690 1298 746 1366 καὶ
760 1293 1020 1386 χαρτοφυλύκια.
1050 1293 1070 1366 ό
1086 1292 1119 1364 δ’

157 1400 330 1487 είρημένος
342 1396 510 1488 Ἀντίοχος
527 1414 596 1479 τοῖς
610 1395 784 1478 Ἰουδαίοις
803 1400 974 1488 προσῆπτε
990 1393 1049 1468 τόν
1064 1401 1121 1486 ἐμἕ

43 1498 338 1589 ἀιΙιεοτιρησμόα
357 1501 413 1570 καὶ
431 1498 511 1581 τούς
524 1498 703 1589 Ἀντιοχεῖς
718 1497 889 1580 ὑπόπτους
908 1505 1042 1588 ἔχοντας
1056 1495 1134 1587 ῆδη,

123 1598 282 1681 οαύτούς
307 1596 446 1692 ῆρέθισε
475 1598 547 1670 κατ’
575 1597 701 1671 αύτων·
734 1603 791 1670 καὶ
822 1597 934 1690 ὥσπερ
966 1604 1122 1690 ἐμμανεῖς

156 1697 239 1786 πρός
256 1701 334 1781 τούς
360 1705 641 1791 διαβεβλημένους
663 1700 807 1782 ἅπαντες
831 1699 991 1792 ὥρμηντο.
1027 1699 1121 1790 μόλις
1136 1730 1165 1772 ιι

158 1798 192 1870 δ’
220 1797 342 1882 αύτούς
370 1804 531 1892 κατέσχον
553 1802 660 1892 τινές,
692 1802 1004 1892 συμβουλεύσαντες
1034 1809 1122 1898 Τίτφ

156 1903 219 1992 τῆν
235 1900 403 1974 ὑπόθεσιν
420 1897 609 1975 ἀναθεῖναι.
646 1909 683 1975 έν
706 1911 752 1997 τῷ
770 1907 860 1998 μέσῳ
887 1907 926 1974 δέ
941 1931 1032 1985 τινες
1047 1931 1124 1974 ποι-

157 2001 293 2092 ούμενοι
318 2007 454 2094 ἐπιμελῆ
479 2009 540 2076 τού
568 2003 760 2096 πράγματος
789 2005 923 2095 ζῆτησιν
953 1996 1054 2096 εὗρον
1084 2002 1122 2076 τό

156 2107 218 2194 μὲν
235 2109 303 2176 τοῖν
321 2106 495 2178 Ἰουδαίων
517 2109 614 2196 γένος
630 2103 800 2196 ἀναίτιον,
824 2105 991 2198 πονηρούς
1011 2104 1042 2176 δ’
1063 2104 1123 2178 ἀν.-
1147 2157 1148 2160 =

156 2205 316 2296 θρόνους
333 2206 370 2280 τὸ
389 2215 487 2299 ἔργον
505 2207 732 2298 τολμήσαντας
758 2206 813 2279 διά
831 2213 939 2300 χρεων
961 2206 1121 2298 ἀνάγκας,
1135 2239 1165 2281 εο

156 2311 346 2397 οίηθέντας,
366 2317 396 2378 εί
412 2307 474 2398 τῆν
491 2307 616 2400 ἀγοράν
634 2312 690 2380 καλ
703 2307 743 2380 τά
758 2310 901 2400 δημόσια
913 2327 1122 2400 γραμματεῖα

157 2407 371 2498 ἐμπρήσειαν,
392 2412 478 2493 ἕξειν
495 2406 693 2500 ἀπαλλαγὴν
710 2417 768 2500 τῆς
787 2409 998 2500 είσπρύξιως.

227 2507 283 2580 Ἑν
301 2508 428 2592 τούτοις
453 2511 491 2582 δέ
508 2514 564 2584 καλ
587 2511 606 2583 ὁ
630 2521 724 2596 Τίτος
746 2511 921 2602 ἀφικνεῖτο
946 2519 993 2595 είς
1013 2509 1122 2584 Ἀντι-

155 2609 277 2699 όχειαν.
308 2613 365 2682 καλ
377 2609 394 2682 ὁ
408 2619 476 2684 τόν
490 2611 686 2704 Ἀντιοχέων
699 2621 804 2705 δῆμος
819 2612 1017 2706 προύπῆντα
1029 2609 1122 2708 αύτῷ

155 2713 212 2781 καὶ
231 2709 391 2804 εύφῆμει,
414 2729 487 2796 ταῖς
513 2711 546 2786 δ’
566 2712 746 2806 εὐφημίαις
769 2731 905 2806 συνεῖρε
929 2718 985 2786 καὶ
1004 2719 1121 2804 δέησιν
1135 2746 1166 2787 τε

156 2817 312 2902 ἐκβαλεῖν
328 2811 488 2900 ἀξιοῦσαν
505 2816 583 2898 τούς
597 2814 779 2900 Ἰουδαίους
796 2823 856 2908 τῆς
872 2817 1007 2898 πόλεως.
1044 2815 1062 2887 ὁ
1082 2819 1122 2888 δὲ

120 2940 145 2992 D
156 2913 229 2986 τότε
246 2923 313 2988 τῶν
330 2921 520 3007 λεγομένων
537 2917 646 3012 ἡσυχῆ
662 2917 857 2990 κατακούων
874 2916 1007 3010 παρῆει,
1024 2914 1121 2990 ὕστε-

155 3045 216 3103 ρον
235 3013 268 3086 δ’
284 3008 386 3101 αύθις
404 3017 539 3110 σφόδρα
557 3028 703 3110 λιπαρῶς
718 3021 919 3110 ἐγκειμένων
932 3025 1000 3090 τῶν
1014 3017 1121 3094 Ἀντι-

154 3119 259 3207 οχέων
277 3123 475 3208 ἐξελαθῆναι
489 3121 566 3202 τούς
581 3117 765 3204 Ἰουδαίους
777 3126 841 3211 ,τῆς
858 3119 997 3210 πόλεως,
1018 3117 1116 3192 “ἀλλ’

153 3215 179 3306 ῆ,
193 3247 231 3306 γε
249 3221 367 3309 πατρὶς
385 3219 517 3293 αύτῶν”
539 3231 620 3312 ἐφη,
640 3218 712 3306 “είς
728 3219 773 3312 ῆν
790 3223 978 3316 ἀναχωρεῖν
995 3221 1119 3305 αύτούς
1134 3253 1166 3294 εο

155 3321 273 3408 ἐχρῆν,
297 3318 477 3412 ἀνῄρηται,
502 3326 560 3394 καὶ,
584 3321 706 3408 δέξαιτ’
726 3320 769 3396 ἀν
793 3323 914 3407 αύτούς
938 3322 1051 3406 οὐδεὶς
1070 3331 1120 3396 ἔτι
1218 3353 1223 3360 ·

153 3417 280 3501 τόπος.”
314 3419 536 3512 ἀποτυχόντες
561 3417 624 3496 οὖν
647 3433 704 3514 τῆς
722 3426 883 3515 αίτῆσεως
899 3423 1039 3516 ταύτης,
1065 3429 1120 3496 ἐπὶ
