2538 3824
180 190 245 255 454
472 192 544 242 LIB.
558 191 591 242 X.
613 190 692 243 cAP.
705 191 860 243 XXXVIII.

181 360 217 402 τε
236 333 290 400 έιιὶ
307 336 348 420 τῇ
366 328 456 424 νάσῳ
470 328 575 402 αὐτοῦ
590 333 865 420 έτιαγγελθείσης,
883 325 931 400 ἵν’
948 327 1048 420 εὐχάς
1061 328 1156 420 τιοιήὸ

183 455 327 520 σωνται,
350 433 587 522 κεκλεισμένον
605 428 724 522 εὕρητο
742 461 779 502 το
766 431 991 523 συνέδριον·
1024 433 1082 500 καὶ
1099 459 1155 501 κε-

184 533 308 625 ρἀυνὸς
327 541 374 615 είς
393 532 506 606 είκάνα
524 529 629 604 αὐτου
614 531 853 623 ἐμπεσών
818 563 857 604 το
873 538 1006 624 πρῶτον
1019 531 1155 622 γράμμα

183 639 242 706 τοῦ
259 630 421 726 ὀνόματος
437 661 498 706 τον
488 631 727 762 ’Καίσαρος’
707 635 863 724 ηφάυισε.
894 639 999 706 ταῦτα
1016 635 1079 724 μὲν
1092 625 1156 706 οὖν

150 740 305 823 οζάντος
322 743 372 808 ἔτι
388 733 496 808 αάτοῦ
513 735 705 827 προεφάνη·
736 765 755 807 ο
743 731 813 806 ‘33
829 735 976 825 νοσήσας
995 741 1032 806 έν
1048 733 1185 827 Νάληε

81 836 458 960 λλΙΙιτομετηλλαξε
417 867 458 930 τη
483 835 762 927 ἐννεακαιδεκάτῃ
788 844 850 908 τοῦ
869 835 1069 928 Αὐγούστου
1091 865 1157 928 μη-

184 968 260 1028 νος,
286 938 445 1029 ζήσαςξ
410 944 445 1024 ἒξ
472 947 527 1030 ἔτη
552 943 608 1012 καὶ
632 937 877 1030 ἑβδομήκοντα,
905 939 1083 1064 τριάκοντα
1099 941 1157 1009 καί

183 1039 357 1166 τεσσάρων
383 1039 616 1114 ένδεουσάν
597 1045 751 1132 ημερτὸν,
782 1041 995 1132 μοναρχήσας
1027 1037 1109 1110 δὲ’
1090 1035 1153 1129 αφ’

186 1131 229 1213 οδ
246 1139 329 1232 τιρός
347 1171 393 1237 τρι
381 1139 527 1236 Ἀκτίρε
546 1147 600 1214 έυί
585 1150 701 1232 ίκησεν
716 1141 890 1224 ένιοντοδς
903 1143 995 1262 πρὸς.
998 1144 1157 1266 τέσσαρσι

186 1242 443 1334 τεσσαράκοντα
482 1213 705 1370 άπωπτεάθη
727 1245 884 1334 μέέντοι
868 1245 923 1314 έττὶ
947 1273 993 1340 τοι
1017 1243 1156 1337 θανάτω
1170 1273 1203 1312 ιο

186 1341 292 1416 αὐτοῦ
310 1373 332 1434 η
322 1340 499 1434 Λιβία,
480 1374 531 1416 οτι
548 1342 634 1436 πρὸς
650 1345 710 1418 τὸν
724 1341 944 1436 Ἀγρίττααν
927 1375 946 1416 ο
960 1343 1159 1434 Αὔγουστος

185 1444 297 1540 λάθρᾳ
316 1449 351 1529 ές
366 1446 430 1536 τὴν
446 1451 552 1536 νῆσον
571 1450 781 1536 διέπλευσεν,
801 1453 886 1518 ἔνθα
903 1446 985 1537 μετά
1001 1449 1058 1536 τῆς
1073 1442 1157 1517 ’Iov-

185 1556 258 1630 λίας
276 1551 334 1638 τῆς
352 1545 475 1640 μητρὸς
493 1546 739 1638 τεφνγάδευτο.
778 1553 917 1619 δείσασα
941 1546 1005 1639 γάρ
1030 1545 1075 1638 μὴ
1092 1575 1157 1617 αα-

184 1652 360 1737 ταλλαγεὶς
386 1651 440 1720 έιτί
463 1656 505 1740 ιη’
530 1657 696 1747 μοναρχίᾳ
720 1645 824 1721 αάτὸν
846 1649 1034 1742 καταγάγῃ,
1069 1647 1159 1719 σῦκά

184 1778 261 1820 τινα
279 1751 334 1820 έκλ
353 1752 507 1841 δένδροις
526 1748 612 1820 ἔτι”
592 1780 686 1839 οντα,
706 1742 781 1835 ἐξ
753 1750 833 1822 ωνὸ
848 1748 1045 1840 Αὔγουστος
1057 1749 1156 1822 αὐτο-
1171 1779 1205 1820 ιε

186 1857 295 1944 χειρία
312 1850 469 1974 συνάξειν
487 1850 620 1941 είτάθει,
638 1851 809 1944 φαρμάξαι
826 1855 972 1942 λέγεται,
996 1851 1113 1924 κάλ’
1071 1848 1157 1941 αυτὴ

150 1950 300 2040 Βμέν
265 1981 305 2022 τοι
323 1948 526 2043 άφάρμιικτα
542 1953 685 2044 ἤσθιεν,
707 1957 825 2046 έκείνρο
844 1952 937 2024 δὲ
899 1983 940 2024 τα
958 1981 1159 2079 ιτεφαρμαγ

184 2055 269 2142 μένα
289 2055 508 2145 προσέβαλεν
545 2053 605 2126 εἶτ’
627 2045 692 2126 οάν
711 2053 818 2137 οὕτως
838 2053 896 2127 εἴτ’
917 2053 1063 2136 ἄλλος’
1045 2081 1159 2144 αρρω-

185 2153 312 2279 στησας
322 2153 396 2227 τότε
408 2157 487 2238 τούς
502 2159 654 2248 ἑταίρους
669 2154 876 2248 συνήθροισε
889 2152 974 2228 καί
959 2185 982 2226 α
975 2154 1157 2248 ἠβούλετο

184 2255 313 2339 τούτοις
332 2259 522 2348 διαλεχθείς
539 2261 632 2341 τέλος
650 2255 750 2348 έφη”
732 2286 783 2328 οτι
803 2253 889 2347 “την
909 2255 1036 2348 Ράμην
1057 2263 1155 2345 τηλί·
1170 2286 1208 2328 εο

185 2386 249 2447 νην
272 2358 479 2448 παραλαβιδν
505 2365 644 2448 λιθίνην
671 2354 754 2448 ὑμίν
784 2357 1001 2448 καταλείπω,”
1035 2359 1071 2430 τὸ
1097 2361 1158 2448 τῆς

184 2456 287 2580 ἀρχῆς
306 2457 446 2548 ίσχυρὸν
462 2465 524 2529 τοῦ
547 2457 648 2549 λόγου
668 2463 936 2551 ἐνδεικνυμένου.
979 2458 1020 2532 03
1043 2463 1159 2550 μέντοι

184 2557 244 2628 τὸν
267 2559 419 2630 θάνατον
442 2557 549 2631 αάτοά
566 2558 686 2632 αὐτίκα
708 2557 729 2650 ἡ
748 2569 852 2650 Λιβία
871 2565 1025 2652 ἐξέφηνε,
1049 2567 1157 2651 φοβη-

185 2671 288 2730 θείσα
305 2658 351 2751 μή
364 2689 401 2731 τι
417 2667 643 2754 νεωτερισθῇ,
663 2665 700 2734 έν
679 2670 895 2789 νΔαλματία
912 2691 974 2736 του
964 2667 1158 2753 Τιβερίου

187 2760 378 2850 διάγοντος,
410 2761 495 2833 άλλά
518 2765 732 2852 συνέκρυψεν
758 2761 862 2836 αὐτὸν
887 2768 1001 2867 μέχρις
1016 2769 1157 2890 έκείνος
1171 2795 1210 2836 2⁵

186 2859 336 2990 άρίκετο.
377 2863 662 2990 άνακρμισθέντος
680 2866 718 2936 δὲ
735 2869 796 2937 τοά
794 2864 966 2992 ‘aduam
983 2862 1088 2937 αὐτου
1077 2869 1158 2948 είς

185 2993 247 3052 την
265 2963 413 3056 Ράμην,
437 2964 496 3048 τάς
516 2965 683 3056 διαθηκας
701 2963 807 3038 αὐτου
823 2966 841 3038 3
860 2971 1014 3059 Δροῦσος
1032 2971 1070 3038 έκ
1086 2969 1159 3038 τῶν

81 3062 422 3156 11544άειιταρθένοεν
443 3075 512 3139 τιόν
534 3074 593 3157 τῆς
611 3067 740 3150 Ἑστίας
766 3071 915 3161 ίερειων,
939 3064 994 3152 αἷς
1014 3070 1160 3156 τερετί-

182 3177 309 3256 θειντο,
329 3166 474 3257 είληφοδς
493 3176 540 3251 είς
557 3167 594 3241 τδ
612 3171 794 3261 συνέδριον
805 3197 828 3241 ε
830 3167 1004 3260 σάνεγκε
1022 3172 1078 3242 καί
1097 3167 1160 3252 τάς

253 3363 284 3412 12
304 3355 470 3480 ένθαριετά
488 3363 540 3429 τῆς
554 3356 729 3428 Ἰουλίας”
693 3385 745 3434 της
757 3361 863 3450 μητρὸς
875 3363 1082 3438 τιεφνγάδευτο
1099 3383 1160 3422 non

183 3423 311 3490 leguntur
330 3445 346 3478 a
367 3445 384 3480 u
420 3431 549 3483 Dionem.
597 3437 629 3485 27
652 3429 704 3494 τάς
723 3434 924 3519 διαδηκας-
941 3454 968 3504 p.
986 3439 1050 3496 455,
1068 3435 1158 3488 2τοῦ

184 3441 470 3561 σννεδρίουίΗοτοιο
482 3497 602 3562 plurima
614 3517 668 3552 om1
660 3504 746 3554 λλλοιι
746 3506 818 3559 urin
826 3507 926 3558 Dionis
940 3503 1159 3571 exemplaribus.
