2566 3812
478 103 796 190 mmm&
1059 134 1121 202 m

10 281 15 290 '
139 281 260 366 μαίων
274 269 412 344 ίππικόν
430 268 623 364 ήλαττώθη,
648 272 685 343 τδ
704 269 735 344 δ’
756 271 928 345 ὁπλιτικὸν
944 269 1118 368 άπερέσχε.

141 379 205 448 καὶ
228 370 375 463 ὁἹέρων
396 370 470 446 τότε
492 373 555 463 μέν
580 380 627 458 είς
648 372 689 444 τά
713 372 793 466 ὄρη,
820 377 853 460 ἐς
871 377 908 446 δέ
925 373 983 460 τάς
1002 388 1120 468 Συρα-

55 545 58 548 .
144 475 274 558 κοάσας
292 472 434 565 ὕστερον
450 472 674 567 ἀπεχώρησεν.

218 577 258 649 ‘0
281 567 344 648 οὖν
367 573 554 664 Κλαύδιος,
585 573 864 668 ἀποχωρήσαντος
887 585 949 649 τοῦ
970 575 1120 669 Ἱέρωνος
1167 577 1169 580 ’

103 709 123 752 ε
148 683 205 752 καὶ
222 683 294 750 τών
311 683 540 769 Μαμερτίνων
558 677 614 749 διά
630 678 692 768 τήν
709 687 900 768 παρουσίαν
917 677 1022 752 αὐτοῦ
1039 677 1119 753 άνα·

153 777 416 870 θαρσησάντων,
435 782 563 868 έπήλθε
575 795 644 862 τοῖς
653 787 898 871 Καρχηδονίοις
911 793 1120 872 μονωθεϊσιν

154 879 237 971 ήδη,
256 883 313 952 καὶ
326 887 372 975 τῷ
390 885 488 970 σφών
505 883 691 971 προσέβαλε
707 880 939 973 χαρακώματι,
957 879 1029 954 ὅντε
1046 879 1121 954 οἷον

151 986 187 1054 ἐν
203 981 409 1077 χερρονήσῳ.
452 985 614 1056 έυτεώθεν
636 982 699 1072 μέν
722 981 785 1073 γάρ
810 979 1005 1072 ήθάλασσα
1022 987 1152 1056 τοῦτοΒ

147 1101 323 1174 συνεῖχεν,
349 1086 510 1155 ἐντεῦθεν
535 1081 568 1154 δ’
590 1086 648 1172 ἕλη
665 1081 740 1156 τινά
758 1083 980 1174 δυσδιάβατα·
1009 1087 1063 1156 ἐπὶ
1082 1086 1120 1156 δέ

110 1213 134 1254 ιο
146 1186 208 1259 τὸν
234 1184 377 1276 αὐχένα,
410 1180 457 1256 δι’
482 1175 588 1277 οὗπερ
612 1183 719 1276 μόνου
741 1185 899 1276 είσήεσαυ
922 1185 1120 1258 στενοτάτου

145 1285 391 1378 τυγχάνοντος,
410 1289 586 1376 ἐπεποίητο
605 1291 821 1377 διατείχισμα.
848 1286 1039 1377 βιαζόμενοι
1057 1279 1120 1359 οὖν
1223 1345 1225 1365 ,

146 1387 235 1478 πρὸς
264 1395 369 1459 ταῦτα
399 1393 434 1460 οέ
450 1387 606 1479 Ῥωμαῖοι
631 1386 904 1478 ἐταλαιπώρησαν
921 1391 977 1459 καὶ
1001 1385 1120 1478 βαλλά-

145 1518 248 1581 μενοι
265 1487 491 1582 ἀνεχώρησαν.
527 1495 562 1561 οί
578 1489 615 1560 δέ
633 1496 759 1578 Λίβυες
776 1489 1010 1582 θαρσήσαντες
1028 1491 1119 1574 ἐπεξ-

145 1601 274 1681 ῆλθον,
284 1593 339 1661 καὶ
352 1589 397 1674 ώς
409 1588 597 1682 φεύγοντας
612 1589 843 1675 ἐπιδιώκοντες
857 1595 919 1676 ἔξω
934 1590 1121 1682 προεληλύ-

105 1721 133 1761 ιε
148 1707 276 1764 θεισαν
292 1695 360 1764 τών
376 1699 521 1764 στενών·
540 1687 716 1764 κάνταῦθα
730 1696 987 1785 ἐπιστραφέντες
1001 1691 1120 1765 οίῬω-

148 1810 244 1884 ματοι
258 1789 383 1876 αάτοδς
397 1796 578 1884 ἐτρέψαντο
591 1795 647 1865 καί
660 1793 804 1878 πολλοὺς
813 1793 1024 1886 ἀπέκτειναν,
1035 1794 1120 1867 ώστε
1229 1881 1230 1885 ¹

151 1895 274 1976 αὐτοὺς
291 1897 408 1985 μηκέτι
423 1898 484 1966 τοῦ
500 1897 728 1986 στρατοπέδου
741 1905 924 1989 προελθεῖν
936 1893 1017 1988 παρ’
1036 1893 1119 1968 ὅσον

153 1989 199 2085 ήν
225 2000 259 2068 ἐν
282 1995 451 2089 Μεσσήνη
475 1991 492 2067 ὁ
516 1996 694 2078 Κλαύδιος.
735 1996 754 2068 ὁ
785 1999 823 2069 δέ
845 1996 1031 2087 βιάσασθαι
1058 1996 1121 2087 τήν

152 2095 321 2189 πρόσοδον
338 2095 384 2189 μή
401 2104 532 2188 τολμῶν
538 2152 548 2188 ,
572 2097 655 2189 πρὸς
671 2097 730 2179 τὰς
748 2097 971 2187 Συρακούσας
988 2100 1045 2168 καὶ
1061 2095 1155 2169 τδνῦ

106 2198 283 2292 ιοἸέρωνα
302 2198 476 2289 ἐτράπετο,
501 2197 659 2289 φυλακήν
683 2201 720 2270 έν
743 2203 783 2290 τῇ
801 2196 968 2290 Μεσσήνη
986 2207 1121 2268 καταλι-

150 2301 237 2373 πών.
286 2304 343 2372 καὶ
373 2303 582 2390 προσέβαλλέ
601 2329 637 2373 τε
662 2295 761 2382 αὐτὸς
784 2305 829 2396 τῷ
858 2299 950 2370 άστει
973 2295 1125 2370 κάκεῑνοί

150 2430 233 2475 ποτε
248 2399 447 2492 έπεξήεσαν·
474 2404 530 2473 καί
543 2399 598 2474 ὅτε
615 2402 678 2492 μὲν
696 2399 877 2493 ἐκράτουν,
895 2398 949 2473 ὅτε
967 2399 1003 2472 δ’
1023 2404 1121 2490 ἐκρα-

150 2509 273 2576 τοῦντο
292 2503 449 2593 ἑκάτεροι.
485 2511 545 2574 καί
558 2531 638 2576 ποτε
657 2506 694 2574 έν
711 2509 822 2600 χωρίῳ
839 2505 949 2598 στενῷ
964 2501 983 2574 δ
997 2501 1121 2587 ὕπατος

151 2605 302 2696 γεγονώς
320 2603 406 2676 ἑάλω
419 2603 481 2695 άν,
500 2612 531 2676 εί
546 2603 591 2696 μή
609 2602 674 2697 πρὸ
690 2609 749 2676 τοῦ
766 2613 1006 2697 περισχεθῆναι
1023 2611 1121 2696 ἔπεμ-

109 2731 139 2773 ιι
154 2725 199 2792 ψε
217 2706 300 2796 πρδς
322 2704 382 2778 τδν
394 2705 547 2799 Ἱέρωνα,
573 2711 623 2790 είς
646 2703 829 2797 συμβάσεις
849 2705 891 2796 δή
908 2736 1001 2790 τινας
1019 2705 1122 2778 αὐτὸν

152 2805 432 2899 προκαλούμενος.
476 2804 564 2880 οὕτω
587 2805 651 2900 γάρ
676 2805 837 2892 ἐλθόντος
862 2806 951 2890 τινδς
975 2805 1057 2899 πρὸς
1081 2804 1122 2878 δν
1196 2867 1198 2875 .

153 2918 272 3001 ἔμελλε
285 2908 537 3034 συμβήσεσθαι,
553 2907 718 2998 διελέχετό
731 2936 766 2980 τε
780 2906 871 3004 αάτω
855 2903 978 2980 Ηκαὶ
957 2907 1120 2998 υπαπήει,

153 3001 334 3102 μέχρις
292 3040 333 3082 ου
356 3011 439 3102 πρὸς
462 3039 499 3082 το
487 3007 701 3102 άσφαλές’
682 3009 886 3100 απεχώρησε.
927 3037 986 3130 της
1004 3007 1104 3080 δέ
1060 3035 1123 3080 πο-

154 3123 239 3196 λεως
261 3117 387 3206 ῥαδίως
410 3111 536 3184 ἆλώναι
552 3110 597 3236 μή
623 3114 830 3203 δυναμένης,
855 3112 967 3182 καὶ
928 3139 985 3202 της
1003 3133 1123 3202 προσε-

112 3235 142 3278 ⁸0
157 3210 314 3306 δρείας’
295 3211 424 3305 απόρον
448 3213 503 3284 διά
521 3212 645 3286 σπάνιν
663 3210 765 3304 οὔσης
784 3218 853 3285 σιτί
851 3243 900 3285 ων
837 3214 972 3285 ίκαὶ
992 3212 1105 3285 διά’
1064 3243 1124 3286 νο-

154 3340 218 3389 σον
239 3319 298 3405 τῆς
319 3321 496 3406 στρατιάς,
526 3311 713 3404 άπανέστη·
751 3317 807 3386 καὶ
837 3321 873 3387 οί
893 3313 1157 3407 ΣυρακοάσωιΙ)

154 3424 290 3490 εἵποντο
320 3419 377 3488 καὶ
407 3419 441 3502 ἐς
464 3415 584 3504 λόγους
606 3433 676 3499 τοῖς
699 3422 982 3506 σκεδαννυμένοις
1005 3414 1123 3508 ᾔεσαν,
