2558 3820
195 162 258 229 352
545 165 619 215 Lm.
632 165 666 214 x.
684 162 764 215 οιε.
775 163 810 218 v,

196 309 334 392 ροῦντος
351 303 416 394 πρὸ
433 310 493 374 τοῦ
511 302 683 393 θριάμβου
701 312 888 393 παρελθεῖν
906 310 953 384 είς
970 300 1032 390 τήν
1048 299 1159 391 πόλιν,
1256 311 1258 314 ’

196 407 327 496 πέμψας
344 403 440 495 ἠξίου
457 405 520 494 τὴν
542 403 670 494 βουλήν
687 403 901 494 ὑπερθέσθαι
917 406 975 485 τάς
992 408 1060 474 τάν
1075 401 1161 473 ύπά·

195 536 264 578 των
293 505 516 598 άρχαιρεσίας.
558 505 717 588 Κάτωνος
747 502 781 576 δ’
808 509 1068 587 ἐναντιωθέντος
1098 500 1162 574 ούκ

196 617 306 698 ἔτυχε
339 607 391 678 διό
421 609 477 679 καὶ
508 607 748 680 οίκειάσασθαι
777 607 837 677 τὸν
864 604 974 696 ἄνδρα
1003 602 1159 696 ήθέλησε.

197 715 294 780 δυείν
310 700 375 781 ούν
392 709 586 798 ἀδελφιδῶν
602 707 716 780 ούσαῖν
735 713 868 802 ἐκείνφ,
892 707 954 797 τὴν
976 709 1039 800 μὲν
1060 704 1188 790 αύτὸςε

196 809 299 901 ἐζήτει
317 817 447 900 λαβεῖν,
464 811 527 900 τὴν
546 812 583 882 δέ
599 818 646 905 τῷ
666 814 734 905 υἱῷ
750 818 948 880 συνοικίσαι.
984 837 1162 899 παραιτου·

196 917 300 1002 μένου
316 913 353 983 δέ
365 911 429 1002 τὴν
442 909 636 1004 ἀγχιστείαν
648 916 710 984 τού
722 911 892 998 Κάτωνος,
911 911 955 993 ὥς
970 911 1162 1000 διαφθοράν

198 1016 359 1104 ἐσομένην
381 1009 474 1108 αὐτῷ
497 1018 557 1086 τοῦ
579 1013 723 1106 τρόπου,
747 1012 769 1102 ἡ
792 1009 924 1102 άδελφή
950 1015 1006 1083 καὶ
1029 1009 1050 1101 ἡ
1074 1011 1162 1102 γυνή

197 1117 422 1206 ἐχαλέπαινον.
455 1112 625 1210 Ἀφρανίῳ
645 1117 682 1186 δέ
699 1121 879 1204 Πομπηίου
895 1113 1060 1186 ὑπατείαν
1077 1141 1164 1204 μετι·

197 1217 304 1306 όντος,
331 1220 386 1288 καὶ
406 1218 462 1288 διά
478 1222 576 1290 τοῦτο
594 1215 678 1308 πρὸς
695 1216 755 1298 τάς
772 1214 882 1306 φυλάς
899 1215 1063 1307 ἀργύριον
1079 1213 1163 1285 άνα-
1176 1247 1202 1288 ιο

198 1327 388 1408 λίσκοντος,
413 1321 469 1390 καὶ
487 1323 597 1402 κακῶς
620 1322 784 1390 ἐντεῦθεν
801 1316 980 1399 ἀκούοντος
998 1313 1042 1398 άς
1060 1315 1163 1387 ὤνιον

166 1418 259 1510 οτήν
271 1416 377 1510 άρχήν
390 1422 593 1509 ποιουμένου
606 1436 674 1501 τοῖς
687 1417 733 1510 μή
745 1417 868 1508 ταύτης
881 1417 995 1506 ἀξίοις,
1009 1417 1027 1489 ό
1040 1416 1163 1489 Κάτων

196 1521 279 1612 πρὸς
292 1521 350 1604 τὰς
362 1538 525 1609 γυναῖκας
534 1517 701 1593 “του’των”
716 1527 780 1611 ἐφη
789 1516 879 1592 ’τῶν
890 1520 1032 1592 ὀνειδῶν
1045 1547 1163 1590 κοινω-

195 1626 316 1712 νητέον
333 1621 415 1712 ἡμῖν
428 1628 563 1704 οἰκείοις
581 1626 772 1714 γενομένοις
785 1620 867 1712 πρός
881 1620 942 1693 τόν
954 1618 1162 1712 Πομπήιον.”

278 1728 345 1793 Τοῦ
369 1724 407 1793 δὲ
432 1724 604 1814 θριάμβου
633 1727 679 1819 τῷ
710 1727 846 1813 μεγέθει
876 1731 997 1813 καίπερ
1027 1729 1075 1804 είς
1100 1720 1164 1792 δύο
1177 1753 1202 1793 ιι

197 1823 321 1913 ἡμέρας
344 1827 562 1915 μερισθέντος
587 1823 605 1896 ὁ
632 1824 751 1918 χρόνος
775 1822 837 1898 ούκ
861 1824 1053 1914 ἐξήρκεσεν,
1079 1820 1164 1894 άλλά

197 1931 264 1996 τάν
298 1929 621 2017 παρεσκευασμένων
662 1926 768 1997 πολλά
808 1932 867 2016 τῆς
901 1929 984 2009 θέας
1020 1928 1162 2010 ἐξέπεσε.

197 2027 365 2117 γράμμασι
384 2029 422 2099 δέ
439 2031 701 2120 προηγουμένοις
729 2031 889 2118 ἐδηλοῦτο
911 2026 952 2098 τά
973 2030 1054 2118 γένη
1078 2025 1159 2098 καθ’

198 2118 246 2200 τόν
271 2129 504 2221 ἐθριάμβευεν.
546 2121 590 2219 ἦν
613 2130 651 2200 δέ
674 2137 796 2219 ταῦτα,
824 2129 971 2220 Πόντος,
995 2126 1162 2227 Ἀρμενία,

197 2240 437 2321 Παφλαγονία,
456 2237 694 2321 Καππαδοκία,
713 2238 844 2321 Μηδία,
864 2230 1004 2321 Κόλχοι,
1018 2228 1162 2321 Ἴβηρες,
1178 2255 1205 2299 ιο

194 2328 366 2421 Ἀλβανοί,
392 2341 522 2421 Συρία,
553 2341 705 2422 Κιλικία,
728 2340 992 2423 Μεσοποταμία,
1022 2331 1063 2402 τά
1085 2335 1164 2422 περὶ

198 2440 361 2522 Φοινίκην
391 2436 446 2503 καὶ
471 2441 720 2524 Παλαιστίνην,
748 2434 909 2524 Ἰουδαία,
937 2432 1094 2524 Ἀραβία,
1125 2433 1163 2503 τό

197 2532 388 2622 πειρατικὸν
405 2530 496 2606 άπαν
514 2537 550 2606 έν
573 2539 616 2626 γῇ
634 2537 691 2606 καί
714 2534 864 2628 θαλάττη
889 2545 1165 2624 καταπεπολεμη-

162 2635 316 2724 Βμένον·
348 2638 385 2705 ἐν
409 2637 446 2706 δὲ
468 2635 596 2719 τούτοις
619 2636 766 2728 φρούρια
789 2639 851 2728 μὲν
872 2635 1024 2727 ἡλωκότα
1046 2643 1165 2726 χιλίων

199 2733 261 2806 οὐκ
279 2733 421 2826 ἐλάττω,
439 2736 553 2820 πόλεις
570 2740 608 2809 δὲ
626 2735 667 2810 ού
684 2739 771 2810 πολὺ
788 2743 857 2810 τῶν
875 2742 1059 2810 ἐνακοσίων
1077 2735 1164 2808 άπο-
1178 2765 1206 2806 ιι

198 2839 350 2928 δέουσαι,
382 2842 570 2929 πειρατικαὶ
595 2840 632 2910 δὲ
654 2847 733 2929 νῆες
758 2839 967 2930 ὀκτακόσιαι,
998 2847 1166 2910 κατοικίαι

199 2940 236 3009 δὲ
258 2939 391 3012 πόλεων
425 2945 501 3030 μιάς
540 2943 676 3013 δέουσαι
707 2941 962 3034 τεσσαράκοντα.
1016 2939 1099 3032 πρός
1126 2943 1166 3012 δέ

196 3039 326 3124 τούτοις
349 3049 469 3133 ἔφραζε
494 3042 549 3113 διά
567 3047 635 3114 τάν
659 3042 861 3135 γραμμάτων
879 3041 930 3114 ὅτι
954 3055 1169 3135 πεντακισχί-

197 3149 263 3261 λιφι
281 3143 343 3232 μλν
366 3142 527 3233 μυριάδες
546 3149 583 3216 ἐκ
600 3151 668 3215 τάν
685 3149 791 3216 τελεῖν
808 3144 977 3237 ὑπῆρχον,
1003 3147 1042 3215 ἐκ
1058 3145 1097 3215 δέ
1114 3135 1167 3215 ὧν

199 3239 297 3322 αυτὸς
322 3246 568 3335 προσεκτήσατο
592 3255 714 3337 μυρίας
736 3243 982 3338 ὀκτακισχιλίας
1000 3272 1166 3318 πεντακο-
1180 3275 1209 3315 ιο

199 3346 274 3419 σίας
299 3339 451 3430 Ῥωμαῖοι
483 3345 731 3437 λαμβάνουσιν,
761 3347 964 3440 ἀναφέρεται
993 3349 1029 3419 δὲ
1054 3354 1102 3430 είς
1125 3348 1166 3419 τό

200 3437 359 3524 δημόσιον
376 3461 525 3532 ταμιείου
543 3450 584 3516 ἐν
597 3457 774 3538 νομίσματι
791 3453 848 3522 καὶ
868 3467 1087 3532 κατασκευαῖς
1104 3446 1166 3540 άρ·
