2562 3814
425 192 1087 261 L1ss.v11.cA1³.xxv1.167

106 333 294 408 “Po666ov
279 332 462 436 ιππάρχου,
474 329 561 405 uaz‘
543 331 685 426 ηττήσας
696 331 820 422 αὐτοὺς
832 331 1024 428 ήνάγκασεν
1032 341 1085 410 έπί

111 431 545 528 συνθήκαιςσυμβήυαιαίς
553 441 680 520 ἐκεῖνος
687 434 853 525 ἐβούλετο.
854 436 1086 561 ἀποθεμένου

113 539 204 610 66
167 569 232 629 την
249 537 435 628 ἡγεμονίαν
452 537 557 609 αὐτον
546 540 806 628 ἐπανέστησαν
822 529 934 622 αὖθις.
966 539 1033 612 ὑπο
1021 542 1085 612 66

114 648 309 731 Κορνηλίου
328 639 445 712 Αὔλου
462 638 664 730 δικτάτωρος
681 643 737 712 καί
755 639 858 712 πάλιν
874 647 1086 733 πολεμηθέν-
1179 649 1188 658 '

91 770 170 824 ms
188 744 243 811 καὶ
260 740 460 831 ἡττηθέντες
474 741 779 834 διεκηρυκεάσαντο
792 743 876 832 πρὸς
892 741 972 826 τούς
991 749 1028 816 ἐν
1040 752 1081 836 τῇ

115 841 239 933 Ῥώμη,
262 843 336 924 τοὺς
361 841 591 932 αἰχμαλώτους
608 872 644 914 τε
660 841 761 926 ὅσους
780 844 871 936 εἰχον
895 847 1084 935 πέμψαντες

113 943 240 1033 αὐτοῖς,
259 944 371 1014 καὶ
332 974 397 1034 την
410 951 521 1016 αἰτίαν
537 973 598 1016 του
583 945 777 1036 πολέμον’
775 946 967 1070 Ρουτοάλςο,
985 945 1086 1038 ἀνδρὶ
1196 1035 1198 1040 Ι

113 1051 250 1140 δυνατῷ
268 1042 344 1137 παρ’
364 1043 489 1136 αὐτοῖς,
510 1045 766 1136 ἐπιγράφοντες
783 1039 827 1119 06
843 1047 884 1118 τά
901 1044 994 1138 ὀστᾶ,
1012 1051 1085 1120 ἐπεὶ

110 1146 249 1236 φθάσας
274 1152 400 1230 ἐκεῖνος
423 1151 681 1238 διεχειρίσατο’
664 1145 801 1238 εαυτόν,
821 1151 1006 1242 διέρριψαν.
1043 1150 1084 1222 06

73 1283 99 1324 ιο
109 1253 226 1338 μεντοι
257 1251 314 1320 καί
345 1256 462 1338 έτυχον
491 1257 550 1338 τῆς
581 1247 715 1341 εἰρήνης
749 1248 794 1331 ώς
825 1247 973 1340 ἄπιστοι,
1012 1250 1080 1322 ἀλλ’

109 1349 285 1422 ἄσπονδον
309 1359 426 1440 σφίσιν
451 1355 658 1441 ἐψηφίσαντο
683 1349 846 1442 πόλεμον,
872 1359 980 1422 καίτοι
1002 1353 1188 1436 τούςΡΙειε

108 1450 342 1542 αἰχμαλώτους
359 1450 527 1540 λαβόντες.
569 1451 863 1546 ὖπεραυχήσαντες
880 1443 942 1524 οὖν
960 1458 995 1523 06
1004 1452 1083 1525 Ῥω-

107 1571 205 1644 μαῖοι
221 1557 279 1624 καὶ
297 1552 453 1643 αὐτοβοεὶ
471 1553 598 1635 πάντας
615 1552 739 1638 αὐτοῦς
757 1552 910 1646 αἱρήσειν
928 1557 1083 1628 έλπίσαν·

106 1683 176 1746 τες,
197 1661 299 1749 δεινῷ
316 1653 490 1746 παθήματι
507 1659 716 1746 περιέπεσον.
741 1655 1001 1746 ὑπερδείσαντες
1018 1657 1082 1748 γάρ

68 1787 94 1828 ιε
109 1762 146 1828 οἰ
163 1768 331 1829 Σαυνῖται
349 1761 406 1828 καὶ
424 1761 462 1827 έν
479 1764 636 1849 συμφορᾷ
654 1759 846 1849 ποιούμενοι
868 1755 906 1829 τὸ
924 1756 968 1849 μή
988 1768 1082 1831 σπεί-

106 1870 257 1948 σασθαι,
280 1860 337 1928 καὶ
356 1857 401 1942 ώς
419 1857 671 1948 ἀνεγνωσμένοι
688 1858 886 1951 μαχόμενοι,
910 1864 967 1932 καί
984 1859 1082 1952 λοχή·
1135 1892 1139 1900 ’

110 1981 230 2040 σαντες
260 1967 299 2030 έν
324 1987 389 2032 τινι
417 1958 510 2054 χώρᾳ
540 1962 712 2053 κοιλοτέρα
742 1964 797 2031 καὶ
828 1965 949 2050 στενῇ,
978 1960 1016 2032 τό
1047 1990 1082 2032 τε

110 2059 339 2150 στρατόπεδον
371 2058 461 2132 εἷλον
491 2063 548 2132 καὶ
577 2058 655 2142 τούς
681 2059 861 2185 Ῥωμαίους
892 2060 1083 2152 ἐζώγρησαν

106 2164 262 2234 πανσυδὶ
280 2165 338 2234 καί
355 2161 481 2244 πάντας
498 2158 675 2252 ὑπήγαγον
692 2157 760 2232 ὑπὸ
777 2161 837 2234 τόν
855 2161 1073 2284 ξφγόν,τίδ

65 2295 91 2334 ει
104 2259 150 2354 ἦν
168 2261 208 2334 τά
226 2293 287 2335 του
272 2271 407 2353 ζυγοῦ
424 2262 490 2352 ήδη
507 2293 563 2354 μοι
580 2261 695 2336 ἄνωθί
716 2289 782 2334 πον
809 2260 998 2352 ἱστόρηται,
1022 2261 1084 2334 06-

104 2368 194 2436 θένα
211 2367 325 2455 μέντοι
342 2362 559 2455 ἀπέκτειναν,
587 2362 672 2436 άλλά
695 2363 737 2434 τά
754 2393 789 2436 τε
807 2361 894 2436 ὅπλα
923 2366 977 2436 καί
1003 2362 1082 2447 τούς
1180 2361 1181 2364 “

102 2474 236 2549 ἵππους
266 2470 322 2538 καλ
350 2469 392 2537 τὰ
420 2465 505 2538 ἄλλα
538 2463 599 2537 ὅσα
625 2469 715 2557 εἰχον
737 2466 825 2556 πλήν
850 2466 924 2549 ἑνὸς
948 2472 1081 2558 ίματίον

101 2569 302 2659 ἀφείλοντο,
320 2572 375 2640 καὶ
393 2568 542 2658 γυμνοὺς
560 2573 647 2658 σφᾶς
665 2566 801 2659 άφήκαν
818 2571 874 2639 ἐπὶ
891 2567 1080 2658 συνθήκαις

101 2677 168 2742 τοῦ
188 2669 252 2760 τήν
274 2667 386 2761 χώραν
403 2669 516 2741 αὐτῶν
539 2675 690 2742 ἐκλιπεῖν
712 2673 768 2740 καλ
792 2668 985 2760 συμμάχους
1003 2677 1115 2760 σφί·Β

63 2795 164 2844 τισιν
184 2769 251 2842 ἀπὸ
268 2775 325 2860 τής
345 2784 417 2862 ίσης
435 2770 530 2842 εἰναι.
567 2778 623 2842 ἵνα
642 2773 680 2842 66
696 2769 737 2842 τά
753 2776 811 2862 τής
828 2771 1003 2860 ὁμολογίας
1022 2773 1078 2842 καὶ

103 2872 201 2964 παρὰ
218 2879 277 2963 τῆς
294 2881 473 2965 γερουσίας
490 2877 713 2962 βεβαιυθώσι,
732 2878 833 2944 τάνί
819 2874 948 2942 ἱππέων
967 2874 1080 2954 ἑξακο-

102 2983 204 3058 σίους
224 2969 305 3056 εἰς
289 2982 410 3066 ομηρεί
408 3005 452 3046 αν
469 2977 638 3064 κατέσχον.
681 3019 685 3026 ‹
908 3042 910 3046 ,

197 3080 244 3148 06
259 3072 291 3146 δ’
319 3074 441 3148 ὕπατοι
460 3074 629 3167 Σπούριός
641 3105 677 3146 τε
691 3071 899 3164 Ποστούμιος
913 3101 969 3142 και
957 3075 1082 3163 Τιβέ-

104 3207 181 3268 ριος
188 3187 379 3259 Καλουῖνος
396 3175 478 3267 μετὰ
491 3181 549 3267 τής
562 3184 716 3268 στρατιάς
731 3173 837 3257 εὐθυς
850 3173 1081 3267 ἀνεχώρησαν,

4 3313 5 3324 ¹
65 3304 92 3346 το
105 3281 166 3350 καὶ
182 3277 304 3362 ννκτὸς
322 3279 422 3350 αὐτοί
436 3307 472 3350 τε
407 3283 545 3350 ’καί
564 3286 632 3350 τῶν
649 3276 813 3349 ἅλλωνοί
829 3276 1085 3368 ἀξιολογώτατοι

180 3515 213 3564 ιε
225 3502 404 3578 ἅιωείκοι]
422 3527 449 3579 p.
463 3515 522 3577 346,
536 3512 572 3566 ια
