2562 3814
184 199 242 265 158
426 199 496 251 LIB.
509 197 570 249 VII.
589 195 668 246 CAP.
681 195 782 246 XXIII.
796 196 896 246 XXIV.

180 362 282 431 μασιν
313 341 511 429 ἐρρωμένοι,
542 338 598 406 καὶ
628 339 747 426 μικροῦ
779 336 929 418 ἐξέλιπον
959 329 1002 404 άν
1029 327 1145 424 αύτήν.

145 439 261 517 Βούδὲ
284 439 347 530 γάρ
372 444 547 510 ἐπείθοντο
571 435 647 509 ούτε
669 453 738 517 τοῖς
763 439 799 507 ἐν
822 439 908 506 τέλει
932 433 1010 506 ούτε
1033 443 1074 528 τῇ
1092 467 1145 526 γε·

181 551 301 635 ρουσίᾳ
319 547 549 630 παρακαλοῦσι
566 541 621 610 καὶ
640 536 909 628 συμβουλεύουσι
932 535 977 626 μὴ
997 541 1144 609 ἐκλιπελν

179 645 216 716 τὸ
234 643 330 732 άστν,
348 639 366 714 δ
385 648 421 714 ἐκ
438 647 506 714 ταῖν
524 649 694 731 πολεμίων
711 639 777 729 ἤδη
796 639 974 726 ἐσέσωστο,
995 647 1026 710 εί
1042 637 1089 729 μὴ
1108 645 1144 712 ἐν

179 751 221 838 τῇ
238 743 343 839 άμορᾷ
360 744 497 816 πάντων
515 745 590 832 περὶ
608 743 728 814 τούτου
741 744 996 830 βουλευομένων
1010 741 1170 813 ἑκατόν-ι

180 875 299 939 ταρχος
323 847 477 938 φρουράν
501 843 594 935 άχωυ
611 841 685 914 τινά
704 847 759 914 καὶ
784 843 863 932 παρ’
884 841 991 932 αὐτὴν
1013 843 1075 933 τὴν
1094 848 1145 914 ἐκ·

181 958 323 1039 κλησίιιν
340 948 438 1020 διιάν
455 955 597 1038 τυχαίως
617 944 791 1017 “maffia
814 941 936 1034 στῆτε”
961 943 1043 1035 πρὸς
1066 947 1145 1028 τούς

182 1055 364 1140 ἑπομένους
393 1047 486 1144 αύτῷ
511 1047 665 1138 ἐβόησεν·
687 1045 864 1119 “mma
886 1045 951 1138 γάρ
982 1053 1036 1118 δεῖ
1057 1040 1146 1136 ’ὑμᾶς

180 1149 320 1244 μεῖναι.”
356 1159 436 1244 θείᾳ
454 1149 517 1242 γάρ
535 1158 657 1241 προνοί
660 1223 667 1242 Ι
691 1147 849 1238 ἐνόμισαν
866 1145 959 1220 ταύτ’
977 1155 1144 1240 εἰρῆσθαι,

181 1258 237 1324 καὶ
254 1259 315 1325 τού
331 1256 594 1343 μεταναστεῦσαι
611 1247 812 1341 ἀπέσχοντο,
831 1251 913 1340 πρὸς
930 1254 969 1320 ’δὲ
986 1248 1045 1321 τόν
1062 1249 1146 1322 άνιι-
1159 1279 1183 1319 ιο

181 1354 358 1446 καιυισμόν
375 1359 432 1444 τῆς
452 1345 575 1444 Ῥώμης
593 1353 660 1423 σύν
677 1360 851 1444 προθυμίᾳ
867 1351 1063 1443 ἐτράποντο,
1088 1355 1144 1424 κοιλ

180 1457 221 1528 τά
239 1486 274 1528 τε
292 1465 383 1548 τείχη
407 1460 462 1526 καὶ
480 1455 538 1538 τάς
556 1455 723 1537 ίδιωιικάς
746 1460 853 1537 οίκίας
878 1455 972 1536 ἐντός
991 1459 1146 1526 ἐνιαυτοῦ

157 1631 161 1638 .
180 1557 407 1630 άνεκαίνισαν.
1051 1645 1053 1650 Ι

18 1718 21 1724 .
127 1666 169 1730 24
263 1657 367 1730 Ούπω
399 1659 436 1728 δέ
465 1665 523 1746 τῆς
546 1659 623 1746 περί
648 1665 752 1728 ταῦτα
778 1670 961 1730 πανθείσιν
990 1655 1146 1748 ἀσχολίας

149 1760 320 1851 ῦπόλεμοι
343 1762 552 1849 προσέπεσον
577 1757 750 1850 διαφόρων
774 1765 903 1848 ἐθνῶν,
929 1765 1085 1831 Αίκουοὸν
1108 1789 1144 1832 τε
1160 1789 1185 1829 ιε

181 1865 237 1932 καὶ
258 1853 487 1933 Οὐολούσκων
510 1863 566 1932 καὶ
584 1866 748 1932 Λατίνων.
798 1864 965 1952 Τυρρηνοὶ
992 1863 1028 1932 δὲ
1054 1861 1146 1932 Σού-
1255 1867 1259 1870 ”

180 1991 274 2052 τριον
293 1961 509 2050 ἐπολιόρκουν
527 1970 718 2054 συμμαχίδα
731 1961 900 2054 Ῥωμαίων
917 1961 1024 2034 πόλιν.
1065 1961 1146 2035 άπο-
1275 1965 1278 1975 '

182 2072 353 2138 δείκνυται
378 2056 442 2137 ούν
459 2062 496 2136 τό
519 2071 631 2154 τρίτον
649 2063 813 2152 δικτάτωρ
839 2059 856 2135 ὁ
878 2063 1063 2155 Κάμιλλος·
1089 2068 1144 2136 καί

181 2165 383 2257 στρατεύσας
403 2165 453 2238 ἐπ’
472 2163 593 2248 αύτούς
611 2165 884 2254 κατετροπόσατο
900 2164 978 2250 τούς
996 2165 1142 2254 λοιπούς,

183 2272 237 2340 ἐπὶ
258 2271 294 2340 δέ
312 2268 348 2340 τό
367 2267 536 2358 Σούτριον
562 2260 623 2358 ἦγε
645 2265 707 2357 τὴν
730 2267 897 2358 στρατιάν.
936 2273 971 2340 οί
989 2269 1025 2338 δὲ
1050 2279 1143 2340 Σου-
1156 2294 1181 2335 ιο

181 2387 306 2461 τρῖνοι,
325 2379 444 2460 ἔτυχον
460 2369 524 2460 χάρ
541 2369 603 2459 τὴν
620 2369 719 2440 πόλιν
735 2385 804 2452 τοῖς
815 2379 985 2459 πολεμίοις
1004 2375 1144 2442 ἐκδεδω-

180 2471 273 2553 κότες
291 2474 347 2542 καλ
364 2471 485 2562 ταύτης
502 2469 793 2564 ἀποχωρήσαντες,
811 2468 893 2544 καθ’
911 2471 994 2544 ὁδὸν
1012 2481 1059 2543 ἐτι
1074 2469 1145 2546 όντι

180 2579 226 2667 τῷ
250 2581 410 2668 Καμίλλῳ
434 2571 517 2663 μετά
540 2579 711 2664 γυναικῶν
735 2576 791 2644 καί
816 2581 950 2644 παίδων
974 2572 1143 2663 ὑπήντων.

180 2672 239 2758 οὓς
258 2674 342 2746 ἰδών
358 2671 376 2746 ὃ
394 2673 579 2766 Κάμιλλος,
604 2676 718 2746 καὶτὰ
741 2674 975 2766 συμβεβηκότα
993 2675 1146 2766 πυθόμε-

180 2805 254 2868 νος,
288 2773 408 2848 αὐτίκα
431 2777 512 2868 πρὸς
535 2777 572 2847 τὸ
596 2775 763 2868 Σούτριον
788 2773 833 2861 ὥς
858 2777 946 2869 εἶχεν
970 2775 1142 2867 ἠπείγετο·
1157 2803 1183 2846 ιε

181 2883 236 2950 καὶ
255 2875 512 2970 άπροσδοκήτως
536 2877 626 2973 αὐτῷ
650 2877 869 2970 προσβαλών,
896 2877 1090 2969 ἀφύλακτόν
1107 2907 1144 2950 τε

146 3005 171 3055 D
183 2977 303 3072 εὑράν,
322 2981 451 3062 ἀπαθὲς
470 2984 582 3052 κακῶν
601 2979 797 3072 αὐθημερὸν
814 2998 882 3063 τοῖς
900 2989 1048 3064 πολίταις
1063 2979 1145 3053 αύτδ

180 3081 379 3154 άνεσάσατο.
418 3081 663 3173 ἐθριάμβευσεν
686 3074 749 3154 οὖν
768 3086 822 3154 ἐπὶ
845 3082 973 3165 τούτοις
994 3081 1087 3173 ἄγων
1104 3087 1145 3153 τά

182 3187 326 3255 ἐπινίκια
344 3189 400 3256 καὶ
419 3189 473 3256 ε’πλ
490 3187 575 3274 μέγα
595 3184 692 3274 δόξης
709 3182 816 3276 ᾔρετο.

257 3286 397 3379 Μάρκος
417 3288 454 3358 δὲ
473 3285 623 3370 Μάλλιος
646 3285 664 3358 ὁ
683 3291 813 3376 πρῶτος
836 3284 913 3370 τούς
931 3284 1078 3369 Κελτούς
1095 3291 1141 3382 τῷ
1155 3313 1181 3358 ω

180 3409 383 3422 -n———n—-a

249 3454 317 3519 Cap.
335 3456 376 3504 24.
402 3453 545 3504 Plutarchi
562 3453 694 3504 Camillus
709 3469 731 3506 ο.
746 3457 864 3510 33-43.
889 3455 985 3507 Βίοοίι
1002 3439 1145 3504 Ηὶειοτίεε

183 3522 325 3570 Romanae
338 3521 401 3570 libri
413 3521 528 3582 perditi:
547 3523 645 3586 fragm.
658 3523 769 3575 26—28.
