2538 3824
194 198 259 262 404
519 199 840 252 Lm.x.cA1³.xxn.

196 345 352 428 χυπτίως.
388 333 725 467 κατηλλαχμένωνδ’
740 336 852 408 αὐτῶν
870 335 915 420 ῶς
934 332 1085 426 ἐδόκουν,
1105 363 1163 408 πε·
1254 335 1260 354 '⁴

196 438 364 566 ριστάντες
377 439 437 510 τόν
446 437 674 510 ’Λντώνιον
638 469 671 510 οι
687 436 761 510 τότε
779 438 940 520 συνόντες
957 469 1003 534 τῳ
990 443 1163 528 Καίσαρι
1259 451 1260 494 ἶ

196 541 349 634 ἀπῄτουν
371 541 451 630 παρ’
478 537 585 612 αὐτοῦ
607 541 648 611 τά
670 539 822 630 χρήματα
844 571 867 610 α
890 539 955 610 άπδ
980 549 1039 628 τῆς
1056 539 1162 662 μάχης

195 652 254 734 τῆς
273 648 310 714 ἐν
328 649 507 725 Φιλίπποις
524 639 710 733 ὑπέσχοντο
728 650 843 732 σφίσι,
870 639 917 712 δι’
936 672 958 711 α
942 639 1068 713 “’καὶ
1051 672 1085 725 ες
1101 643 1164 729 τὴν
1258 677 1260 680 ·

192 745 324 834 Ἀσίαν,
359 741 449 827 ὅπως
479 754 618 815 πλείστα
652 741 864 833 άθροίσειεν,
901 751 1046 815 ἔσταλτο,
1099 741 1191 816 κάνε

198 844 428 936 ἐξειργάσαυτό
444 875 476 916 τι
495 844 600 917 αὐτόν
617 846 724 935 μηδὲν
742 844 898 934 διδόντα,
930 853 962 916 εί
977 846 1022 935 μή
1040 849 1128 935 σφάς
1146 845 1164 916 ὁ

197 958 330 1039 Καίσαρ
354 951 530 1038 κατέσχεν,
562 951 670 1018 ἐλπίσι
695 955 898 1038 μετεωρίσας
922 945 1055 1029 αὐτούς.
1108 950 1164 1017 καί

198 1159 298 1242 λιμοῦ
309 1152 346 1222 δὲ
355 1149 641 1242 τοάςέντήῬῶμη
649 1157 710 1222 τοῦ
717 1153 844 1235 Σέξτου
852 1157 1166 1240 θαλασσοκρατοῦν-

197 1283 253 1336 τος
264 1255 443 1341 πιέζοντος,
460 1257 567 1323 τελῶν
580 1281 615 1324 τε
628 1259 764 1324 πολλῶν
776 1255 832 1322 καί
846 1261 1015 1324 παντοίων
1033 1257 1164 1324 ἐπιτασ-
1180 1283 1206 1322 ιο

198 1357 350 1446 σομέυων
364 1354 491 1443 αὐτοῖς,
511 1361 628 1438 δεινῶς
641 1349 819 1444 ήσχαλλον,
837 1355 894 1424 καί
907 1353 1023 1426 οὐκέθ’
1039 1353 1165 1444 ήσόχα·

201 1465 274 1546 ζου,
297 1454 383 1526 ἀλλά
406 1455 618 1545 παρεκάλουν
642 1460 730 1545 σφᾶς
754 1463 958 1528 σπείσασθαι
975 1461 1021 1550 τῷ
1039 1459 1162 1551 Σέξτῳ.

165 1558 245 1642 Βῶς
264 1556 295 1628 δ’
317 1553 379 1628 οάκ
397 1564 554 1646 ἔπειθον,
576 1557 658 1646 πρὸς
676 1558 736 1628 τὸν
753 1559 879 1642 Σέξτον
895 1556 1089 1646 ἀπέκλιναν,
1108 1561 1165 1627 καὶ

198 1658 277 1740 τούς
301 1663 338 1729 ἐν
359 1673 433 1740 ταῖς
456 1657 574 1748 ἀρχαῖς
599 1656 698 1743 ὄντας
723 1666 834 1742 λίθοις
860 1658 1023 1748 ἐξήλασαν
1047 1663 1083 1730 ἐκ
1107 1667 1167 1748 τής

198 1757 339 1850 ἀγοράς,
362 1758 421 1841 τάς
446 1787 482 1830 τε
498 1765 558 1832 τοῦ
576 1767 746 1851 Καίσαρος
763 1763 818 1831 καί
836 1767 898 1831 τοῶ
916 1760 1100 1833 Ἀντωνίου
1120 1769 1166 1832 εί·
1182 1790 1206 1831 ιι

199 1860 301 1943 κόνας
318 1864 521 1951 κατέβαλον,
545 1865 602 1932 καί
620 1859 673 1933 ἐπ’
701 1859 824 1945 αάτούς
842 1861 887 1944 ῶς
904 1859 1167 1944 ἀποκτενοῦντες

200 1969 288 2054 σφᾶς
306 1960 474 2053 ῶρμησαν.
509 1962 594 2035 ὅθεν
616 1961 883 2053 ἠναγκάσθησαν
905 1969 952 2034 τῶ
970 1969 1084 2058 Σέξτῳ
1108 1968 1166 2034 καὶ

199 2062 336 2148 ἄκοντες
356 2064 693 2190 ἐπικηρυκεύσασθαι
725 2068 780 2136 καὶ
795 2069 929 2155 πρῶτον
945 2096 1007 2156 μευ
1025 2067 1082 2136 διὰ
1098 2073 1168 2137 τῶν

202 2169 344 2260 ἑταίρων
361 2163 452 2262 αότρι
442 2169 725 2258 διειλέχθησαν,
744 2175 857 2238 ἔπειτα
875 2170 931 2238 καί
949 2163 1045 2238 αὐτοί
1064 2173 1095 2249 ἐς
1111 2169 1166 2236 λό-

200 2295 281 2358 χους
302 2261 419 2357 ήλθον.
474 2272 530 2340 καὶ
554 2273 650 2339 ἐσπεί
636 2277 750 2340 ίσαντο
774 2271 828 2340 ἐπὶ
852 2266 1055 2358 συνθήκαις,
1078 2263 1164 2338 ῶστε
1179 2295 1206 2338 ιο

200 2369 277 2452 τούς
295 2367 586 2460 αὐτομολήσαντας
611 2375 680 2442 τῶν
686 2365 832 2442 δοόλων
850 2374 1051 2459 ἐλευθέρους
1069 2369 1167 2458 εἶναι,

201 2474 257 2541 καί
281 2499 359 2552 τους
383 2470 583 2555 ἐκπεσόντας
610 2471 699 2562 πλήν
716 2475 784 2544 τῶν
801 2474 958 2562 σφαγέων
975 2482 1167 2560 κατελθεῖν,

201 2578 261 2641 καί
287 2596 371 2642 τισιν
402 2570 515 2645 αὐτῶν
541 2580 725 2665 δημαρχίας
747 2602 784 2644 τε
807 2576 863 2644 καὶ
887 2583 1086 2664 στρατηγίας
1109 2577 1168 2644 καὶ

203 2672 387 2763 ίεριοσάυας
407 2670 512 2757 εόθός
526 2680 682 2766 δοθήυαι,
700 2674 804 2746 αὐτόν
817 2677 854 2746 δὲ
868 2675 927 2747 τὸν
940 2679 1066 2760 Σέξτον
1078 2672 1170 2746 άπα-
1258 2743 1259 2748 ,

168 2774 261 2846 θτόν
282 2803 319 2845 τε
342 2781 521 2867 αίρεθήναι
543 2781 599 2848 καί
622 2777 801 2866 οἰωνιστήν
829 2775 1074 2868 ἀποδειχθῆναι
1104 2775 1206 2848 κάκιε

201 2884 259 2966 τής
284 2877 440 2972 πατρῴας
463 2877 580 2961 οὐσίας
602 2887 706 2969 χιλίας
723 2887 942 2961 πεντακοσίας
960 2877 1170 2968 πεντήκοντα
1258 2911 1260 2932 ⁴

201 2977 365 3068 μυριάδας
397 2985 554 3071 δραχμῶν
583 2989 805 3071 κομίσασθαι,
838 2984 894 3052 καὶ
924 2987 1081 3063 Σικελίας
1111 2984 1171 3052 καί
1259 3061 1260 3064 ¹

202 3087 415 3168 Σαρδους
375 3110 433 3170 της
450 3109 486 3152 τε
499 3081 632 3172 Ἀχαίας
650 3086 690 3154 ἐπ
666 3085 821 3154 ππέυτελ
839 3091 895 3172 ἔτη
912 3081 1084 3171 ἀρξαι,
1044 3113 1090 3173 μη
1109 3079 1170 3152 αὖ·

201 3179 361 3268 τομόλονς
381 3181 578 3273 δεχόμενον,
602 3182 647 3274 μή
665 3191 749 3266 ναῦς
768 3184 1011 3274 ἐπικτῶμενον,
1028 3183 1076 3274 μή
1091 3211 1170 3255 τινα
1259 3227 1260 3230 ¹

204 3281 241 3348 ἐν
264 3285 304 3370 τῇ
326 3279 446 3374 Ἰταλίᾳ
469 3291 586 3374 ἔχοντα
603 3285 768 3408 φρούρια,
794 3282 878 3358 ἀλλά
895 3286 957 3374 τήν
974 3315 1010 3357 τε
1028 3285 1169 3380 είρήνην
1181 3311 1204 3351 ιο
1256 3303 1260 3370 ¹,

203 3377 266 3464 τήν
296 3385 333 3450 ἐν
361 3411 401 3471 τη
424 3357 580 3476 θαλάσση
603 3383 688 3478 αάτή
710 3386 961 3475 πρυτανεύοντα
985 3388 1040 3458 καὶ
1072 3406 1168 3460 σῖτον
1258 3383 1260 3456 i

203 3493 272 3559 τοϊς
243 3482 384 3548 τίν
344 3509 384 3570 τη
402 3481 496 3553 πόλει
513 3485 633 3558 τακτόν
651 3490 830 3578 πέμποντα.
1258 3493 1260 3522 ¹
