<?xml version="1.0" encoding="UTF-8"?>
<!DOCTYPE html PUBLIC "-//W3C//DTD XHTML 1.0 Transitional//EN"
    "http://www.w3.org/TR/xhtml1/DTD/xhtml1-transitional.dtd">
<html xmlns="http://www.w3.org/1999/xhtml" xml:lang="en" lang="en">
 <head>
  <title>
</title>
<meta http-equiv="Content-Type" content="text/html;charset=utf-8" />
  <meta name='ocr-system' content='tesseract 3.04.00' />
  <meta name='ocr-capabilities' content='ocr_page ocr_carea ocr_par ocr_line ocrx_word'/>
</head>
<body>
  <div class='ocr_page' id='page_1' title='image "./iannoutouznapae01canggoog_0417.png"; bbox 0 0 2538 3824; ppageno 0'>
   <div class='ocr_carea' id='block_1_1' title="bbox 210 162 856 225">
    <p class='ocr_par' dir='ltr' id='par_1_1' title="bbox 210 162 856 225">
     <span class='ocr_line' id='line_1_1' title="bbox 210 162 856 225; baseline -0.012 0"><span class='ocrx_word' id='word_1_1' title='bbox 210 162 274 225; x_wconf 82' lang='lat'><strong><em>410</em></strong></span> <span class='ocrx_word' id='word_1_2' title='bbox 528 165 599 216; x_wconf 78' lang='lat' dir='ltr'><strong><em>Lm.</em></strong></span> <span class='ocrx_word' id='word_1_3' title='bbox 612 163 646 218; x_wconf 77' lang='lat' dir='ltr'><strong><em>X.</em></strong></span> <span class='ocrx_word' id='word_1_4' title='bbox 665 164 744 218; x_wconf 73' lang='grc' dir='ltr'><strong><em>σεο,</em></strong></span> <span class='ocrx_word' id='word_1_5' title='bbox 757 165 856 217; x_wconf 82' lang='lat' dir='ltr'><strong>xxw.</strong></span> 
     </span>
    </p>
   </div>
   <div class='ocr_carea' id='block_1_2' title="bbox 106 299 1268 3545">
    <p class='ocr_par' dir='ltr' id='par_1_2' title="bbox 210 299 1268 1105">
     <span class='ocr_line' id='line_1_2' title="bbox 287 299 1268 426; baseline -0.001 -53"><span class='ocrx_word' id='word_1_6' title='bbox 287 304 355 373; x_wconf 80' lang='grc' dir='ltr'><strong><em>Καὶ</em></strong></span> <span class='ocrx_word' id='word_1_7' title='bbox 369 299 544 384; x_wconf 85' lang='grc' dir='ltr'><strong><em>Ἀντοόνιος</em></strong></span> <span class='ocrx_word' id='word_1_8' title='bbox 561 303 624 392; x_wconf 79' lang='grc' dir='ltr'><strong><em>μέν</em></strong></span> <span class='ocrx_word' id='word_1_9' title='bbox 642 309 690 384; x_wconf 86' lang='grc' dir='ltr'><strong><em>είς</em></strong></span> <span class='ocrx_word' id='word_1_10' title='bbox 706 311 840 426; x_wconf 80' lang='grc' dir='ltr'><strong><em>Συρίαν</em></strong></span> <span class='ocrx_word' id='word_1_11' title='bbox 856 301 1022 392; x_wconf 78' lang='grc' dir='ltr'><strong><em>ἠπείγετο,</em></strong></span> <span class='ocrx_word' id='word_1_12' title='bbox 1041 311 1176 391; x_wconf 84' lang='grc' dir='ltr'><strong><em>Καῖσαρ</em></strong></span> <span class='ocrx_word' id='word_1_13' title='bbox 1267 345 1268 394; x_wconf 69' lang='lat'>3</span> 
     </span>
     <span class='ocr_line' id='line_1_3' title="bbox 212 401 1268 495; baseline 0.001 -21"><span class='ocrx_word' id='word_1_14' title='bbox 212 405 249 474; x_wconf 90' lang='grc' dir='ltr'><strong><em>δε</em></strong></span> <span class='ocrx_word' id='word_1_15' title='bbox 273 411 320 486; x_wconf 88' lang='grc' dir='ltr'><strong><em>είς</em></strong></span> <span class='ocrx_word' id='word_1_16' title='bbox 344 407 403 475; x_wconf 90' lang='grc' dir='ltr'><strong><em>τὸν</em></strong></span> <span class='ocrx_word' id='word_1_17' title='bbox 429 407 510 492; x_wconf 86' lang='grc' dir='ltr'><strong><em>πρὸς</em></strong></span> <span class='ocrx_word' id='word_1_18' title='bbox 533 407 659 488; x_wconf 79' lang='grc' dir='ltr'><strong><em>Σέξτον</em></strong></span> <span class='ocrx_word' id='word_1_19' title='bbox 681 403 827 495; x_wconf 87' lang='grc' dir='ltr'><strong><em>πόλεμον</em></strong></span> <span class='ocrx_word' id='word_1_20' title='bbox 852 403 1050 494; x_wconf 72' lang='grc' dir='ltr'><em>ἡτοιμάζετο.</em></span> <span class='ocrx_word' id='word_1_21' title='bbox 1094 401 1177 475; x_wconf 70' lang='grc' dir='ltr'><strong><em>ὅδὲ</em></strong></span> <span class='ocrx_word' id='word_1_22' title='bbox 1266 419 1268 454; x_wconf 73' lang='lat'><em>³</em></span> 
     </span>
     <span class='ocr_line' id='line_1_4' title="bbox 211 496 1264 608; baseline -0.002 -30"><span class='ocrx_word' id='word_1_23' title='bbox 211 509 334 608; x_wconf 77' lang='grc' dir='ltr'><strong><em>Μηνᾶς</em></strong></span> <span class='ocrx_word' id='word_1_24' title='bbox 351 504 434 595; x_wconf 88' lang='grc' dir='ltr'><strong><em>πρός</em></strong></span> <span class='ocrx_word' id='word_1_25' title='bbox 451 507 512 576; x_wconf 86' lang='grc' dir='ltr'><strong><em>τόν</em></strong></span> <span class='ocrx_word' id='word_1_26' title='bbox 529 507 655 589; x_wconf 79' lang='grc' dir='ltr'><strong><em>Σέξτον</em></strong></span> <span class='ocrx_word' id='word_1_27' title='bbox 673 496 773 588; x_wconf 79' lang='grc' dir='ltr'><strong><em>αὖθις</em></strong></span> <span class='ocrx_word' id='word_1_28' title='bbox 790 503 1120 596; x_wconf 80' lang='grc' dir='ltr'><strong><em>ἄπηυτομόλησεν,”</em></strong></span> <span class='ocrx_word' id='word_1_29' title='bbox 1099 533 1176 576; x_wconf 87' lang='grc' dir='ltr'><strong><em>απι·</em></strong></span> <span class='ocrx_word' id='word_1_30' title='bbox 1261 549 1264 554; x_wconf 71' lang='lat'><em>,</em></span> 
     </span>
     <span class='ocr_line' id='line_1_5' title="bbox 212 602 1176 732; baseline 0.002 -54"><span class='ocrx_word' id='word_1_31' title='bbox 212 630 288 688; x_wconf 83' lang='grc' dir='ltr'><strong><em>στος</em></strong></span> <span class='ocrx_word' id='word_1_32' title='bbox 306 602 355 679; x_wconf 78' lang='grc' dir='ltr'><strong><em>τόν</em></strong></span> <span class='ocrx_word' id='word_1_33' title='bbox 372 610 428 677; x_wconf 87' lang='grc' dir='ltr'><strong><em>καλ</em></strong></span> <span class='ocrx_word' id='word_1_34' title='bbox 446 606 648 696; x_wconf 78' lang='grc' dir='ltr'><strong><em>θεραπεύων</em></strong></span> <span class='ocrx_word' id='word_1_35' title='bbox 665 606 772 678; x_wconf 85' lang='grc' dir='ltr'><strong><em>όελ</em></strong></span> <span class='ocrx_word' id='word_1_36' title='bbox 728 637 776 681; x_wconf 90' lang='grc' dir='ltr'><strong><em>τα</em></strong></span> <span class='ocrx_word' id='word_1_37' title='bbox 792 637 851 678; x_wconf 88' lang='grc' dir='ltr'><strong><em>του</em></strong></span> <span class='ocrx_word' id='word_1_38' title='bbox 836 612 1059 732; x_wconf 80' lang='grc' dir='ltr'><strong><em>κρείττρνος.</em></strong></span> <span class='ocrx_word' id='word_1_39' title='bbox 1091 617 1176 680; x_wconf 85' lang='grc' dir='ltr'><strong><em>Και-</em></strong></span> 
     </span>
     <span class='ocr_line' id='line_1_6' title="bbox 211 708 1218 836; baseline 0 -56"><span class='ocrx_word' id='word_1_40' title='bbox 211 731 275 798; x_wconf 89' lang='grc' dir='ltr'><strong><em>σαρ</em></strong></span> <span class='ocrx_word' id='word_1_41' title='bbox 294 709 332 779; x_wconf 74' lang='grc' dir='ltr'><strong><em>δέ</em></strong></span> <span class='ocrx_word' id='word_1_42' title='bbox 348 737 408 780; x_wconf 92' lang='grc' dir='ltr'><strong><em>του</em></strong></span> <span class='ocrx_word' id='word_1_43' title='bbox 395 715 523 798; x_wconf 80' lang='grc' dir='ltr'><strong><em>ἔαρος</em></strong></span> <span class='ocrx_word' id='word_1_44' title='bbox 541 708 779 792; x_wconf 73' lang='grc' dir='ltr'><strong><em>έπιστόντος“</em></strong></span> <span class='ocrx_word' id='word_1_45' title='bbox 752 731 893 836; x_wconf 81' lang='grc' dir='ltr'><strong><em>ωρμησε</em></strong></span> <span class='ocrx_word' id='word_1_46' title='bbox 901 709 984 780; x_wconf 79' lang='grc' dir='ltr'><strong><em>κατὰ</em></strong></span> <span class='ocrx_word' id='word_1_47' title='bbox 1000 714 1058 800; x_wconf 84' lang='grc' dir='ltr'><strong><em>της</em></strong></span> <span class='ocrx_word' id='word_1_48' title='bbox 1075 723 1175 784; x_wconf 84' lang='grc' dir='ltr'><strong><em>Σικε·</em></strong></span> <span class='ocrx_word' id='word_1_49' title='bbox 1204 736 1218 780; x_wconf 80' lang='grc' dir='ltr'><strong><em>ε</em></strong></span> 
     </span>
     <span class='ocr_line' id='line_1_7' title="bbox 210 807 1177 906; baseline 0.001 -26"><span class='ocrx_word' id='word_1_50' title='bbox 210 819 301 898; x_wconf 87' lang='grc' dir='ltr'><strong><em>λίας,</em></strong></span> <span class='ocrx_word' id='word_1_51' title='bbox 319 827 492 901; x_wconf 80' lang='grc' dir='ltr'><strong><em>περισχεῖν</em></strong></span> <span class='ocrx_word' id='word_1_52' title='bbox 510 813 646 894; x_wconf 78' lang='grc' dir='ltr'><strong><em>ἐλπίσας</em></strong></span> <span class='ocrx_word' id='word_1_53' title='bbox 661 818 708 904; x_wconf 76' lang='grc' dir='ltr'><strong><em>τῷ</em></strong></span> <span class='ocrx_word' id='word_1_54' title='bbox 726 809 833 906; x_wconf 80' lang='grc' dir='ltr'><strong><em>στόλῳ</em></strong></span> <span class='ocrx_word' id='word_1_55' title='bbox 850 807 973 900; x_wconf 84' lang='grc' dir='ltr'><strong><em>αύτήν,</em></strong></span> <span class='ocrx_word' id='word_1_56' title='bbox 999 813 1056 882; x_wconf 83' lang='grc' dir='ltr'><strong><em>καὶ</em></strong></span> <span class='ocrx_word' id='word_1_57' title='bbox 1072 841 1119 904; x_wconf 79' lang='grc' dir='ltr'><strong><em>τῳ</em></strong></span> <span class='ocrx_word' id='word_1_58' title='bbox 1138 838 1177 882; x_wconf 90' lang='grc' dir='ltr'><strong><em>τε</em></strong></span> 
     </span>
     <span class='ocr_line' id='line_1_8' title="bbox 210 910 1177 1006; baseline 0 -22"><span class='ocrx_word' id='word_1_59' title='bbox 210 911 335 1001; x_wconf 79' lang='grc' dir='ltr'><strong><em>πλήθει</em></strong></span> <span class='ocrx_word' id='word_1_60' title='bbox 352 910 566 1004; x_wconf 75' lang='grc' dir='ltr'><strong><em>τεθαρρηκός</em></strong></span> <span class='ocrx_word' id='word_1_61' title='bbox 583 919 651 984; x_wconf 78' lang='grc' dir='ltr'><strong><em>τῶν</em></strong></span> <span class='ocrx_word' id='word_1_62' title='bbox 668 916 809 1002; x_wconf 72' lang='grc' dir='ltr'><strong><em>σκαφῶν</em></strong></span> <span class='ocrx_word' id='word_1_63' title='bbox 826 915 882 982; x_wconf 82' lang='grc' dir='ltr'><strong><em>καῖ</em></strong></span> <span class='ocrx_word' id='word_1_64' title='bbox 899 916 945 1006; x_wconf 76' lang='grc' dir='ltr'><strong><em>τῷ</em></strong></span> <span class='ocrx_word' id='word_1_65' title='bbox 963 917 1101 1003; x_wconf 77' lang='grc' dir='ltr'><strong><em>μεγέθει</em></strong></span> <span class='ocrx_word' id='word_1_66' title='bbox 1117 917 1177 984; x_wconf 79' lang='grc' dir='ltr'><strong><em>καὶ</em></strong></span> 
     </span>
     <span class='ocr_line' id='line_1_9' title="bbox 210 1011 1176 1105; baseline -0.001 -20"><span class='ocrx_word' id='word_1_67' title='bbox 210 1031 279 1098; x_wconf 90' lang='grc' dir='ltr'><strong><em>τοῖς</em></strong></span> <span class='ocrx_word' id='word_1_68' title='bbox 304 1013 443 1105; x_wconf 75' lang='grc' dir='ltr'><strong><em>πύργοις</em></strong></span> <span class='ocrx_word' id='word_1_69' title='bbox 467 1011 517 1097; x_wconf 83' lang='grc' dir='ltr'><strong><em>οἷς</em></strong></span> <span class='ocrx_word' id='word_1_70' title='bbox 540 1023 680 1104; x_wconf 76' lang='grc' dir='ltr'><strong><em>ἔφερον,</em></strong></span> <span class='ocrx_word' id='word_1_71' title='bbox 704 1011 750 1086; x_wconf 78' lang='grc' dir='ltr'><strong><em>ἵν’</em></strong></span> <span class='ocrx_word' id='word_1_72' title='bbox 777 1019 810 1098; x_wconf 77' lang='grc' dir='ltr'><strong><em>ἐξ</em></strong></span> <span class='ocrx_word' id='word_1_73' title='bbox 834 1013 947 1086; x_wconf 74' lang='grc' dir='ltr'><strong><em>αὐτῶν</em></strong></span> <span class='ocrx_word' id='word_1_74' title='bbox 964 1011 1008 1097; x_wconf 76' lang='grc' dir='ltr'><strong><em>ολς</em></strong></span> <span class='ocrx_word' id='word_1_75' title='bbox 1025 1012 1090 1085; x_wconf 85' lang='grc' dir='ltr'><strong><em>εἰπό</em></strong></span> <span class='ocrx_word' id='word_1_76' title='bbox 1108 1023 1176 1084; x_wconf 88' lang='grc' dir='ltr'><strong><em>τεί-</em></strong></span> 
     </span>
    </p>

    <p class='ocr_par' dir='ltr' id='par_1_3' title="bbox 177 1111 1268 2327">
     <span class='ocr_line' id='line_1_10' title="bbox 177 1111 1176 1206; baseline 0.001 -21"><span class='ocrx_word' id='word_1_77' title='bbox 177 1134 294 1206; x_wconf 76' lang='grc' dir='ltr'><strong><em>Βχους</em></strong></span> <span class='ocrx_word' id='word_1_78' title='bbox 324 1121 356 1201; x_wconf 80' lang='grc' dir='ltr'><strong><em>ἐξ</em></strong></span> <span class='ocrx_word' id='word_1_79' title='bbox 386 1112 595 1204; x_wconf 77' lang='grc' dir='ltr'><strong><em>ὑπερδεξίων</em></strong></span> <span class='ocrx_word' id='word_1_80' title='bbox 624 1111 920 1204; x_wconf 79' lang='grc' dir='ltr'><strong><em>όνταγωνίζωνται.</em></strong></span> <span class='ocrx_word' id='word_1_81' title='bbox 972 1115 1104 1187; x_wconf 78' lang='grc' dir='ltr'><strong><em>ἀπιόντι</em></strong></span> <span class='ocrx_word' id='word_1_82' title='bbox 1136 1118 1176 1186; x_wconf 73' lang='grc' dir='ltr'><strong><em>δὲ</em></strong></span> 
     </span>
     <span class='ocr_line' id='line_1_11' title="bbox 210 1215 1216 1308; baseline -0.003 -18"><span class='ocrx_word' id='word_1_83' title='bbox 210 1215 333 1308; x_wconf 73' lang='grc' dir='ltr'><strong><em>χειμολν</em></strong></span> <span class='ocrx_word' id='word_1_84' title='bbox 350 1221 477 1308; x_wconf 77' lang='grc' dir='ltr'><strong><em>συνέβη</em></strong></span> <span class='ocrx_word' id='word_1_85' title='bbox 495 1216 679 1307; x_wconf 75' lang='grc' dir='ltr'><strong><em>βαρύτατος</em></strong></span> <span class='ocrx_word' id='word_1_86' title='bbox 702 1221 757 1289; x_wconf 83' lang='grc' dir='ltr'><strong><em>καί</em></strong></span> <span class='ocrx_word' id='word_1_87' title='bbox 775 1216 899 1298; x_wconf 81' lang='grc' dir='ltr'><strong><em>πολλός</em></strong></span> <span class='ocrx_word' id='word_1_88' title='bbox 916 1223 1002 1300; x_wconf 82' lang='grc' dir='ltr'><strong><em>ναῦς</em></strong></span> <span class='ocrx_word' id='word_1_89' title='bbox 1022 1227 1173 1308; x_wconf 78' lang='grc' dir='ltr'><strong><em>ἔφθειρε,</em></strong></span> <span class='ocrx_word' id='word_1_90' title='bbox 1190 1248 1216 1288; x_wconf 78' lang='grc' dir='ltr'><strong><em>ιο</em></strong></span> 
     </span>
     <span class='ocr_line' id='line_1_12' title="bbox 210 1315 1178 1444; baseline 0.001 -54"><span class='ocrx_word' id='word_1_91' title='bbox 210 1324 266 1391; x_wconf 85' lang='grc' dir='ltr'><strong><em>καλ</em></strong></span> <span class='ocrx_word' id='word_1_92' title='bbox 288 1315 306 1390; x_wconf 90' lang='lat'>6</span> <span class='ocrx_word' id='word_1_93' title='bbox 325 1325 448 1410; x_wconf 78' lang='grc' dir='ltr'><strong><em>Μηνᾶς</em></strong></span> <span class='ocrx_word' id='word_1_94' title='bbox 470 1336 543 1402; x_wconf 88' lang='grc' dir='ltr'><strong><em>ταῖς</em></strong></span> <span class='ocrx_word' id='word_1_95' title='bbox 560 1329 691 1401; x_wconf 77' lang='grc' dir='ltr'><strong><em>λοιπαῖς</em></strong></span> <span class='ocrx_word' id='word_1_96' title='bbox 707 1316 963 1409; x_wconf 73' lang='grc' dir='ltr'><strong><em>τεταραγμέναις</em></strong></span> <span class='ocrx_word' id='word_1_97' title='bbox 982 1323 1178 1444; x_wconf 82' lang='grc' dir='ltr'><strong><em>έπενεχθελς</em></strong></span> 
     </span>
     <span class='ocr_line' id='line_1_13' title="bbox 210 1413 1268 1514; baseline 0 -22"><span class='ocrx_word' id='word_1_98' title='bbox 210 1419 335 1513; x_wconf 90' lang='grc' dir='ltr'><strong><em>συχνας</em></strong></span> <span class='ocrx_word' id='word_1_99' title='bbox 352 1425 414 1512; x_wconf 78' lang='grc' dir='ltr'><strong><em>μέν</em></strong></span> <span class='ocrx_word' id='word_1_100' title='bbox 429 1429 570 1511; x_wconf 81' lang='grc' dir='ltr'><strong><em>ἔκαυσε,</em></strong></span> <span class='ocrx_word' id='word_1_101' title='bbox 589 1418 697 1504; x_wconf 89' lang='grc' dir='ltr'><strong><em>ταςδ’</em></strong></span> <span class='ocrx_word' id='word_1_102' title='bbox 719 1418 912 1511; x_wconf 80' lang='grc' dir='ltr'><strong><em>ἆνεδησατο.</em></strong></span> <span class='ocrx_word' id='word_1_103' title='bbox 948 1428 980 1492; x_wconf 86' lang='grc' dir='ltr'><strong><em>εί</em></strong></span> <span class='ocrx_word' id='word_1_104' title='bbox 997 1421 1092 1492; x_wconf 72' lang='grc' dir='ltr'><strong><em>δέ</em></strong></span> <span class='ocrx_word' id='word_1_105' title='bbox 1050 1449 1096 1512; x_wconf 90' lang='grc' dir='ltr'><strong><em>μη</em></strong></span> <span class='ocrx_word' id='word_1_106' title='bbox 1114 1413 1176 1492; x_wconf 84' lang='grc' dir='ltr'><strong><em>αὖ·</em></strong></span> <span class='ocrx_word' id='word_1_107' title='bbox 1267 1511 1268 1514; x_wconf 9' lang='lat'>¹</span> 
     </span>
     <span class='ocr_line' id='line_1_14' title="bbox 209 1515 1177 1650; baseline 0 -56"><span class='ocrx_word' id='word_1_108' title='bbox 209 1537 267 1606; x_wconf 85' lang='grc' dir='ltr'><strong><em>θις</em></strong></span> <span class='ocrx_word' id='word_1_109' title='bbox 290 1530 337 1618; x_wconf 77' lang='grc' dir='ltr'><strong><em>τῷ</em></strong></span> <span class='ocrx_word' id='word_1_110' title='bbox 359 1531 505 1612; x_wconf 85' lang='grc' dir='ltr'><strong><em>Καίσαρι</em></strong></span> <span class='ocrx_word' id='word_1_111' title='bbox 528 1521 763 1650; x_wconf 72' lang='grc' dir='ltr'><strong><em>προσεχώρησε</em></strong></span> <span class='ocrx_word' id='word_1_112' title='bbox 793 1523 909 1593; x_wconf 88' lang='grc' dir='ltr'><strong><em>καὶ</em></strong></span> <span class='ocrx_word' id='word_1_113' title='bbox 877 1553 914 1594; x_wconf 94' lang='grc' dir='ltr'><strong><em>το</em></strong></span> <span class='ocrx_word' id='word_1_114' title='bbox 944 1523 1103 1594; x_wconf 89' lang='grc' dir='ltr'><strong><em>ναυτικὸν</em></strong></span> <span class='ocrx_word' id='word_1_115' title='bbox 1132 1515 1177 1594; x_wconf 79' lang='grc' dir='ltr'><strong><em>οὗ</em></strong></span> 
     </span>
     <span class='ocr_line' id='line_1_15' title="bbox 210 1617 1268 1752; baseline 0.004 -60"><span class='ocrx_word' id='word_1_116' title='bbox 210 1617 290 1715; x_wconf 77' lang='grc' dir='ltr'><strong><em>ἦρχε</em></strong></span> <span class='ocrx_word' id='word_1_117' title='bbox 312 1629 522 1714; x_wconf 84' lang='grc' dir='ltr'><strong><em>προέδωκεν,</em></strong></span> <span class='ocrx_word' id='word_1_118' title='bbox 551 1631 598 1708; x_wconf 88' lang='grc' dir='ltr'><strong><em>είς</em></strong></span> <span class='ocrx_word' id='word_1_119' title='bbox 621 1625 722 1696; x_wconf 86' lang='grc' dir='ltr'><strong><em>κενὸν</em></strong></span> <span class='ocrx_word' id='word_1_120' title='bbox 738 1623 782 1694; x_wconf 80' lang='grc' dir='ltr'><strong><em>δν</em></strong></span> <span class='ocrx_word' id='word_1_121' title='bbox 799 1624 910 1696; x_wconf 74' lang='grc' dir='ltr'><strong><em>καῖ’</em></strong></span> <span class='ocrx_word' id='word_1_122' title='bbox 871 1653 945 1696; x_wconf 92' lang='grc' dir='ltr'><strong><em>τοτε</em></strong></span> <span class='ocrx_word' id='word_1_123' title='bbox 961 1632 1008 1720; x_wconf 78' lang='grc' dir='ltr'><strong><em>τῷ</em></strong></span> <span class='ocrx_word' id='word_1_124' title='bbox 1028 1633 1175 1752; x_wconf 86' lang='grc' dir='ltr'><strong><em>Καίσαρι</em></strong></span> <span class='ocrx_word' id='word_1_125' title='bbox 1267 1635 1268 1638; x_wconf 70' lang='grc'>’</span> 
     </span>
     <span class='ocr_line' id='line_1_16' title="bbox 209 1725 1214 1853; baseline 0.002 -57"><span class='ocrx_word' id='word_1_126' title='bbox 209 1726 227 1796; x_wconf 87' lang='grc' dir='ltr'>ὁ</span> <span class='ocrx_word' id='word_1_127' title='bbox 253 1729 413 1808; x_wconf 79' lang='grc' dir='ltr'><strong><em>ἐπίπλους</em></strong></span> <span class='ocrx_word' id='word_1_128' title='bbox 438 1728 576 1816; x_wconf 82' lang='grc' dir='ltr'><strong><em>ἐγένετο.</em></strong></span> <span class='ocrx_word' id='word_1_129' title='bbox 612 1725 820 1817; x_wconf 77' lang='grc' dir='ltr'><strong><em>ηὐτομόλησε</em></strong></span> <span class='ocrx_word' id='word_1_130' title='bbox 845 1725 921 1797; x_wconf 87' lang='grc' dir='ltr'><strong><em>δ’ὁ</em></strong></span> <span class='ocrx_word' id='word_1_131' title='bbox 941 1733 1064 1816; x_wconf 84' lang='grc' dir='ltr'><strong><em>Μηνας</em></strong></span> <span class='ocrx_word' id='word_1_132' title='bbox 1088 1729 1175 1853; x_wconf 78' lang='grc' dir='ltr'><strong><em>πρὸς</em></strong></span> <span class='ocrx_word' id='word_1_133' title='bbox 1189 1757 1214 1798; x_wconf 84' lang='lat'><strong><em>15</em></strong></span> 
     </span>
     <span class='ocr_line' id='line_1_17' title="bbox 209 1823 1175 1920; baseline 0.002 -23"><span class='ocrx_word' id='word_1_134' title='bbox 209 1825 300 1898; x_wconf 78' lang='grc' dir='ltr'><strong><em>ἅπαν</em></strong></span> <span class='ocrx_word' id='word_1_135' title='bbox 316 1825 406 1920; x_wconf 76' lang='grc' dir='ltr'><strong><em>παρὰ</em></strong></span> <span class='ocrx_word' id='word_1_136' title='bbox 422 1857 483 1898; x_wconf 91' lang='grc' dir='ltr'><strong><em>του</em></strong></span> <span class='ocrx_word' id='word_1_137' title='bbox 472 1826 662 1912; x_wconf 68' lang='grc' dir='ltr'><strong><em>Σίξτου’</em></strong></span> <span class='ocrx_word' id='word_1_138' title='bbox 643 1829 930 1918; x_wconf 86' lang='grc' dir='ltr'><strong><em>νποπτευόμενος·</em></strong></span> <span class='ocrx_word' id='word_1_139' title='bbox 964 1823 1039 1898; x_wconf 78' lang='grc' dir='ltr'><strong><em>ἄλλ’</em></strong></span> <span class='ocrx_word' id='word_1_140' title='bbox 1059 1825 1172 1899; x_wconf 73' lang='grc' dir='ltr'><strong><em>οὐδΗ</em></strong></span> <span class='ocrx_word' id='word_1_141' title='bbox 1156 1859 1175 1899; x_wconf 94' lang='grc' dir='ltr'><strong><em>ο</em></strong></span> 
     </span>
     <span class='ocr_line' id='line_1_18' title="bbox 209 1926 1175 2024; baseline 0.002 -24"><span class='ocrx_word' id='word_1_142' title='bbox 209 1939 342 2020; x_wconf 85' lang='grc' dir='ltr'><strong><em>Καῖσαρ</em></strong></span> <span class='ocrx_word' id='word_1_143' title='bbox 366 1938 429 2000; x_wconf 82' lang='grc' dir='ltr'><strong><em>ἔτι</em></strong></span> <span class='ocrx_word' id='word_1_144' title='bbox 437 1926 529 2024; x_wconf 75' lang='grc' dir='ltr'><strong><em>αύτῷ</em></strong></span> <span class='ocrx_word' id='word_1_145' title='bbox 552 1933 734 2002; x_wconf 79' lang='grc' dir='ltr'><strong><em>ἐπίστευεν.</em></strong></span> <span class='ocrx_word' id='word_1_146' title='bbox 770 1932 841 2002; x_wconf 76' lang='grc' dir='ltr'><strong><em>ἐπεὶ</em></strong></span> <span class='ocrx_word' id='word_1_147' title='bbox 868 1933 904 2001; x_wconf 85' lang='grc' dir='ltr'><strong><em>δε</em></strong></span> <span class='ocrx_word' id='word_1_148' title='bbox 929 1927 989 2001; x_wconf 84' lang='grc' dir='ltr'><strong><em>τόν</em></strong></span> <span class='ocrx_word' id='word_1_149' title='bbox 1011 1927 1173 2002; x_wconf 90' lang='grc' dir='ltr'><strong><em>στόλου</em></strong></span> <span class='ocrx_word' id='word_1_150' title='bbox 1156 1961 1175 2002; x_wconf 94' lang='grc' dir='ltr'><strong><em>ο</em></strong></span> 
     </span>
     <span class='ocr_line' id='line_1_19' title="bbox 209 2021 1174 2157; baseline 0 -55"><span class='ocrx_word' id='word_1_151' title='bbox 209 2041 342 2157; x_wconf 84' lang='grc' dir='ltr'><strong><em>Καῖσαρ</em></strong></span> <span class='ocrx_word' id='word_1_152' title='bbox 360 2021 463 2114; x_wconf 76' lang='grc' dir='ltr'><strong><em>αὖθις</em></strong></span> <span class='ocrx_word' id='word_1_153' title='bbox 480 2028 695 2121; x_wconf 81' lang='grc' dir='ltr'><strong><em>όνεκτησατο,</em></strong></span> <span class='ocrx_word' id='word_1_154' title='bbox 719 2039 766 2114; x_wconf 87' lang='grc' dir='ltr'><strong><em>είς</em></strong></span> <span class='ocrx_word' id='word_1_155' title='bbox 783 2060 846 2120; x_wconf 92' lang='grc' dir='ltr'><strong><em>την</em></strong></span> <span class='ocrx_word' id='word_1_156' title='bbox 862 2059 1002 2154; x_wconf 80' lang='grc' dir='ltr'><strong><em>ηπειρον</em></strong></span> <span class='ocrx_word' id='word_1_157' title='bbox 1018 2027 1174 2122; x_wconf 77' lang='grc' dir='ltr'><strong><em>ἀνεκομί-</em></strong></span> 
     </span>
     <span class='ocr_line' id='line_1_20' title="bbox 209 2129 1268 2224; baseline 0.001 -21"><span class='ocrx_word' id='word_1_158' title='bbox 209 2133 332 2223; x_wconf 88' lang='grc' dir='ltr'><strong><em>σθη,</em></strong></span> <span class='ocrx_word' id='word_1_159' title='bbox 309 2161 353 2216; x_wconf 83' lang='grc' dir='ltr'><strong><em>ως</em></strong></span> <span class='ocrx_word' id='word_1_160' title='bbox 371 2162 407 2205; x_wconf 93' lang='grc' dir='ltr'><strong><em>το</em></strong></span> <span class='ocrx_word' id='word_1_161' title='bbox 397 2131 522 2220; x_wconf 80' lang='grc' dir='ltr'><strong><em>πεζόν</em></strong></span> <span class='ocrx_word' id='word_1_162' title='bbox 533 2139 594 2204; x_wconf 82' lang='grc' dir='ltr'><strong><em>τοῦ</em></strong></span> <span class='ocrx_word' id='word_1_163' title='bbox 607 2133 849 2224; x_wconf 79' lang='grc' dir='ltr'><strong><em>στρατεύματος</em></strong></span> <span class='ocrx_word' id='word_1_164' title='bbox 864 2129 959 2215; x_wconf 88' lang='grc' dir='ltr'><strong><em>είς</em></strong></span> <span class='ocrx_word' id='word_1_165' title='bbox 924 2162 986 2221; x_wconf 90' lang='grc' dir='ltr'><strong><em>την</em></strong></span> <span class='ocrx_word' id='word_1_166' title='bbox 999 2142 1173 2221; x_wconf 90' lang='grc' dir='ltr'><strong><em>Σικελίαν,</em></strong></span> <span class='ocrx_word' id='word_1_167' title='bbox 1266 2155 1268 2210; x_wconf 85' lang='lat' dir='ltr'>j</span> 
     </span>
     <span class='ocr_line' id='line_1_21' title="bbox 209 2233 1268 2327; baseline -0.003 -21"><span class='ocrx_word' id='word_1_168' title='bbox 209 2263 264 2306; x_wconf 94' lang='grc' dir='ltr'><strong><em>οτε</em></strong></span> <span class='ocrx_word' id='word_1_169' title='bbox 288 2235 420 2326; x_wconf 89' lang='grc' dir='ltr'><strong><em>καιρός,</em></strong></span> <span class='ocrx_word' id='word_1_170' title='bbox 444 2233 652 2327; x_wconf 72' lang='grc' dir='ltr'><strong><em>περαιώσων.</em></strong></span> <span class='ocrx_word' id='word_1_171' title='bbox 694 2234 833 2307; x_wconf 73' lang='grc' dir='ltr'><strong><em>ὁδέΣ</em></strong></span> <span class='ocrx_word' id='word_1_172' title='bbox 799 2238 920 2320; x_wconf 79' lang='grc' dir='ltr'><strong><em>Σέξτος</em></strong></span> <span class='ocrx_word' id='word_1_173' title='bbox 943 2240 981 2306; x_wconf 84' lang='grc' dir='ltr'><strong><em>έν</em></strong></span> <span class='ocrx_word' id='word_1_174' title='bbox 1004 2233 1169 2325; x_wconf 83' lang='grc' dir='ltr'><strong><em>Μεσσήνῃ</em></strong></span> <span class='ocrx_word' id='word_1_175' title='bbox 1183 2263 1213 2304; x_wconf 80' lang='grc' dir='ltr'><strong><em>εο</em></strong></span> <span class='ocrx_word' id='word_1_176' title='bbox 1266 2261 1268 2270; x_wconf 75' lang='grc'>’</span> 
     </span>
    </p>

    <p class='ocr_par' dir='ltr' id='par_1_4' title="bbox 106 2333 1268 3545">
     <span class='ocr_line' id='line_1_22' title="bbox 108 2333 1173 2431; baseline -0.004 -21"><span class='ocrx_word' id='word_1_177' title='bbox 108 2335 268 2412; x_wconf 77' lang='grc' dir='ltr'><strong><em>Ρεειοτὸν</em></strong></span> <span class='ocrx_word' id='word_1_178' title='bbox 286 2336 390 2408; x_wconf 78' lang='grc' dir='ltr'><strong><em>αὐτοῦ</em></strong></span> <span class='ocrx_word' id='word_1_179' title='bbox 408 2336 572 2408; x_wconf 85' lang='grc' dir='ltr'><strong><em>διύπλονν</em></strong></span> <span class='ocrx_word' id='word_1_180' title='bbox 590 2337 706 2429; x_wconf 78' lang='grc' dir='ltr'><strong><em>ἐτήρει.</em></strong></span> <span class='ocrx_word' id='word_1_181' title='bbox 750 2339 798 2431; x_wconf 77' lang='grc' dir='ltr'><strong><em>τῷ</em></strong></span> <span class='ocrx_word' id='word_1_182' title='bbox 815 2335 846 2406; x_wconf 91' lang='grc' dir='ltr'><strong><em>δ’</em></strong></span> <span class='ocrx_word' id='word_1_183' title='bbox 865 2333 1030 2430; x_wconf 79' lang='grc' dir='ltr'><strong><em>Ἀγρίππμ</em></strong></span> <span class='ocrx_word' id='word_1_184' title='bbox 1047 2343 1093 2418; x_wconf 85' lang='grc' dir='ltr'><strong><em>είς</em></strong></span> <span class='ocrx_word' id='word_1_185' title='bbox 1112 2345 1173 2406; x_wconf 91' lang='grc' dir='ltr'><strong><em>Λι-</em></strong></span> 
     </span>
     <span class='ocr_line' id='line_1_23' title="bbox 209 2437 1268 2530; baseline 0 -22"><span class='ocrx_word' id='word_1_186' title='bbox 209 2439 321 2530; x_wconf 79' lang='grc' dir='ltr'><strong><em>πάραν</em></strong></span> <span class='ocrx_word' id='word_1_187' title='bbox 338 2437 405 2510; x_wconf 80' lang='grc' dir='ltr'><strong><em>σύν</em></strong></span> <span class='ocrx_word' id='word_1_188' title='bbox 421 2453 494 2520; x_wconf 89' lang='grc' dir='ltr'><strong><em>ταῖς</em></strong></span> <span class='ocrx_word' id='word_1_189' title='bbox 511 2440 613 2510; x_wconf 81' lang='grc' dir='ltr'><strong><em>ναυσὶ</em></strong></span> <span class='ocrx_word' id='word_1_190' title='bbox 630 2441 886 2530; x_wconf 80' lang='grc' dir='ltr'><strong><em>καταλειφθέντι</em></strong></span> <span class='ocrx_word' id='word_1_191' title='bbox 904 2437 993 2528; x_wconf 76' lang='grc' dir='ltr'><strong><em>παρὰ</em></strong></span> <span class='ocrx_word' id='word_1_192' title='bbox 1009 2445 1070 2508; x_wconf 82' lang='grc' dir='ltr'><strong><em>τοῦ</em></strong></span> <span class='ocrx_word' id='word_1_193' title='bbox 1088 2445 1172 2508; x_wconf 85' lang='grc' dir='ltr'><strong><em>Καί·</em></strong></span> <span class='ocrx_word' id='word_1_194' title='bbox 1266 2445 1268 2450; x_wconf 70' lang='grc'><strong>’</strong></span> 
     </span>
     <span class='ocr_line' id='line_1_24' title="bbox 209 2537 1268 2632; baseline 0 -22"><span class='ocrx_word' id='word_1_195' title='bbox 209 2562 310 2630; x_wconf 88' lang='grc' dir='ltr'><strong><em>σαρος</em></strong></span> <span class='ocrx_word' id='word_1_196' title='bbox 332 2537 528 2632; x_wconf 90' lang='grc' dir='ltr'><strong><em>Δημόχαριν</em></strong></span> <span class='ocrx_word' id='word_1_197' title='bbox 558 2537 744 2631; x_wconf 85' lang='grc' dir='ltr'><strong><em>όνθορμεῖν</em></strong></span> <span class='ocrx_word' id='word_1_198' title='bbox 774 2543 811 2611; x_wconf 85' lang='grc' dir='ltr'><strong><em>έν</em></strong></span> <span class='ocrx_word' id='word_1_199' title='bbox 839 2538 975 2621; x_wconf 87' lang='grc' dir='ltr'><strong><em>Μύλαις</em></strong></span> <span class='ocrx_word' id='word_1_200' title='bbox 1006 2542 1171 2611; x_wconf 77' lang='grc' dir='ltr'><strong><em>ἐκέλευσε.</em></strong></span> <span class='ocrx_word' id='word_1_201' title='bbox 1266 2599 1268 2632; x_wconf 78' lang='lat' dir='ltr'>z</span> 
     </span>
     <span class='ocr_line' id='line_1_25' title="bbox 209 2637 1172 2733; baseline -0.003 -19"><span class='ocrx_word' id='word_1_202' title='bbox 209 2643 265 2714; x_wconf 86' lang='grc' dir='ltr'><strong><em>καλ</em></strong></span> <span class='ocrx_word' id='word_1_203' title='bbox 289 2642 462 2731; x_wconf 74' lang='grc' dir='ltr'><strong><em>διέτριψαν</em></strong></span> <span class='ocrx_word' id='word_1_204' title='bbox 487 2644 593 2714; x_wconf 84' lang='grc' dir='ltr'><strong><em>έκεῖσε</em></strong></span> <span class='ocrx_word' id='word_1_205' title='bbox 616 2641 737 2733; x_wconf 88' lang='grc' dir='ltr'><strong><em>χρόνον</em></strong></span> <span class='ocrx_word' id='word_1_206' title='bbox 753 2637 964 2732; x_wconf 76' lang='grc' dir='ltr'><strong><em>ὑπόσυχνον,</em></strong></span> <span class='ocrx_word' id='word_1_207' title='bbox 987 2643 1080 2723; x_wconf 84' lang='grc' dir='ltr'><strong><em>τέλος</em></strong></span> <span class='ocrx_word' id='word_1_208' title='bbox 1100 2637 1172 2712; x_wconf 78' lang='grc' dir='ltr'><strong><em>δέό</em></strong></span> 
     </span>
     <span class='ocr_line' id='line_1_26' title="bbox 106 2740 1268 2835; baseline -0.003 -19"><span class='ocrx_word' id='word_1_209' title='bbox 106 2740 423 2832; x_wconf 64' lang='grc' dir='ltr'><strong><em>ἮΙΙεοεἏγρίππας</em></strong></span> <span class='ocrx_word' id='word_1_210' title='bbox 446 2745 512 2816; x_wconf 80' lang='grc' dir='ltr'><strong><em>σύν</em></strong></span> <span class='ocrx_word' id='word_1_211' title='bbox 535 2759 608 2826; x_wconf 86' lang='grc' dir='ltr'><strong><em>ταῖς</em></strong></span> <span class='ocrx_word' id='word_1_212' title='bbox 633 2740 783 2835; x_wconf 77' lang='grc' dir='ltr'><strong><em>ἀρίσταις</em></strong></span> <span class='ocrx_word' id='word_1_213' title='bbox 806 2749 874 2814; x_wconf 78' lang='grc' dir='ltr'><strong><em>τῶν</em></strong></span> <span class='ocrx_word' id='word_1_214' title='bbox 891 2749 980 2815; x_wconf 74' lang='grc' dir='ltr'><strong><em>νεών</em></strong></span> <span class='ocrx_word' id='word_1_215' title='bbox 998 2745 1052 2814; x_wconf 81' lang='grc' dir='ltr'><strong><em>ἐπὶ</em></strong></span> <span class='ocrx_word' id='word_1_216' title='bbox 1070 2769 1212 2814; x_wconf 71' lang='grc' dir='ltr'><strong><em>κατα-ετ</em></strong></span> <span class='ocrx_word' id='word_1_217' title='bbox 1267 2821 1268 2834; x_wconf 24' lang='lat'>2</span> 
     </span>
     <span class='ocr_line' id='line_1_27' title="bbox 208 2842 1173 2935; baseline 0 -19"><span class='ocrx_word' id='word_1_218' title='bbox 208 2843 337 2935; x_wconf 76' lang='grc' dir='ltr'><strong><em>σκοπὴν</em></strong></span> <span class='ocrx_word' id='word_1_219' title='bbox 354 2851 422 2916; x_wconf 79' lang='grc' dir='ltr'><strong><em>τῶν</em></strong></span> <span class='ocrx_word' id='word_1_220' title='bbox 440 2849 604 2918; x_wconf 75' lang='grc' dir='ltr'><strong><em>ἐναντίων</em></strong></span> <span class='ocrx_word' id='word_1_221' title='bbox 620 2842 821 2934; x_wconf 76' lang='grc' dir='ltr'><strong><em>ἀπελήλυθε.</em></strong></span> <span class='ocrx_word' id='word_1_222' title='bbox 857 2847 913 2915; x_wconf 86' lang='grc' dir='ltr'><strong><em>καλ</em></strong></span> <span class='ocrx_word' id='word_1_223' title='bbox 932 2845 975 2926; x_wconf 76' lang='grc' dir='ltr'><strong><em>ὡς</em></strong></span> <span class='ocrx_word' id='word_1_224' title='bbox 993 2842 1072 2916; x_wconf 78' lang='grc' dir='ltr'><strong><em>οὔτε</em></strong></span> <span class='ocrx_word' id='word_1_225' title='bbox 1085 2845 1173 2916; x_wconf 83' lang='grc' dir='ltr'><strong><em>ποίν-</em></strong></span> 
     </span>
     <span class='ocr_line' id='line_1_28' title="bbox 207 2943 1172 3038; baseline -0.002 -20"><span class='ocrx_word' id='word_1_226' title='bbox 207 2977 266 3030; x_wconf 87' lang='grc' dir='ltr'><strong><em>τας</em></strong></span> <span class='ocrx_word' id='word_1_227' title='bbox 275 2954 429 3019; x_wconf 78' lang='grc' dir='ltr'><strong><em>κατεῖδεν</em></strong></span> <span class='ocrx_word' id='word_1_228' title='bbox 442 2945 512 3019; x_wconf 77' lang='grc' dir='ltr'><strong><em>οὔτ’</em></strong></span> <span class='ocrx_word' id='word_1_229' title='bbox 529 2944 724 3038; x_wconf 75' lang='grc' dir='ltr'><strong><em>ἇναχθηναί</em></strong></span> <span class='ocrx_word' id='word_1_230' title='bbox 734 2976 783 3028; x_wconf 87' lang='grc' dir='ltr'><strong><em>τις</em></strong></span> <span class='ocrx_word' id='word_1_231' title='bbox 795 2943 975 3036; x_wconf 75' lang='grc' dir='ltr'><strong><em>ἠθέλησεν,</em></strong></span> <span class='ocrx_word' id='word_1_232' title='bbox 989 2947 1172 3035; x_wconf 81' lang='grc' dir='ltr'><strong><em>ἐπανῆλθε,</em></strong></span> 
     </span>
     <span class='ocr_line' id='line_1_29' title="bbox 208 3045 1268 3146; baseline -0.004 -26"><span class='ocrx_word' id='word_1_233' title='bbox 208 3053 264 3120; x_wconf 87' lang='grc' dir='ltr'><strong><em>καὶ</em></strong></span> <span class='ocrx_word' id='word_1_234' title='bbox 281 3047 542 3139; x_wconf 76' lang='grc' dir='ltr'><strong><em>παρεσκευάζετο</em></strong></span> <span class='ocrx_word' id='word_1_235' title='bbox 559 3045 604 3132; x_wconf 79' lang='grc' dir='ltr'><strong><em>τός</em></strong></span> <span class='ocrx_word' id='word_1_236' title='bbox 622 3050 820 3140; x_wconf 77' lang='grc' dir='ltr'><strong><em>πολεμήσων</em></strong></span> <span class='ocrx_word' id='word_1_237' title='bbox 836 3053 878 3140; x_wconf 71' lang='grc' dir='ltr'><strong><em>τῇ</em></strong></span> <span class='ocrx_word' id='word_1_238' title='bbox 896 3047 1045 3140; x_wconf 77' lang='grc' dir='ltr'><strong><em>ἐπιούσῃ.</em></strong></span> <span class='ocrx_word' id='word_1_239' title='bbox 1076 3045 1119 3118; x_wconf 79' lang='grc' dir='ltr'><strong><em>τό</em></strong></span> <span class='ocrx_word' id='word_1_240' title='bbox 1136 3045 1171 3117; x_wconf 87' lang='grc' dir='ltr'><strong><em>δ’</em></strong></span> <span class='ocrx_word' id='word_1_241' title='bbox 1266 3139 1268 3146; x_wconf 18' lang='lat' dir='ltr'>y</span> 
     </span>
     <span class='ocr_line' id='line_1_30' title="bbox 209 3147 1268 3244; baseline 0 -25"><span class='ocrx_word' id='word_1_242' title='bbox 209 3149 293 3220; x_wconf 79' lang='grc' dir='ltr'><strong><em>αὐτὰ</em></strong></span> <span class='ocrx_word' id='word_1_243' title='bbox 317 3153 373 3221; x_wconf 82' lang='grc' dir='ltr'><strong><em>καί</em></strong></span> <span class='ocrx_word' id='word_1_244' title='bbox 397 3156 448 3244; x_wconf 76' lang='grc' dir='ltr'><strong><em>τῷ·</em></strong></span> <span class='ocrx_word' id='word_1_245' title='bbox 461 3149 654 3242; x_wconf 79' lang='grc' dir='ltr'><strong><em>Δημοχάρει</em></strong></span> <span class='ocrx_word' id='word_1_246' title='bbox 677 3153 885 3242; x_wconf 78' lang='grc' dir='ltr'><strong><em>συμβέβηκε,</em></strong></span> <span class='ocrx_word' id='word_1_247' title='bbox 910 3153 966 3221; x_wconf 83' lang='grc' dir='ltr'><strong><em>καὶ</em></strong></span> <span class='ocrx_word' id='word_1_248' title='bbox 983 3147 1172 3240; x_wconf 77' lang='grc' dir='ltr'><strong><em>ἡτοιμάζετο</em></strong></span> <span class='ocrx_word' id='word_1_249' title='bbox 1266 3169 1268 3204; x_wconf 68' lang='lat'><em>⁴</em></span> 
     </span>
     <span class='ocr_line' id='line_1_31' title="bbox 208 3249 1208 3342; baseline 0.001 -25"><span class='ocrx_word' id='word_1_250' title='bbox 208 3249 361 3333; x_wconf 83' lang='grc' dir='ltr'><strong><em>κάκεῖνος</em></strong></span> <span class='ocrx_word' id='word_1_251' title='bbox 386 3251 430 3334; x_wconf 78' lang='grc' dir='ltr'><strong><em>ὡς</em></strong></span> <span class='ocrx_word' id='word_1_252' title='bbox 453 3267 522 3334; x_wconf 83' lang='grc' dir='ltr'><strong><em>τοῖς</em></strong></span> <span class='ocrx_word' id='word_1_253' title='bbox 544 3259 712 3342; x_wconf 86' lang='grc' dir='ltr'><strong><em>πολεμίοις</em></strong></span> <span class='ocrx_word' id='word_1_254' title='bbox 736 3249 1012 3342; x_wconf 83' lang='grc' dir='ltr'><strong><em>ἐπελενσόμενος,</em></strong></span> <span class='ocrx_word' id='word_1_255' title='bbox 1038 3253 1096 3321; x_wconf 83' lang='grc' dir='ltr'><strong><em>καὶ</em></strong></span> <span class='ocrx_word' id='word_1_256' title='bbox 1111 3249 1208 3321; x_wconf 82' lang='grc' dir='ltr'><strong><em>τόνεο</em></strong></span> 
     </span>
     <span class='ocr_line' id='line_1_32' title="bbox 209 3351 1170 3445; baseline 0.003 -26"><span class='ocrx_word' id='word_1_257' title='bbox 209 3352 335 3432; x_wconf 85' lang='grc' dir='ltr'><strong><em>Σέξτον</em></strong></span> <span class='ocrx_word' id='word_1_258' title='bbox 359 3354 395 3422; x_wconf 75' lang='grc' dir='ltr'><strong><em>δὲ</em></strong></span> <span class='ocrx_word' id='word_1_259' title='bbox 419 3355 656 3442; x_wconf 74' lang='grc' dir='ltr'><strong><em>μετεπέμψατο.</em></strong></span> <span class='ocrx_word' id='word_1_260' title='bbox 708 3353 815 3445; x_wconf 74' lang='grc' dir='ltr'><strong><em>ἡμέρα</em></strong></span> <span class='ocrx_word' id='word_1_261' title='bbox 836 3382 872 3425; x_wconf 91' lang='grc' dir='ltr'><strong><em>τε</em></strong></span> <span class='ocrx_word' id='word_1_262' title='bbox 899 3351 966 3443; x_wconf 82' lang='grc' dir='ltr'><strong><em>ἤδη</em></strong></span> <span class='ocrx_word' id='word_1_263' title='bbox 995 3351 1170 3442; x_wconf 83' lang='grc' dir='ltr'><strong><em>ὑπέλαμπε</em></strong></span> 
     </span>
     <span class='ocr_line' id='line_1_33' title="bbox 210 3447 1169 3545; baseline 0.006 -28"><span class='ocrx_word' id='word_1_264' title='bbox 210 3452 265 3518; x_wconf 83' lang='grc' dir='ltr'><strong><em>καὶ</em></strong></span> <span class='ocrx_word' id='word_1_265' title='bbox 294 3447 393 3539; x_wconf 76' lang='grc' dir='ltr'><strong><em>ἄμφω</em></strong></span> <span class='ocrx_word' id='word_1_266' title='bbox 422 3452 463 3522; x_wconf 77' lang='grc' dir='ltr'><strong><em>τὰ</em></strong></span> <span class='ocrx_word' id='word_1_267' title='bbox 493 3453 633 3524; x_wconf 77' lang='grc' dir='ltr'><strong><em>ναυτικοὶ</em></strong></span> <span class='ocrx_word' id='word_1_268' title='bbox 664 3451 717 3526; x_wconf 78' lang='grc' dir='ltr'><strong><em>ἐπ’</em></strong></span> <span class='ocrx_word' id='word_1_269' title='bbox 743 3452 868 3545; x_wconf 81' lang='grc' dir='ltr'><strong><em>ἄλληλα</em></strong></span> <span class='ocrx_word' id='word_1_270' title='bbox 892 3461 1011 3528; x_wconf 85' lang='grc' dir='ltr'><strong><em>έπλεον</em></strong></span> <span class='ocrx_word' id='word_1_271' title='bbox 1032 3456 1088 3525; x_wconf 87' lang='grc' dir='ltr'><strong><em>καλ</em></strong></span> <span class='ocrx_word' id='word_1_272' title='bbox 1110 3458 1169 3543; x_wconf 77' lang='grc' dir='ltr'><strong><em>τῆς</em></strong></span> 
     </span>
    </p>
   </div>
   <div class='ocr_carea' id='block_1_3' title="bbox 0 0 1274 3824">
    <p class='ocr_par' dir='ltr' id='par_1_5' title="bbox 0 0 1274 3824">
     <span class='ocr_line' id='line_1_34' title="bbox 0 0 1274 3824; baseline 0 1"><span class='ocrx_word' id='word_1_273' title='bbox 0 0 1274 3824; x_wconf 95' lang='lat' dir='ltr'><strong><em> </em></strong></span> 
     </span>
    </p>
   </div>
   <div class='ocr_carea' id='block_1_4' title="bbox 1266 2837 1271 3824">
    <p class='ocr_par' dir='ltr' id='par_1_6' title="bbox 1266 2837 1271 3824">
     <span class='ocr_line' id='line_1_35' title="bbox 1266 2837 1271 3824; baseline 0 0"><span class='ocrx_word' id='word_1_274' title='bbox 1266 2837 1271 3824; x_wconf 95' lang='lat' dir='ltr'><strong><em> </em></strong></span> 
     </span>
    </p>
   </div>
  </div>
 </body>
</html>
