2558 3820
207 165 269 234 336
469 165 541 217 μιν.
554 165 603 218 lx,
622 163 798 216 τίνω.
817 164 917 218 xxx1.

209 306 405 396 συνέδριον,
429 307 491 387 ἕως
510 311 574 393 ἔφη
592 331 641 386 τις
657 299 710 374 δτι
728 310 760 376 εί
780 305 836 374 καί
855 298 900 374 δι’
920 301 1024 374 ούδδν
1049 307 1176 396 ἕτερον,

208 404 293 478 ἀλλά
311 436 349 496 γε
374 407 504 476 ἕαντοὸν
527 409 626 477 ἕνεκα
649 412 833 494 φείσασθαι
858 402 969 476 αύτάν
992 401 1177 494 ἀναγκαῖον

210 515 372 599 νομίζοιτο
389 503 450 598 ἀν,
475 504 519 578 ἵν’
541 502 790 596 ἀνταγωνιστάς
808 503 929 588 αὐτούς
953 514 1084 598 ἔχοντες
1100 506 1176 600 ἀρε-

173 610 271 700 Βτὴν
295 608 439 698 ἀσκῶσι,
464 609 519 679 καί
542 606 588 698 μὴ
612 605 694 700 πρός
718 603 843 698 ἡδονάς
866 609 922 678 καί
945 606 1078 700 τρυφὴν
1100 608 1178 702 τρά-

208 739 355 800 ποινται,
384 715 453 782 τάν
477 711 677 800 δυναμένων
700 705 822 791 αύτούς
846 708 1106 799 καταναγκάζειν
1130 719 1178 797 είς
1204 743 1217 784 ε

209 812 352 902 ἄσκησιν
369 815 438 884 τάν
450 819 639 902 πολεμικῶν
652 811 951 903 περιαιρεθέντων,
970 813 1026 882 καί
1043 819 1178 904 χείρους

209 911 268 986 ὑπ’
289 911 495 1004 ἀνασκησίας
520 915 699 1002 γίνωνται,
723 911 913 1003 ἀξιοχρέους
937 909 1178 1004 ἀντιπολέμους

209 1015 253 1106 μὴ
272 1023 410 1106 ἔχοντες.
447 1019 485 1086 ἐκ
502 1011 630 1086 τούτων
647 1005 711 1088 οὖν
727 1020 795 1086 τάν
812 1012 924 1104 λόγον
941 1015 1062 1098 πάντες
1080 1043 1178 1088 κατα·

210 1115 336 1204 σκάψαι
369 1113 431 1207 τὴν
465 1113 670 1210 Καρχηδόνα
704 1110 1014 1206 άμογνωμόυησαυ,
1050 1115 1179 1208 μήποτε

209 1217 400 1311 είρηυήσειν
414 1221 563 1300 ἐκείνους
577 1215 814 1299 σωρεύσαντες
826 1213 981 1309 ἀκριβῶς.
1018 1221 1074 1290 καί
1085 1222 1179 1291 πάσα
1193 1252 1217 1292 ιο

209 1318 317 1413 ἄρδην
334 1317 517 1403 ἀνάστατος
534 1323 670 1410 γέγονε,
689 1321 746 1392 καί
765 1316 931 1410 ίπάρατου
949 1324 1123 1410 ἐψηφίσθη
1140 1319 1178 1393 τό

210 1418 264 1494 ἐπ’
290 1419 398 1512 αὐτὴν
420 1424 618 1511 κατοικησαί
645 1450 729 1493 τινα.
772 1422 829 1492 καί
851 1425 921 1492 τῶν
949 1418 1087 1514 ἀνδρῶν
1109 1427 1180 1494 τῶν

209 1522 361 1595 ἁλόντων
376 1527 413 1593 οί
426 1523 489 1613 μὲν
506 1530 644 1604 πλείους
662 1530 710 1604 είς
729 1521 766 1593 τὸ
792 1520 1020 1614 δεσμωτήριον
1043 1523 1178 1614 ἐνεβλή-

209 1636 322 1714 θησαυ
335 1622 435 1696 uiuet
451 1622 704 1716 διεφθάρησαν,
721 1619 829 1713 όλίνοι
848 1625 889 1695 δέ
901 1652 990 1706 τινες
1003 1622 1092 1714 πλὴν
1108 1628 1179 1698 τοῖν

209 1723 300 1798 πάνυ
323 1723 466 1817 στράτιον
490 1723 701 1817 ἐπράθησαν·
735 1715 827 1798 ούτοι
849 1726 913 1818 γὰρ
944 1731 1036 1798 οἵτε
1061 1725 1217 1818 ὅμηροιιε

208 1828 265 1896 καί
284 1824 301 1896 ὁ
317 1823 523 1918 Ἀσδρούβας
541 1828 597 1898 καὶ
615 1825 633 1898 ὁ
652 1833 773 1908 Βιθίας
790 1823 886 1898 ἀλλοι
910 1827 996 1919 άλλη
1019 1831 1077 1917 τῆς
1098 1827 1178 1902 Ἰτα-

208 1934 282 2010 λίοις
307 1933 344 2000 έν
365 1945 529 2021 φρουραίς
553 1924 709 2019 ἀθέσμοις
732 1935 950 2018 κατεβίωσαν.
986 1927 1004 2002 δ
1031 1931 1069 2000 δὲ
1092 1941 1178 2002 Σκι-

106 2036 297 2106 ΡΙεσοπίων
315 2029 412 2120 δόξης
429 2058 466 2102 τε
489 2037 585 2121 ἔτυχε
607 2033 663 2101 καὶ
687 2035 798 2121 τιμῆς,
822 2033 879 2101 καί
892 2027 1092 2123 Ἀφρικαυός
1114 2031 1178 2104 οὐκ

208 2129 273 2203 ἀπὸ
291 2138 352 2204 τού
370 2129 526 2221 πάππου,
550 2128 624 2203 ἀλλ’
644 2128 710 2202 ἀπό
727 2138 796 2202 τῶν
818 2138 954 2203 οίκείοευ
979 2135 1177 2222 ἐπεκέκλητο

207 2233 369 2326 πράξεων.
1190 2264 1216 2306 το

156 2348 196 2414 31
290 2333 371 2408 Τότε
389 2336 425 2406 δὲ
443 2336 498 2405 καί
516 2333 538 2423 ἡ
555 2332 725 2424 Κόρινθος
738 2333 941 2424 κατεσκάφη.
975 2337 1046 2406 ἐπεὶ
1063 2331 1126 2424 γάρ
1144 2339 1181 2406 οί

208 2443 276 2506 τῶν
288 2433 458 2524 Ἑλλήνων
475 2433 732 2526 κορυφαιότατοι
751 2435 818 2506 ὑπὸ
836 2435 976 2508 Παύλου
993 2441 1054 2508 τοῦ
1072 2443 1178 2527 Αίμί-

209 2543 284 2608 λίου
314 2543 572 2630 μετῳκίσθησαν
597 2543 644 2620 είς
668 2537 729 2627 τὴν
752 2533 911 2627 Ἰταλίαν,
942 2544 977 2608 οί
999 2539 1108 2610 λοιποὶ
1138 2536 1176 2610 τό

208 2639 270 2727 μὲν
288 2642 421 2726 πρῶτον
439 2645 632 2730 πρεσβείαις
650 2636 728 2722 τούς
745 2639 871 2728 ἀνδρας
888 2635 1056 2730 ἀπῄτουν,
1076 2635 1121 2722 uis
1140 2639 1175 2711 δ’
1277 2665 1278 2670 ’

208 2737 271 2811 οὐκ
289 2745 424 2830 ἔτυχον,
448 2748 508 2812 καί
522 2768 610 2824 τινες
629 2743 767 2813 ἐκείνων
792 2738 854 2830 τὴν
876 2747 991 2812 οίκαδε
1007 2738 1178 2832 ἀπογνόυ-
1192 2771 1218 2814 ει

207 2869 262 2923 τες
294 2840 460 2914 ἐπάνοδον
492 2841 631 2926 ἑαυτούς
658 2840 892 2933 διεχρήσαντο,
927 2847 1079 2934 χαλεπῶς
1111 2846 1178 2914 διέ-

208 2971 317 3015 κειντο
335 2945 392 3014 καὶ
408 2945 534 3026 πένθος
559 2941 721 3035 δημόσιον
746 2941 961 3035 ἐποιήσαντο,
984 2962 1054 3026 τολς
1077 2973 1113 3015 τε
1136 2944 1179 3016 τὰ

204 3043 373 3135 Ῥωμαίων
386 3050 549 3136 φρονοῦσι
563 3044 653 3136 παρὰ
667 3052 785 3136 σφίσιν
799 3044 990 3136 ὠργίζοντο,
1009 3043 1050 3117 ού
1062 3049 1178 3138 μέντοι

208 3148 264 3214 καί
288 3144 446 3235 πολέμιόν
469 3176 500 3218 τι
525 3150 753 3238 ἐπεδείξαντο,
783 3149 894 3239 μέχρις
917 3139 961 3220 ού
982 3147 1061 3231 τούς
1084 3175 1179 3240 περι·

210 3253 318 3327 λιπεῑς
348 3251 416 3318 τοῖν
443 3246 579 3339 ἀνδρῶν
611 3252 750 3321 ἐκείνων
780 3254 984 3340 ἐκομίσαντο.
1038 3249 1112 3341 τότεΙ
1139 3252 1180 3322 δὲ
1193 3280 1220 3321 το

207 3477 264 3524 τω
277 3408 344 3525 ξέρ.
355 3413 395 3461 31.
415 3413 512 3462 Dionis
521 3413 661 3466 Historiae
671 3415 813 3468 Romanae
826 3417 891 3469 libri
904 3415 1018 3484 perditi:
1036 3417 1178 3484 fragmen-
