<?xml version="1.0" encoding="UTF-8"?>
<!DOCTYPE html PUBLIC "-//W3C//DTD XHTML 1.0 Transitional//EN"
    "http://www.w3.org/TR/xhtml1/DTD/xhtml1-transitional.dtd">
<html xmlns="http://www.w3.org/1999/xhtml" xml:lang="en" lang="en">
 <head>
  <title>
</title>
<meta http-equiv="Content-Type" content="text/html;charset=utf-8" />
  <meta name='ocr-system' content='tesseract 3.04.00' />
  <meta name='ocr-capabilities' content='ocr_page ocr_carea ocr_par ocr_line ocrx_word'/>
</head>
<body>
  <div class='ocr_page' id='page_1' title='image "./iannoutouznapae01canggoog_0395.png"; bbox 0 0 2558 3820; ppageno 0'>
   <div class='ocr_carea' id='block_1_1' title="bbox 195 156 900 222">
    <p class='ocr_par' dir='ltr' id='par_1_1' title="bbox 195 156 900 222">
     <span class='ocr_line' id='line_1_1' title="bbox 195 156 900 222; baseline -0.009 -8"><span class='ocrx_word' id='word_1_1' title='bbox 195 156 257 222; x_wconf 86' lang='lat'><strong><em>388</em></strong></span> <span class='ocrx_word' id='word_1_2' title='bbox 459 157 532 209; x_wconf 89' lang='lat' dir='ltr'>LIB.</span> <span class='ocrx_word' id='word_1_3' title='bbox 545 157 579 210; x_wconf 88' lang='lat' dir='ltr'><strong><em>X.</em></strong></span> <span class='ocrx_word' id='word_1_4' title='bbox 598 157 677 210; x_wconf 80' lang='lat' dir='ltr'>CAP.</span> <span class='ocrx_word' id='word_1_5' title='bbox 689 157 777 210; x_wconf 88' lang='lat' dir='ltr'>XVII.</span> <span class='ocrx_word' id='word_1_6' title='bbox 797 156 900 208; x_wconf 88' lang='lat' dir='ltr'>XVIII.</span> 
     </span>
    </p>
   </div>
   <div class='ocr_carea' id='block_1_2' title="bbox 26 291 1269 3336">
    <p class='ocr_par' dir='ltr' id='par_1_2' title="bbox 26 291 1269 3336">
     <span class='ocr_line' id='line_1_2' title="bbox 44 291 1163 386; baseline 0.002 -18"><span class='ocrx_word' id='word_1_7' title='bbox 44 370 47 376; x_wconf 76' lang='grc'><strong><em>,</em></strong></span> <span class='ocrx_word' id='word_1_8' title='bbox 194 297 253 370; x_wconf 88' lang='grc' dir='ltr'><strong><em>τὸν</em></strong></span> <span class='ocrx_word' id='word_1_9' title='bbox 276 303 426 386; x_wconf 79' lang='grc' dir='ltr'><strong><em>Βροῦτον</em></strong></span> <span class='ocrx_word' id='word_1_10' title='bbox 450 291 601 386; x_wconf 77' lang='grc' dir='ltr'><em>ἀπῄεσαν</em></span> <span class='ocrx_word' id='word_1_11' title='bbox 630 298 687 366; x_wconf 88' lang='grc' dir='ltr'><strong><em>καὶ</em></strong></span> <span class='ocrx_word' id='word_1_12' title='bbox 714 295 775 366; x_wconf 85' lang='grc' dir='ltr'><strong><em>τὸν</em></strong></span> <span class='ocrx_word' id='word_1_13' title='bbox 799 293 959 368; x_wconf 85' lang='grc' dir='ltr'><strong><em>Κάσσιον.</em></strong></span> <span class='ocrx_word' id='word_1_14' title='bbox 1006 301 1041 367; x_wconf 85' lang='grc' dir='ltr'><strong><em>οί</em></strong></span> <span class='ocrx_word' id='word_1_15' title='bbox 1064 299 1103 368; x_wconf 89' lang='grc' dir='ltr'><strong><em>δέ</em></strong></span> <span class='ocrx_word' id='word_1_16' title='bbox 1122 326 1163 386; x_wconf 81' lang='grc' dir='ltr'><strong><em>γε</em></strong></span> 
     </span>
     <span class='ocr_line' id='line_1_3' title="bbox 27 391 1163 493; baseline -0.001 -23.001"><span class='ocrx_word' id='word_1_17' title='bbox 27 391 31 468; x_wconf 74' lang='grc' dir='ltr'><strong><em>ἰ</em></strong></span> <span class='ocrx_word' id='word_1_18' title='bbox 195 405 332 480; x_wconf 90' lang='grc' dir='ltr'><strong><em>πλείους</em></strong></span> <span class='ocrx_word' id='word_1_19' title='bbox 361 403 407 493; x_wconf 73' lang='grc' dir='ltr'><strong><em>τῷ</em></strong></span> <span class='ocrx_word' id='word_1_20' title='bbox 438 400 551 493; x_wconf 75' lang='grc' dir='ltr'><strong><em>Σέξτῳ</em></strong></span> <span class='ocrx_word' id='word_1_21' title='bbox 582 394 827 488; x_wconf 75' lang='grc' dir='ltr'><strong><em>προσεχώρουν.</em></strong></span> <span class='ocrx_word' id='word_1_22' title='bbox 881 413 1064 492; x_wconf 75' lang='grc' dir='ltr'><strong><em>ναυαρχεῖν</em></strong></span> <span class='ocrx_word' id='word_1_23' title='bbox 1100 397 1163 490; x_wconf 78' lang='grc' dir='ltr'><strong><em>γάρ</em></strong></span> 
     </span>
     <span class='ocr_line' id='line_1_4' title="bbox 26 496 1162 593; baseline 0.005 -27"><span class='ocrx_word' id='word_1_24' title='bbox 26 503 28 520; x_wconf 83' lang='lat'>²</span> <span class='ocrx_word' id='word_1_25' title='bbox 162 499 358 593; x_wconf 88' lang='grc' dir='ltr'><strong><em>Βπρότερον</em></strong></span> <span class='ocrx_word' id='word_1_26' title='bbox 376 505 543 591; x_wconf 80' lang='grc' dir='ltr'><strong><em>αἰρεθείς,</em></strong></span> <span class='ocrx_word' id='word_1_27' title='bbox 568 500 625 570; x_wconf 89' lang='grc' dir='ltr'><strong><em>καί</em></strong></span> <span class='ocrx_word' id='word_1_28' title='bbox 647 496 772 592; x_wconf 85' lang='grc' dir='ltr'><strong><em>χρόνον</em></strong></span> <span class='ocrx_word' id='word_1_29' title='bbox 795 498 870 571; x_wconf 86' lang='grc' dir='ltr'><strong><em>τινά</em></strong></span> <span class='ocrx_word' id='word_1_30' title='bbox 894 504 931 571; x_wconf 82' lang='grc' dir='ltr'><strong><em>ἐν</em></strong></span> <span class='ocrx_word' id='word_1_31' title='bbox 948 505 989 592; x_wconf 80' lang='grc' dir='ltr'><strong><em>τῇ</em></strong></span> <span class='ocrx_word' id='word_1_32' title='bbox 1006 497 1162 592; x_wconf 77' lang='grc' dir='ltr'><strong><em>θαλάσσῃ</em></strong></span> 
     </span>
     <span class='ocr_line' id='line_1_5' title="bbox 196 597 1164 694; baseline 0.001 -21"><span class='ocrx_word' id='word_1_33' title='bbox 196 609 375 692; x_wconf 78' lang='grc' dir='ltr'><strong><em>δυνηθείς,</em></strong></span> <span class='ocrx_word' id='word_1_34' title='bbox 402 601 499 692; x_wconf 76' lang='grc' dir='ltr'><strong><em>ἰσχὺν</em></strong></span> <span class='ocrx_word' id='word_1_35' title='bbox 522 607 668 691; x_wconf 87' lang='grc' dir='ltr'><strong><em>οἰκείαν,</em></strong></span> <span class='ocrx_word' id='word_1_36' title='bbox 696 608 801 672; x_wconf 89' lang='grc' dir='ltr'><strong><em>καίτοι</em></strong></span> <span class='ocrx_word' id='word_1_37' title='bbox 824 605 882 690; x_wconf 81' lang='grc' dir='ltr'><strong><em>τῆς</em></strong></span> <span class='ocrx_word' id='word_1_38' title='bbox 899 597 1001 693; x_wconf 75' lang='grc' dir='ltr'><strong><em>άρχης</em></strong></span> <span class='ocrx_word' id='word_1_39' title='bbox 1018 599 1164 694; x_wconf 77' lang='grc' dir='ltr'><strong><em>ὕστερον</em></strong></span> 
     </span>
     <span class='ocr_line' id='line_1_6' title="bbox 194 699 1191 794; baseline 0.002 -20"><span class='ocrx_word' id='word_1_40' title='bbox 194 699 262 774; x_wconf 76' lang='grc' dir='ltr'><strong><em>ὑπὸ</em></strong></span> <span class='ocrx_word' id='word_1_41' title='bbox 280 709 340 774; x_wconf 84' lang='grc' dir='ltr'><strong><em>τοῦ</em></strong></span> <span class='ocrx_word' id='word_1_42' title='bbox 358 710 528 794; x_wconf 86' lang='grc' dir='ltr'><strong><em>Καίσαρος</em></strong></span> <span class='ocrx_word' id='word_1_43' title='bbox 546 709 739 793; x_wconf 79' lang='grc' dir='ltr'><strong><em>στερηθείς,</em></strong></span> <span class='ocrx_word' id='word_1_44' title='bbox 756 701 1010 793; x_wconf 74' lang='grc' dir='ltr'><strong><em>περιεβάλλετο,</em></strong></span> <span class='ocrx_word' id='word_1_45' title='bbox 1029 705 1085 774; x_wconf 83' lang='grc' dir='ltr'><strong><em>καὶ</em></strong></span> <span class='ocrx_word' id='word_1_46' title='bbox 1102 701 1191 793; x_wconf 81' lang='grc' dir='ltr'><strong><em>τὴνε</em></strong></span> 
     </span>
     <span class='ocr_line' id='line_1_7' title="bbox 194 802 1164 900; baseline 0 -22"><span class='ocrx_word' id='word_1_47' title='bbox 194 811 357 878; x_wconf 80' lang='grc' dir='ltr'><strong><em>Σικελίαν</em></strong></span> <span class='ocrx_word' id='word_1_48' title='bbox 374 807 539 895; x_wconf 75' lang='grc' dir='ltr'><strong><em>κατέσχεν.</em></strong></span> <span class='ocrx_word' id='word_1_49' title='bbox 577 803 659 894; x_wconf 78' lang='grc' dir='ltr'><strong><em>εἶτα,</em></strong></span> <span class='ocrx_word' id='word_1_50' title='bbox 678 802 722 888; x_wconf 75' lang='grc' dir='ltr'><strong><em>ὥς</em></strong></span> <span class='ocrx_word' id='word_1_51' title='bbox 740 806 796 876; x_wconf 88' lang='grc' dir='ltr'><strong><em>καί</em></strong></span> <span class='ocrx_word' id='word_1_52' title='bbox 814 808 931 900; x_wconf 79' lang='grc' dir='ltr'><strong><em>ἐκείυςο</em></strong></span> <span class='ocrx_word' id='word_1_53' title='bbox 950 802 1164 896; x_wconf 74' lang='grc' dir='ltr'><strong><em>ἐπεκηρύχθη</em></strong></span> 
     </span>
     <span class='ocr_line' id='line_1_8' title="bbox 196 904 1165 997; baseline 0.001 -20"><span class='ocrx_word' id='word_1_54' title='bbox 196 911 234 978; x_wconf 83' lang='grc' dir='ltr'><strong><em>αἰ</em></strong></span> <span class='ocrx_word' id='word_1_55' title='bbox 248 935 285 977; x_wconf 87' lang='grc' dir='ltr'><strong><em>τε</em></strong></span> <span class='ocrx_word' id='word_1_56' title='bbox 302 904 399 977; x_wconf 83' lang='grc' dir='ltr'><strong><em>άλλαι</em></strong></span> <span class='ocrx_word' id='word_1_57' title='bbox 416 909 543 996; x_wconf 76' lang='grc' dir='ltr'><strong><em>σφαχαί</em></strong></span> <span class='ocrx_word' id='word_1_58' title='bbox 567 908 737 996; x_wconf 79' lang='grc' dir='ltr'><strong><em>ἐγίνοντο,</em></strong></span> <span class='ocrx_word' id='word_1_59' title='bbox 765 915 924 978; x_wconf 80' lang='grc' dir='ltr'><strong><em>πλεῖστον</em></strong></span> <span class='ocrx_word' id='word_1_60' title='bbox 946 923 1016 990; x_wconf 76' lang='grc' dir='ltr'><strong><em>τοῖς</em></strong></span> <span class='ocrx_word' id='word_1_61' title='bbox 1039 905 1165 997; x_wconf 79' lang='grc' dir='ltr'>ὁμοίοις</span> 
     </span>
     <span class='ocr_line' id='line_1_9' title="bbox 195 1003 1164 1102; baseline -0.002 -22"><span class='ocrx_word' id='word_1_62' title='bbox 195 1006 379 1102; x_wconf 85' lang='grc' dir='ltr'><strong><em>συνήρατο,</em></strong></span> <span class='ocrx_word' id='word_1_63' title='bbox 406 1007 651 1099; x_wconf 79' lang='grc' dir='ltr'><strong><em>ὑποδεχόμενος</em></strong></span> <span class='ocrx_word' id='word_1_64' title='bbox 675 1007 752 1090; x_wconf 84' lang='grc' dir='ltr'><strong><em>τούς</em></strong></span> <span class='ocrx_word' id='word_1_65' title='bbox 779 1012 813 1091; x_wconf 83' lang='grc' dir='ltr'><strong><em>ἐς</em></strong></span> <span class='ocrx_word' id='word_1_66' title='bbox 837 1003 942 1080; x_wconf 83' lang='grc' dir='ltr'><strong><em>αὐτόν</em></strong></span> <span class='ocrx_word' id='word_1_67' title='bbox 969 1007 1082 1092; x_wconf 79' lang='grc' dir='ltr'><strong><em>ἰόντας</em></strong></span> <span class='ocrx_word' id='word_1_68' title='bbox 1101 1011 1164 1082; x_wconf 68' lang='grc' dir='ltr'><strong><em>Ικαί</em></strong></span> 
     </span>
     <span class='ocr_line' id='line_1_10' title="bbox 195 1106 1165 1202; baseline 0.001 -22"><span class='ocrx_word' id='word_1_69' title='bbox 195 1117 361 1192; x_wconf 89' lang='grc' dir='ltr'><strong><em>παντοίως</em></strong></span> <span class='ocrx_word' id='word_1_70' title='bbox 388 1113 590 1198; x_wconf 74' lang='grc' dir='ltr'><strong><em>ἐπικουρεῖν·</em></strong></span> <span class='ocrx_word' id='word_1_71' title='bbox 625 1106 710 1182; x_wconf 80' lang='grc' dir='ltr'><strong><em>ὅθεν</em></strong></span> <span class='ocrx_word' id='word_1_72' title='bbox 732 1111 788 1182; x_wconf 88' lang='grc' dir='ltr'><strong><em>καί</em></strong></span> <span class='ocrx_word' id='word_1_73' title='bbox 812 1113 930 1201; x_wconf 84' lang='grc' dir='ltr'><strong><em>συχνοὶ</em></strong></span> <span class='ocrx_word' id='word_1_74' title='bbox 954 1110 1036 1202; x_wconf 80' lang='grc' dir='ltr'><strong><em>πρὸς</em></strong></span> <span class='ocrx_word' id='word_1_75' title='bbox 1060 1106 1165 1181; x_wconf 83' lang='grc' dir='ltr'><strong><em>αὐτόν</em></strong></span> 
     </span>
     <span class='ocr_line' id='line_1_11' title="bbox 193 1203 1205 1302; baseline 0.002 -18"><span class='ocrx_word' id='word_1_76' title='bbox 193 1203 312 1302; x_wconf 76' lang='grc' dir='ltr'><strong><em>ἦλθον.</em></strong></span> <span class='ocrx_word' id='word_1_77' title='bbox 1000 1245 1006 1260; x_wconf 89' lang='grc'><em>·</em></span> <span class='ocrx_word' id='word_1_78' title='bbox 1141 1207 1144 1226; x_wconf 82' lang='lat'>&#39;</span> <span class='ocrx_word' id='word_1_79' title='bbox 1178 1243 1205 1286; x_wconf 83' lang='grc' dir='ltr'><strong><em>ιο</em></strong></span> 
     </span>
     <span class='ocr_line' id='line_1_12' title="bbox 276 1311 1166 1404; baseline 0 -20"><span class='ocrx_word' id='word_1_80' title='bbox 276 1319 422 1384; x_wconf 85' lang='grc' dir='ltr'><strong><em>Τοιαῦτα</em></strong></span> <span class='ocrx_word' id='word_1_81' title='bbox 438 1313 499 1402; x_wconf 70' lang='grc' dir='ltr'><strong><em>μὲν</em></strong></span> <span class='ocrx_word' id='word_1_82' title='bbox 516 1316 594 1404; x_wconf 75' lang='grc' dir='ltr'><strong><em>περὶ</em></strong></span> <span class='ocrx_word' id='word_1_83' title='bbox 610 1311 671 1395; x_wconf 86' lang='grc' dir='ltr'><strong><em>τάς</em></strong></span> <span class='ocrx_word' id='word_1_84' title='bbox 689 1311 820 1403; x_wconf 80' lang='grc' dir='ltr'><strong><em>σφαγάς</em></strong></span> <span class='ocrx_word' id='word_1_85' title='bbox 839 1317 978 1404; x_wconf 73' lang='grc' dir='ltr'><strong><em>ἐγίνετο,</em></strong></span> <span class='ocrx_word' id='word_1_86' title='bbox 1001 1311 1107 1384; x_wconf 86' lang='grc' dir='ltr'><strong><em>πολλά</em></strong></span> <span class='ocrx_word' id='word_1_87' title='bbox 1127 1313 1166 1384; x_wconf 72' lang='grc' dir='ltr'><strong><em>δέ</em></strong></span> 
     </span>
     <span class='ocr_line' id='line_1_13' title="bbox 195 1410 1165 1505; baseline 0 -19"><span class='ocrx_word' id='word_1_88' title='bbox 195 1417 252 1486; x_wconf 81' lang='grc' dir='ltr'><strong><em>καὶ</em></strong></span> <span class='ocrx_word' id='word_1_89' title='bbox 269 1413 375 1486; x_wconf 86' lang='grc' dir='ltr'><strong><em>άτοπα</em></strong></span> <span class='ocrx_word' id='word_1_90' title='bbox 393 1417 448 1484; x_wconf 86' lang='grc' dir='ltr'><strong><em>καί</em></strong></span> <span class='ocrx_word' id='word_1_91' title='bbox 467 1415 544 1505; x_wconf 74' lang='grc' dir='ltr'><strong><em>περὶ</em></strong></span> <span class='ocrx_word' id='word_1_92' title='bbox 562 1414 619 1498; x_wconf 88' lang='grc' dir='ltr'><strong><em>τάς</em></strong></span> <span class='ocrx_word' id='word_1_93' title='bbox 632 1418 702 1485; x_wconf 77' lang='grc' dir='ltr'><strong><em>τῶν</em></strong></span> <span class='ocrx_word' id='word_1_94' title='bbox 715 1411 828 1486; x_wconf 78' lang='grc' dir='ltr'><strong><em>ἄλλων</em></strong></span> <span class='ocrx_word' id='word_1_95' title='bbox 841 1410 960 1498; x_wconf 89' lang='grc' dir='ltr'><strong><em>ου’σίας</em></strong></span> <span class='ocrx_word' id='word_1_96' title='bbox 972 1415 1165 1504; x_wconf 82' lang='grc' dir='ltr'><strong><em>συνέβαινε,</em></strong></span> 
     </span>
     <span class='ocr_line' id='line_1_14' title="bbox 196 1511 1167 1607; baseline 0.002 -21"><span class='ocrx_word' id='word_1_97' title='bbox 196 1519 253 1588; x_wconf 84' lang='grc' dir='ltr'><strong><em>καὶ</em></strong></span> <span class='ocrx_word' id='word_1_98' title='bbox 271 1523 309 1588; x_wconf 90' lang='grc' dir='ltr'><strong><em>αἰ</em></strong></span> <span class='ocrx_word' id='word_1_99' title='bbox 323 1522 391 1586; x_wconf 71' lang='grc' dir='ltr'><strong><em>τῶν</em></strong></span> <span class='ocrx_word' id='word_1_100' title='bbox 409 1511 563 1607; x_wconf 75' lang='grc' dir='ltr'><strong><em>εὐπόρων</em></strong></span> <span class='ocrx_word' id='word_1_101' title='bbox 580 1523 683 1588; x_wconf 80' lang='grc' dir='ltr'><strong><em>οἰκίαι</em></strong></span> <span class='ocrx_word' id='word_1_102' title='bbox 702 1515 921 1607; x_wconf 79' lang='grc' dir='ltr'><strong><em>ἐπορδοῦντο,</em></strong></span> <span class='ocrx_word' id='word_1_103' title='bbox 945 1519 1002 1588; x_wconf 86' lang='grc' dir='ltr'><strong><em>καὶ</em></strong></span> <span class='ocrx_word' id='word_1_104' title='bbox 1020 1520 1167 1588; x_wconf 80' lang='grc' dir='ltr'><strong><em>ἐνοίκιον</em></strong></span> 
     </span>
     <span class='ocr_line' id='line_1_15' title="bbox 197 1615 1168 1712; baseline 0 -24"><span class='ocrx_word' id='word_1_105' title='bbox 197 1616 368 1690; x_wconf 75' lang='grc' dir='ltr'><strong><em>ἐνιαύσιον</em></strong></span> <span class='ocrx_word' id='word_1_106' title='bbox 385 1621 503 1688; x_wconf 75' lang='grc' dir='ltr'><strong><em>πασῶν</em></strong></span> <span class='ocrx_word' id='word_1_107' title='bbox 520 1620 588 1688; x_wconf 76' lang='grc' dir='ltr'><strong><em>τάν</em></strong></span> <span class='ocrx_word' id='word_1_108' title='bbox 606 1623 644 1689; x_wconf 85' lang='grc' dir='ltr'><strong><em>ἐν</em></strong></span> <span class='ocrx_word' id='word_1_109' title='bbox 659 1623 705 1712; x_wconf 76' lang='grc' dir='ltr'><strong><em>τῷ</em></strong></span> <span class='ocrx_word' id='word_1_110' title='bbox 723 1615 817 1690; x_wconf 80' lang='grc' dir='ltr'><strong><em>ἄστει</em></strong></span> <span class='ocrx_word' id='word_1_111' title='bbox 837 1623 953 1690; x_wconf 79' lang='grc' dir='ltr'><strong><em>οἰκιῶν</em></strong></span> <span class='ocrx_word' id='word_1_112' title='bbox 970 1620 1025 1689; x_wconf 86' lang='grc' dir='ltr'><strong><em>καί</em></strong></span> <span class='ocrx_word' id='word_1_113' title='bbox 1042 1621 1112 1688; x_wconf 81' lang='grc' dir='ltr'><strong><em>τεόν</em></strong></span> <span class='ocrx_word' id='word_1_114' title='bbox 1130 1622 1168 1689; x_wconf 88' lang='grc' dir='ltr'><strong><em>ἐν</em></strong></span> 
     </span>
     <span class='ocr_line' id='line_1_16' title="bbox 95 1715 1206 1814; baseline 0.005 -28"><span class='ocrx_word' id='word_1_115' title='bbox 95 1734 216 1786; x_wconf 83' lang='lat' dir='ltr'>WII141</span> <span class='ocrx_word' id='word_1_116' title='bbox 223 1725 264 1812; x_wconf 79' lang='grc' dir='ltr'><strong><em>τῇ</em></strong></span> <span class='ocrx_word' id='word_1_117' title='bbox 281 1724 382 1810; x_wconf 82' lang='grc' dir='ltr'><strong><em>λοιπῇ</em></strong></span> <span class='ocrx_word' id='word_1_118' title='bbox 401 1715 522 1814; x_wconf 76' lang='grc' dir='ltr'><strong><em>Ἰταλίᾳ</em></strong></span> <span class='ocrx_word' id='word_1_119' title='bbox 540 1717 738 1811; x_wconf 83' lang='grc' dir='ltr'><strong><em>ἐπράξαντο,</em></strong></span> <span class='ocrx_word' id='word_1_120' title='bbox 762 1722 831 1790; x_wconf 74' lang='grc' dir='ltr'><strong><em>τόν</em></strong></span> <span class='ocrx_word' id='word_1_121' title='bbox 847 1720 909 1809; x_wconf 75' lang='grc' dir='ltr'><strong><em>μὲν</em></strong></span> <span class='ocrx_word' id='word_1_122' title='bbox 926 1723 1168 1809; x_wconf 72' lang='grc' dir='ltr'><strong><em>μισθωθεισοίν</em></strong></span> <span class='ocrx_word' id='word_1_123' title='bbox 1180 1749 1206 1791; x_wconf 82' lang='grc' dir='ltr'><strong><em>ιι</em></strong></span> 
     </span>
     <span class='ocr_line' id='line_1_17' title="bbox 197 1811 1269 1915; baseline 0.002 -23"><span class='ocrx_word' id='word_1_124' title='bbox 197 1817 278 1892; x_wconf 80' lang='grc' dir='ltr'><strong><em>καθ’</em></strong></span> <span class='ocrx_word' id='word_1_125' title='bbox 302 1818 503 1913; x_wconf 88' lang='grc' dir='ltr'><strong><em>ὁλόκληρον,</em></strong></span> <span class='ocrx_word' id='word_1_126' title='bbox 531 1811 579 1892; x_wconf 76' lang='grc' dir='ltr'><strong><em>ὦν</em></strong></span> <span class='ocrx_word' id='word_1_127' title='bbox 598 1817 632 1892; x_wconf 86' lang='grc' dir='ltr'><strong><em>δ’</em></strong></span> <span class='ocrx_word' id='word_1_128' title='bbox 656 1827 691 1892; x_wconf 86' lang='grc' dir='ltr'><strong><em>οἰ</em></strong></span> <span class='ocrx_word' id='word_1_129' title='bbox 707 1819 865 1894; x_wconf 76' lang='grc' dir='ltr'><strong><em>δεσπόται</em></strong></span> <span class='ocrx_word' id='word_1_130' title='bbox 883 1821 1011 1915; x_wconf 75' lang='grc' dir='ltr'><strong><em>ᾤκουν,</em></strong></span> <span class='ocrx_word' id='word_1_131' title='bbox 1035 1824 1068 1904; x_wconf 83' lang='grc' dir='ltr'><strong><em>ἐξ</em></strong></span> <span class='ocrx_word' id='word_1_132' title='bbox 1090 1819 1166 1911; x_wconf 82' lang='grc' dir='ltr'><strong><em>ἡμι·</em></strong></span> <span class='ocrx_word' id='word_1_133' title='bbox 1267 1839 1269 1894; x_wconf 74' lang='grc' dir='ltr'><strong><em>ὲ</em></strong></span> 
     </span>
     <span class='ocr_line' id='line_1_18' title="bbox 165 1920 1268 2015; baseline 0.006 -27"><span class='ocrx_word' id='word_1_134' title='bbox 165 1929 302 2012; x_wconf 79' lang='grc' dir='ltr'><strong><em>οσείας,</em></strong></span> <span class='ocrx_word' id='word_1_135' title='bbox 319 1920 403 2015; x_wconf 89' lang='grc' dir='ltr'><strong><em>πρός</em></strong></span> <span class='ocrx_word' id='word_1_136' title='bbox 420 1921 482 2012; x_wconf 77' lang='grc' dir='ltr'><strong><em>τἠν</em></strong></span> <span class='ocrx_word' id='word_1_137' title='bbox 498 1925 556 2012; x_wconf 76' lang='grc' dir='ltr'><strong><em>τῆς</em></strong></span> <span class='ocrx_word' id='word_1_138' title='bbox 574 1925 768 2012; x_wconf 74' lang='grc' dir='ltr'><strong><em>καταγωγῆς</em></strong></span> <span class='ocrx_word' id='word_1_139' title='bbox 785 1921 896 2006; x_wconf 82' lang='grc' dir='ltr'><strong><em>ἆξίαν·</em></strong></span> <span class='ocrx_word' id='word_1_140' title='bbox 928 1925 985 1994; x_wconf 87' lang='grc' dir='ltr'><strong><em>καί</em></strong></span> <span class='ocrx_word' id='word_1_141' title='bbox 1001 1922 1081 2004; x_wconf 85' lang='grc' dir='ltr'><strong><em>τοδς</em></strong></span> <span class='ocrx_word' id='word_1_142' title='bbox 1098 1929 1167 1995; x_wconf 76' lang='grc' dir='ltr'><strong><em>τῶν</em></strong></span> <span class='ocrx_word' id='word_1_143' title='bbox 1265 1953 1268 2000; x_wconf 73' lang='lat'><em>3</em></span> 
     </span>
     <span class='ocr_line' id='line_1_19' title="bbox 197 2020 1266 2117; baseline -0.001 -20"><span class='ocrx_word' id='word_1_144' title='bbox 197 2031 330 2117; x_wconf 87' lang='grc' dir='ltr'><strong><em>χωρίων</em></strong></span> <span class='ocrx_word' id='word_1_145' title='bbox 346 2022 506 2116; x_wconf 79' lang='grc' dir='ltr'><strong><em>κτήτορας</em></strong></span> <span class='ocrx_word' id='word_1_146' title='bbox 523 2023 559 2096; x_wconf 85' lang='grc' dir='ltr'><strong><em>τό</em></strong></span> <span class='ocrx_word' id='word_1_147' title='bbox 576 2022 681 2114; x_wconf 81' lang='grc' dir='ltr'><strong><em>ἥμισυ</em></strong></span> <span class='ocrx_word' id='word_1_148' title='bbox 697 2027 765 2095; x_wconf 77' lang='grc' dir='ltr'><strong><em>τάν</em></strong></span> <span class='ocrx_word' id='word_1_149' title='bbox 782 2022 959 2114; x_wconf 88' lang='grc' dir='ltr'><strong><em>προσόδων</em></strong></span> <span class='ocrx_word' id='word_1_150' title='bbox 976 2020 1166 2114; x_wconf 75' lang='grc' dir='ltr'><strong><em>ἀφείλοντο,</em></strong></span> <span class='ocrx_word' id='word_1_151' title='bbox 1264 2105 1266 2114; x_wconf 19' lang='grc' dir='ltr'><strong><em>χ</em></strong></span> 
     </span>
     <span class='ocr_line' id='line_1_20' title="bbox 197 2123 1266 2222; baseline -0.006 -22"><span class='ocrx_word' id='word_1_152' title='bbox 197 2129 254 2200; x_wconf 89' lang='grc' dir='ltr'><strong><em>καί</em></strong></span> <span class='ocrx_word' id='word_1_153' title='bbox 277 2123 317 2198; x_wconf 86' lang='grc' dir='ltr'><strong><em>τά</em></strong></span> <span class='ocrx_word' id='word_1_154' title='bbox 342 2123 490 2222; x_wconf 84' lang='grc' dir='ltr'><strong><em>κτήματα</em></strong></span> <span class='ocrx_word' id='word_1_155' title='bbox 512 2129 580 2198; x_wconf 76' lang='grc' dir='ltr'><strong><em>τεόν</em></strong></span> <span class='ocrx_word' id='word_1_156' title='bbox 606 2129 828 2217; x_wconf 81' lang='grc' dir='ltr'><strong><em>κτεινομένων</em></strong></span> <span class='ocrx_word' id='word_1_157' title='bbox 856 2141 924 2209; x_wconf 81' lang='grc' dir='ltr'><strong><em>τοϊς</em></strong></span> <span class='ocrx_word' id='word_1_158' title='bbox 951 2123 1165 2216; x_wconf 83' lang='grc' dir='ltr'><strong><em>στρατιόταις</em></strong></span> <span class='ocrx_word' id='word_1_159' title='bbox 1264 2129 1266 2136; x_wconf 83' lang='lat'>&#39;</span> 
     </span>
     <span class='ocr_line' id='line_1_21' title="bbox 197 2222 1207 2321; baseline -0.002 -21"><span class='ocrx_word' id='word_1_160' title='bbox 197 2243 369 2321; x_wconf 80' lang='grc' dir='ltr'><strong><em>παρεῖχον,</em></strong></span> <span class='ocrx_word' id='word_1_161' title='bbox 386 2226 427 2298; x_wconf 88' lang='grc' dir='ltr'><strong><em>τά</em></strong></span> <span class='ocrx_word' id='word_1_162' title='bbox 444 2228 506 2318; x_wconf 77' lang='grc' dir='ltr'><strong><em>μὲν</em></strong></span> <span class='ocrx_word' id='word_1_163' title='bbox 525 2232 646 2316; x_wconf 75' lang='grc' dir='ltr'><strong><em>δῶρον,</em></strong></span> <span class='ocrx_word' id='word_1_164' title='bbox 664 2226 705 2298; x_wconf 85' lang='grc' dir='ltr'><strong><em>τά</em></strong></span> <span class='ocrx_word' id='word_1_165' title='bbox 719 2227 757 2298; x_wconf 82' lang='grc' dir='ltr'><strong><em>δέ</em></strong></span> <span class='ocrx_word' id='word_1_166' title='bbox 771 2230 1041 2313; x_wconf 77' lang='grc' dir='ltr'><strong><em>ἐπευωνίζοντες·</em></strong></span> <span class='ocrx_word' id='word_1_167' title='bbox 1067 2222 1163 2298; x_wconf 88' lang='grc' dir='ltr'><strong><em>άπεί-</em></strong></span> <span class='ocrx_word' id='word_1_168' title='bbox 1178 2257 1207 2298; x_wconf 80' lang='grc' dir='ltr'><strong><em>εο</em></strong></span> 
     </span>
     <span class='ocr_line' id='line_1_22' title="bbox 198 2325 1167 2422; baseline -0.004 -20"><span class='ocrx_word' id='word_1_169' title='bbox 198 2359 279 2422; x_wconf 89' lang='grc' dir='ltr'><strong><em>ρητο</em></strong></span> <span class='ocrx_word' id='word_1_170' title='bbox 302 2329 367 2419; x_wconf 80' lang='grc' dir='ltr'><strong><em>γάρ</em></strong></span> <span class='ocrx_word' id='word_1_171' title='bbox 390 2331 520 2417; x_wconf 91' lang='grc' dir='ltr'><strong><em>μηδέυα</em></strong></span> <span class='ocrx_word' id='word_1_172' title='bbox 537 2335 605 2400; x_wconf 76' lang='grc' dir='ltr'><strong><em>τῶν</em></strong></span> <span class='ocrx_word' id='word_1_173' title='bbox 622 2327 734 2400; x_wconf 75' lang='grc' dir='ltr'><strong><em>ἄλλων</em></strong></span> <span class='ocrx_word' id='word_1_174' title='bbox 750 2325 902 2401; x_wconf 84' lang='grc' dir='ltr'><strong><em>άπαντάν</em></strong></span> <span class='ocrx_word' id='word_1_175' title='bbox 920 2336 968 2412; x_wconf 83' lang='grc' dir='ltr'><strong><em>εἰς</em></strong></span> <span class='ocrx_word' id='word_1_176' title='bbox 984 2328 1022 2401; x_wconf 86' lang='grc' dir='ltr'><strong><em>τό</em></strong></span> <span class='ocrx_word' id='word_1_177' title='bbox 1039 2327 1167 2420; x_wconf 77' lang='grc' dir='ltr'><strong><em>πρατή-</em></strong></span> 
     </span>
     <span class='ocr_line' id='line_1_23' title="bbox 198 2426 1249 2527; baseline -0.003 -25"><span class='ocrx_word' id='word_1_178' title='bbox 198 2461 273 2520; x_wconf 90' lang='grc' dir='ltr'><strong><em>ριον</em></strong></span> <span class='ocrx_word' id='word_1_179' title='bbox 286 2426 519 2520; x_wconf 72' lang='grc' dir='ltr'><strong><em>ὠνησόμενον·</em></strong></span> <span class='ocrx_word' id='word_1_180' title='bbox 545 2427 696 2506; x_wconf 75' lang='grc' dir='ltr'><strong><em>θάνατον</em></strong></span> <span class='ocrx_word' id='word_1_181' title='bbox 708 2429 864 2515; x_wconf 83' lang='grc' dir='ltr'><strong><em>τάξαντες</em></strong></span> <span class='ocrx_word' id='word_1_182' title='bbox 877 2434 924 2527; x_wconf 77' lang='grc' dir='ltr'><strong><em>τηό</em></strong></span> <span class='ocrx_word' id='word_1_183' title='bbox 936 2428 1167 2518; x_wconf 78' lang='grc' dir='ltr'><strong><em>ἀπαντήσαντι</em></strong></span> <span class='ocrx_word' id='word_1_184' title='bbox 1240 2482 1249 2494; x_wconf 83' lang='lat'><em>.</em></span> 
     </span>
     <span class='ocr_line' id='line_1_24' title="bbox 200 2529 1168 2626; baseline -0.002 -22"><span class='ocrx_word' id='word_1_185' title='bbox 200 2537 374 2622; x_wconf 80' lang='grc' dir='ltr'><strong><em>ἐπιτίμιον.</em></strong></span> <span class='ocrx_word' id='word_1_186' title='bbox 422 2534 479 2602; x_wconf 84' lang='grc' dir='ltr'><strong><em>καὶ</em></strong></span> <span class='ocrx_word' id='word_1_187' title='bbox 507 2529 609 2624; x_wconf 85' lang='grc' dir='ltr'><strong><em>άρχάς</em></strong></span> <span class='ocrx_word' id='word_1_188' title='bbox 638 2535 694 2603; x_wconf 90' lang='grc' dir='ltr'><strong><em>καί</em></strong></span> <span class='ocrx_word' id='word_1_189' title='bbox 723 2532 816 2623; x_wconf 85' lang='grc' dir='ltr'><strong><em>τιμάς</em></strong></span> <span class='ocrx_word' id='word_1_190' title='bbox 839 2535 894 2604; x_wconf 86' lang='grc' dir='ltr'><strong><em>καί</em></strong></span> <span class='ocrx_word' id='word_1_191' title='bbox 918 2531 1168 2626; x_wconf 76' lang='grc' dir='ltr'><strong><em>ἀρχιερωσύνας</em></strong></span> 
     </span>
     <span class='ocr_line' id='line_1_25' title="bbox 200 2631 1168 2726; baseline -0.001 -21"><span class='ocrx_word' id='word_1_192' title='bbox 200 2637 375 2723; x_wconf 85' lang='grc' dir='ltr'><strong><em>ἐδίδοσαν,</em></strong></span> <span class='ocrx_word' id='word_1_193' title='bbox 400 2636 456 2706; x_wconf 87' lang='grc' dir='ltr'><strong><em>καί</em></strong></span> <span class='ocrx_word' id='word_1_194' title='bbox 479 2631 602 2726; x_wconf 90' lang='grc' dir='ltr'><strong><em>νόμους</em></strong></span> <span class='ocrx_word' id='word_1_195' title='bbox 625 2632 705 2718; x_wconf 82' lang='grc' dir='ltr'><strong><em>τοδς</em></strong></span> <span class='ocrx_word' id='word_1_196' title='bbox 720 2635 782 2724; x_wconf 69' lang='grc' dir='ltr'><strong><em>μὲν</em></strong></span> <span class='ocrx_word' id='word_1_197' title='bbox 800 2632 1006 2725; x_wconf 79' lang='grc' dir='ltr'><strong><em>άπήλειυαν,</em></strong></span> <span class='ocrx_word' id='word_1_198' title='bbox 1030 2631 1110 2715; x_wconf 85' lang='grc' dir='ltr'><strong><em>τοδς</em></strong></span> <span class='ocrx_word' id='word_1_199' title='bbox 1129 2635 1168 2705; x_wconf 74' lang='grc' dir='ltr'><strong><em>δέ</em></strong></span> 
     </span>
     <span class='ocr_line' id='line_1_26' title="bbox 199 2734 1206 2827; baseline 0 -21"><span class='ocrx_word' id='word_1_200' title='bbox 199 2734 476 2827; x_wconf 73' lang='grc' dir='ltr'><strong><em>άυτενίγραψαν,</em></strong></span> <span class='ocrx_word' id='word_1_201' title='bbox 512 2738 568 2810; x_wconf 87' lang='grc' dir='ltr'><strong><em>καὶ</em></strong></span> <span class='ocrx_word' id='word_1_202' title='bbox 603 2743 671 2807; x_wconf 82' lang='grc' dir='ltr'><strong><em>πάν</em></strong></span> <span class='ocrx_word' id='word_1_203' title='bbox 705 2735 788 2808; x_wconf 87' lang='grc' dir='ltr'><strong><em>κατά</em></strong></span> <span class='ocrx_word' id='word_1_204' title='bbox 821 2734 859 2807; x_wconf 87' lang='grc' dir='ltr'><strong><em>τό</em></strong></span> <span class='ocrx_word' id='word_1_205' title='bbox 895 2739 1019 2808; x_wconf 76' lang='grc' dir='ltr'><strong><em>δοκοῦν</em></strong></span> <span class='ocrx_word' id='word_1_206' title='bbox 1054 2734 1206 2820; x_wconf 80' lang='grc' dir='ltr'><strong><em>αὐτοῑςιε</em></strong></span> 
     </span>
     <span class='ocr_line' id='line_1_27' title="bbox 199 2834 1168 2930; baseline -0.002 -20"><span class='ocrx_word' id='word_1_207' title='bbox 199 2846 384 2930; x_wconf 79' lang='grc' dir='ltr'><strong><em>ἔπρασσον,</em></strong></span> <span class='ocrx_word' id='word_1_208' title='bbox 412 2834 497 2910; x_wconf 69' lang='grc' dir='ltr'><strong><em>ὥστε</em></strong></span> <span class='ocrx_word' id='word_1_209' title='bbox 521 2836 668 2930; x_wconf 83' lang='grc' dir='ltr'><strong><em>χρηστὴν</em></strong></span> <span class='ocrx_word' id='word_1_210' title='bbox 690 2837 754 2927; x_wconf 78' lang='grc' dir='ltr'><strong><em>τὴν</em></strong></span> <span class='ocrx_word' id='word_1_211' title='bbox 776 2842 836 2910; x_wconf 81' lang='grc' dir='ltr'><strong><em>τοῦ</em></strong></span> <span class='ocrx_word' id='word_1_212' title='bbox 853 2834 1066 2930; x_wconf 81' lang='grc' dir='ltr'><strong><em>άνηρημίνον</em></strong></span> <span class='ocrx_word' id='word_1_213' title='bbox 1084 2843 1168 2909; x_wconf 87' lang='grc' dir='ltr'><strong><em>Καί·</em></strong></span> 
     </span>
     <span class='ocr_line' id='line_1_28' title="bbox 199 2947 719 3034; baseline -0.004 -22"><span class='ocrx_word' id='word_1_214' title='bbox 199 2964 299 3034; x_wconf 87' lang='grc' dir='ltr'><strong><em>σαρος</em></strong></span> <span class='ocrx_word' id='word_1_215' title='bbox 315 2947 500 3030; x_wconf 82' lang='grc' dir='ltr'><strong><em>μοναρχίαν</em></strong></span> <span class='ocrx_word' id='word_1_216' title='bbox 517 2947 719 3029; x_wconf 76' lang='grc' dir='ltr'><strong><em>νομίζεσθαι.</em></strong></span> 
     </span>
     <span class='ocr_line' id='line_1_29' title="bbox 148 3031 1169 3132; baseline -0.002 -19"><span class='ocrx_word' id='word_1_217' title='bbox 148 3043 202 3115; x_wconf 73' lang='grc'><strong><em>18,</em></strong></span> <span class='ocrx_word' id='word_1_218' title='bbox 281 3041 348 3113; x_wconf 90' lang='grc' dir='ltr'><strong><em>Τὸν</em></strong></span> <span class='ocrx_word' id='word_1_219' title='bbox 373 3042 436 3128; x_wconf 76' lang='grc' dir='ltr'><strong><em>μὲν</em></strong></span> <span class='ocrx_word' id='word_1_220' title='bbox 459 3031 523 3114; x_wconf 79' lang='grc' dir='ltr'><strong><em>οὖν</em></strong></span> <span class='ocrx_word' id='word_1_221' title='bbox 546 3041 700 3114; x_wconf 81' lang='grc' dir='ltr'><strong><em>ἐνιαυτὸν</em></strong></span> <span class='ocrx_word' id='word_1_222' title='bbox 719 3043 850 3114; x_wconf 77' lang='grc' dir='ltr'><strong><em>ἐκεῖνον</em></strong></span> <span class='ocrx_word' id='word_1_223' title='bbox 866 3045 971 3112; x_wconf 81' lang='grc' dir='ltr'><strong><em>ταῦτα</em></strong></span> <span class='ocrx_word' id='word_1_224' title='bbox 989 3043 1169 3132; x_wconf 81' lang='grc' dir='ltr'><strong><em>ἐποίησαν·</em></strong></span> 
     </span>
     <span class='ocr_line' id='line_1_30' title="bbox 165 3141 1235 3233; baseline 0.002 -22"><span class='ocrx_word' id='word_1_225' title='bbox 165 3147 260 3212; x_wconf 79' lang='grc' dir='ltr'><strong><em>1)τοῦ</em></strong></span> <span class='ocrx_word' id='word_1_226' title='bbox 287 3143 325 3213; x_wconf 73' lang='grc' dir='ltr'><strong><em>δὲ</em></strong></span> <span class='ocrx_word' id='word_1_227' title='bbox 347 3147 501 3214; x_wconf 76' lang='grc' dir='ltr'><strong><em>Λεπίδου</em></strong></span> <span class='ocrx_word' id='word_1_228' title='bbox 523 3148 583 3215; x_wconf 84' lang='grc' dir='ltr'><strong><em>τοῦ</em></strong></span> <span class='ocrx_word' id='word_1_229' title='bbox 606 3141 751 3233; x_wconf 87' lang='grc' dir='ltr'><strong><em>Μάρκον</em></strong></span> <span class='ocrx_word' id='word_1_230' title='bbox 773 3149 834 3214; x_wconf 81' lang='grc' dir='ltr'><strong><em>τοῦ</em></strong></span> <span class='ocrx_word' id='word_1_231' title='bbox 857 3171 893 3216; x_wconf 92' lang='grc' dir='ltr'><strong><em>τε</em></strong></span> <span class='ocrx_word' id='word_1_232' title='bbox 916 3141 1076 3232; x_wconf 74' lang='grc' dir='ltr'><strong><em>Πλάγκον</em></strong></span> <span class='ocrx_word' id='word_1_233' title='bbox 1107 3149 1170 3214; x_wconf 78' lang='grc' dir='ltr'><strong><em>τοῦ</em></strong></span> <span class='ocrx_word' id='word_1_234' title='bbox 1229 3162 1235 3231; x_wconf 85' lang='grc'><strong><em>;“</em></strong></span> 
     </span>
     <span class='ocr_line' id='line_1_31' title="bbox 200 3240 1205 3336; baseline 0.005 -25"><span class='ocrx_word' id='word_1_235' title='bbox 200 3249 348 3312; x_wconf 87' lang='grc' dir='ltr'><strong><em>Λουκίου</em></strong></span> <span class='ocrx_word' id='word_1_236' title='bbox 365 3249 412 3336; x_wconf 80' lang='grc' dir='ltr'><strong><em>τῷ</em></strong></span> <span class='ocrx_word' id='word_1_237' title='bbox 431 3242 559 3314; x_wconf 86' lang='grc' dir='ltr'><strong><em>ἐπιόντι</em></strong></span> <span class='ocrx_word' id='word_1_238' title='bbox 577 3252 644 3318; x_wconf 80' lang='grc' dir='ltr'><strong><em>ἐπει</em></strong></span> <span class='ocrx_word' id='word_1_239' title='bbox 660 3242 924 3318; x_wconf 81' lang='grc' dir='ltr'><strong><em>ὑπατευσάντων</em></strong></span> <span class='ocrx_word' id='word_1_240' title='bbox 948 3245 1026 3335; x_wconf 84' lang='grc' dir='ltr'><strong><em>τέλη</em></strong></span> <span class='ocrx_word' id='word_1_241' title='bbox 1047 3271 1084 3315; x_wconf 90' lang='grc' dir='ltr'><strong><em>τε</em></strong></span> <span class='ocrx_word' id='word_1_242' title='bbox 1100 3240 1167 3336; x_wconf 74' lang='grc' dir='ltr'><strong><em>ἤδη</em></strong></span> <span class='ocrx_word' id='word_1_243' title='bbox 1181 3268 1205 3308; x_wconf 77' lang='grc' dir='ltr'><strong><em>ν</em></strong></span> 
     </span>
    </p>
   </div>
   <div class='ocr_carea' id='block_1_3' title="bbox 205 3387 403 3400">
    <p class='ocr_par' dir='ltr' id='par_1_3' title="bbox 205 3387 403 3400">
     <span class='ocr_line' id='line_1_32' title="bbox 205 3387 403 3400; baseline 0.01 -2"><span class='ocrx_word' id='word_1_244' title='bbox 205 3387 403 3400; x_wconf 52' lang='grc' dir='ltr'><strong>Μ</strong></span> 
     </span>
    </p>
   </div>
   <div class='ocr_carea' id='block_1_4' title="bbox 271 3468 1233 3547">
    <p class='ocr_par' dir='ltr' id='par_1_4' title="bbox 271 3468 1233 3547">
     <span class='ocr_line' id='line_1_33' title="bbox 271 3468 1233 3547; baseline 0.016 -28"><span class='ocrx_word' id='word_1_245' title='bbox 271 3468 337 3535; x_wconf 81' lang='lat' dir='ltr'><strong>Cap.</strong></span> <span class='ocrx_word' id='word_1_246' title='bbox 357 3475 397 3524; x_wconf 86' lang='lat'><strong><em>18.</em></strong></span> <span class='ocrx_word' id='word_1_247' title='bbox 433 3473 531 3526; x_wconf 77' lang='lat' dir='ltr'><strong>Dionis</strong></span> <span class='ocrx_word' id='word_1_248' title='bbox 548 3473 691 3530; x_wconf 74' lang='lat' dir='ltr'><strong>Historiae</strong></span> <span class='ocrx_word' id='word_1_249' title='bbox 709 3479 851 3533; x_wconf 74' lang='lat' dir='ltr'><strong>Romanae</strong></span> <span class='ocrx_word' id='word_1_250' title='bbox 869 3479 886 3532; x_wconf 91' lang='lat' dir='ltr'><strong><em>l.</em></strong></span> <span class='ocrx_word' id='word_1_251' title='bbox 906 3481 949 3545; x_wconf 80' lang='grc'><strong><em>47,</em></strong></span> <span class='ocrx_word' id='word_1_252' title='bbox 970 3495 995 3532; x_wconf 88' lang='grc' dir='ltr'><strong><em>ο.</em></strong></span> <span class='ocrx_word' id='word_1_253' title='bbox 1014 3479 1122 3532; x_wconf 81' lang='grc'><strong>16-34.</strong></span> <span class='ocrx_word' id='word_1_254' title='bbox 1229 3498 1233 3547; x_wconf 84' lang='grc'>;</span> 
     </span>
    </p>
   </div>
   <div class='ocr_carea' id='block_1_5' title="bbox 0 0 1287 3820">
    <p class='ocr_par' dir='ltr' id='par_1_5' title="bbox 0 0 1287 3820">
     <span class='ocr_line' id='line_1_34' title="bbox 0 0 1287 3820; baseline 0 0"><span class='ocrx_word' id='word_1_255' title='bbox 0 0 1287 3820; x_wconf 95' lang='lat' dir='ltr'><strong><em> </em></strong></span> 
     </span>
    </p>
   </div>
  </div>
 </body>
</html>
