2566 3812
204 120 322 206 σμ’
547 141 935 198 mmmm·

204 285 263 370 τῆς
288 279 418 371 Λιβύης
442 280 647 371 βασιλεύων,
680 282 735 352 καὶ
759 279 1044 365 καταλλάσσοντος
1074 289 1174 372 σφᾶς,

206 382 399 455 όΣκιπίωυ
416 379 479 454 ούκ
504 390 598 454 ἰδίαν
624 391 752 473 ἔχθραν
776 391 864 473 ἔχειν
889 384 983 454 εἰπευ
1008 381 1085 455 ούτε
1108 385 1175 474 μὴν

204 482 290 574 ύπέρ
320 492 389 556 τόν
417 489 540 556 κοινῶν
572 483 743 556 δύνασθαι
772 483 853 556 καθ’
880 483 1001 557 ἑαυτὸν
1029 485 1175 556 καταλύ-

205 597 339 657 σασθαι.

279 683 489 776 Ἐπαυὴλθεν
505 678 568 760 ούν
590 677 708 770 αὖθις·
736 689 793 757 καὶ
813 683 1033 779 Ἰλιτερχίταις
1058 689 1201 759 ἐπολέ-σ

204 809 328 878 μησεν,
344 787 395 860 ὅτι
407 785 486 870 τούς
499 789 583 880 πρός
597 785 719 871 αύτούς
732 786 986 879 καταφυγόντας
994 788 1175 878 Ῥωμαίους

204 888 286 980 μετά
303 890 363 962 τόν
379 895 448 962 τῶν
462 888 667 963 Σκιπιτόνων
679 889 830 962 θάνατον
846 906 917 972 τοῖς
935 896 1175 981 Καρχηδονίοις

205 993 381 1075 ἐξέδωκαυ.
417 993 474 1062 καὶ
491 988 533 1063 ού
546 990 710 1084 πρότερον
727 996 786 1081 τῆς
798 989 926 1074 πόλεως
944 990 1058 1062 αὐτῶν
1075 990 1175 1084 ἐκρά-

203 1115 285 1182 τησε
302 1097 384 1184 πρὶν
401 1091 499 1176 αύτός
523 1099 583 1166 τού
599 1101 730 1183 τείχους
756 1097 911 1182 ἐπιβῆναι
935 1091 1093 1183 ἐτόλμησε
1116 1097 1174 1164 καὶ

205 1193 347 1284 ἐιριόθη.
383 1198 599 1278 αἰδεσθέντες
615 1193 680 1284 γάρ
697 1200 733 1265 οἰ
747 1197 943 1284 στρατιῶται
959 1197 1016 1266 καὶ
1035 1201 1173 1266 δείσαν-
1189 1225 1218 1265 ιο

170 1321 257 1378 Βτες
275 1299 354 1386 περὶ
372 1301 490 1392 ἐκείνφ
507 1295 581 1370 τότε
605 1298 814 1387 προσέβαλον
832 1295 1079 1387 προθυμότατα.
1117 1300 1174 1368 καὶ

115 1427 117 1434 ’
204 1398 429 1487 κρατήσαντες
441 1395 520 1482 τούς
532 1399 595 1488 μὲν
606 1393 809 1490 ἀνθρώπους
823 1396 949 1480 πάντας
962 1393 1174 1488 άπέατειυαυ,

207 1497 270 1588 τὴν
296 1500 334 1570 δὲ
358 1498 457 1570 πόλιν
480 1501 699 1589 κατέπρησαν
716 1497 860 1572 ἅπασαν.
914 1501 970 1570 καὶ
1000 1505 1047 1595 τῷ
1076 1497 1173 1594 φόβῳ

102 1598 321 1694 ΨΙΙθιτούτφ
334 1603 451 1671 πολλοὶ
464 1601 527 1691 μὲν
544 1599 676 1684 ἑκόντες
690 1597 783 1696 αύτῷ
800 1599 1072 1692 προσεχώρησαν,
1091 1611 1173 1672 πολ-

203 1703 257 1771 λοὶ
277 1703 388 1772 δὲκαὶ
411 1709 475 1796 βίη
488 1708 700 1793 κεχείρωυτο·
727 1705 816 1785 τινὲς
840 1704 878 1774 δὲ
894 1701 1173 1794 πολιορκούμενοι
1188 1732 1216 1773 ιε

203 1800 261 1884 τάς
278 1831 314 1875 τε
331 1801 444 1885 πόλεις
463 1805 591 1876 ἑαυτῶν
615 1810 729 1876 ἔκαιον
751 1807 808 1876 καὶ
825 1803 910 1888 τούς
926 1811 1072 1888 οἰκείους
1096 1804 1173 1894 ἐφό-

203 1931 322 1993 νευον,
342 1907 396 1976 ἐπὶ
415 1905 453 1978 δδ
469 1906 598 1989 τούτοις
616 1909 672 1976 καί
690 1904 837 1988 ἑαυτούς.

284 2003 333 2078 Τά
355 2013 459 2078 πλείω
491 2009 528 2078 δὲ
559 2006 870 2098 καταστρεψάμενος
895 2007 914 2078 ὁ
939 2014 1093 2080 Σκιπίων
1124 2015 1173 2091 είς

202 2106 405 2199 Καρχηδόνα
434 2107 622 2194 άνέζευξεν·
657 2116 743 2180 ἔνθα
772 2113 820 2203 τῷ
850 2137 885 2181 τε
914 2112 1014 2199 πατρὶ
1041 2113 1098 2181 καὶ
1124 2117 1171 2206 τῷ
1279 2147 1280 2150 “

201 2216 288 2304 θείςο
323 2213 519 2300 ἐπιταφίους
553 2210 685 2300 άμιόνας
714 2209 919 2302 ὁπλομαχίας
954 2218 1061 2310 ἔθετο.
1113 2208 1169 2282 ὅτε
1183 2240 1214 2282 το
1278 2205 1279 2208 “

202 2311 319 2382 πολλοὶ
342 2312 404 2406 μὲν
428 2313 484 2382 καὶ
508 2316 614 2402 ἕτεροι
636 2311 863 2402 ἠγωνίσαντο,
887 2314 944 2384 καὶ
967 2311 1109 2404 ἀδελφοὶ
1132 2315 1172 2385 δὲ

203 2409 265 2481 δύο
282 2414 359 2502 περὶ
372 2419 544 2500 βασιλείας
558 2413 809 2506 διαφερόμενοι,
828 2421 936 2486 καίτοι
949 2419 1010 2487 τού
1021 2421 1171 2488 Σκιπίω-
1278 2453 1279 2482 ;

170 2537 263 2594 ονος
287 2512 492 2598 συναλλάξαι
519 2514 641 2606 αύτούς
663 2515 934 2601 σπουδάσαντος·
967 2516 1063 2588 καὶ“
1048 2546 1067 2588 ο
1091 2543 1204 2608 πρε·
1278 2517 1279 2524 '

201 2609 363 2704 σβύτερος
398 2613 456 2686 τόν
489 2615 655 2709 νεάτερον
689 2625 798 2690 καίτοι
841 2615 1107 2712 ίσχυρότερον”
1088 2647 1171 2690 οντα

200 2711 405 2788 άπέκτεινευ.
1186 2747 1215 2790 τι
1277 2777 1278 2820 ,

274 2812 484 2909 Ἠρρύστησε
502 2821 540 2890 δὲ
556 2816 763 2912 μετέπειτα*
747 2847 764 2891 ο
784 2828 956 2910 Σκιπίων,
981 2818 1046 2892 κάν
1062 2818 1170 2916 τούτφ
1277 2821 1278 2896 λ

201 2919 483 3010 ἐνεωτέρισαυοί
500 2918 643 3013 ’ᾞΙβηρες
696 2923 886 3012 στράτευμα
914 2921 978 3014 γάρ
1001 2925 1063 2992 τού
1085 2893 1172 2996 Σκί·
1275 2939 1278 2960 “’

200 3026 325 3102 πίωνος
342 3023 420 3110 περὶ
435 3027 621 3115 Σομκρύνα
634 3021 788 3148 χειμάζον
806 3022 963 3115 ἐκινήθη,
981 3025 1038 3094 καί
1050 3021 1173 3118 πρηόηυ

198 3115 264 3189 ούιι
282 3118 478 3206 εύπειθδς”
457 3153 516 3215 ον,
540 3121 581 3196 ού
599 3151 667 3216 μην
689 3123 859 3249 φανεράν
864 3124 1072 3196 ἀποστασίαν
1097 3128 1173 3196 ἐπι-

201 3218 410 3310 δειξάμενον
437 3222 567 3296 τότεδ’
595 3224 802 3318 αἰσθόμενον
825 3224 884 3298 τόν
907 3233 1085 3298 Σκιπίωνα
1107 3225 1171 3298 κά·
1186 3257 1215 3298 ευ

199 3345 345 3411 μνοντα,
377 3326 449 3396 ἐπεί
473 3326 571 3396 ταδ’
552 3357 573 3416 η
595 3326 788 3422 μισθοφορά
818 3326 931 3410 αύτοίς
956 3324 1170 3418 ἐβραδύνθη,

196 3415 399 3509 άναφαυδδυ
422 3423 631 3518 άπέστησαν,
662 3431 718 3500 καί
742 3429 821 3512 τούς
850 3426 1041 3522 χιλιάρχους
1070 3453 1173 3520 σφων
