2566 3812
167 152 232 219 254
494 153 567 207 LIB.
579 151 628 205 lx.
647 151 727 204 OAP.
739 152 763 204 1.
779 152 818 204 11.

167 290 339 385 Μαάρβον
351 297 592 376 συναινούντος
605 294 702 363 τούτο
714 295 859 381 ποιῆσαι.
892 285 943 360 διδ
956 291 1012 360 καλ
1026 295 1137 360 αἰτίαν

78 391 85 408 ’
168 402 266 486 ἔσχεν
296 393 341 477 ώς
370 397 471 467 νικᾶν
496 393 559 483 μὲν
586 390 790 484 δυνάμενος,
820 394 966 483 χρῆσθαι
997 390 1034 462 δλ
1064 407 1136 473 ταῖς

168 503 278 578 νίκαις
303 491 368 568 αύκ
397 493 622 585 ἐπιστάμενος
678 495 750 566 ἐπεὶ
778 491 879 565 66‘
841 521 915 565 τοτε
940 493 1136 584 ἐμέλλησαν,

168 595 280 670 ούκέτι
302 593 379 668 οὐδ’
399 586 499 680 αὖθις
524 591 748 688 ἠπείχθησαν
787 595 839 666 διδ
862 592 957 666 καλ’
941 623 959 666 ο
981 590 1136 682 Ἀννίβας

169 697 213 782 ώς
231 697 390 790 ἁμαρτών
406 699 617 789 μετεμέλετο,
636 699 786 789 συνεχώς
803 691 991 787 άναβοών“
995 725 1022 768 ω
1009 685 1136 768 Κάν-
1148 723 1162 766 τ

168 829 226 873 ναι
242 797 404 872 Κάνναι.”
1149 835 1151 840 ·

141 908 162 972 2
248 907 294 973 Οί
315 903 353 974 δὲ
377 899 419 990 δὴ
432 899 585 1024 Ῥωμαῖοι
609 901 700 991 παρὰ
722 897 831 998 βραχύ
854 897 1137 1022 κινδυνεύσαντες

25 1051 32 1074 ,ι
166 1000 395 1075 άπολέσθαι’
360 1001 669 1126 αντεπεκράτησαν
693 1001 752 1074 διδι
773 1030 834 1073 του
822 1004 1061 1082 Σκιπίωνος·
1098 996 1136 1081 ὃς

132 1102 241 1187 Βυίδς
264 1093 373 1195 μὲν
350 1133 395 1193 ην
417 1111 476 1175 τοῦ
499 1111 677 1176 Πουπλίου
700 1107 762 1175 τού
786 1106 823 1174 έν
847 1107 889 1194 τῆ
909 1099 1050 1196 Ἰβηρία,
1079 1102 1135 1171 καλ

166 1205 225 1278 τὸν
251 1201 421 1298 πατέρα’
402 1232 457 1276 οτε
485 1203 616 1297 ἐτρώθη
641 1209 842 1296 περιέσωσε,
869 1203 944 1276 τότε
970 1204 1009 1274 δὲ
1034 1226 1133 1292 στρα-
1149 1234 1174 1274 ιο

166 1305 343 1398 πενόμενος
362 1314 410 1388 είς
427 1334 464 1378 το
453 1305 652 1380 Κανύσιον
670 1315 792 1397 ἔφυγε,
811 1303 903 1377 καὶ”
880 1329 1022 1398 νστερον
1040 1300 1134 1376 εύδο·

35 1479 38 1487 ,
166 1416 296 1499 κίμησε.
332 1403 414 1498 παρ’
434 1405 579 1480 ἑκόντων
596 1405 661 1499 γάρ
678 1413 747 1480 τών
764 1406 1012 1498 συμφυγόντων
1034 1412 1081 1487 εἰς
1098 1404 1136 1475 τὸ

168 1508 343 1583 Κανύσιον
359 1512 422 1599 τὴν
437 1508 622 1599 ἡγεμονίαν
644 1507 760 1598 λαβών
775 1509 816 1580 τά
833 1537 870 1600 τε
893 1514 964 1581 ἐκεῖ
978 1505 1136 1596 κατεστή-

168 1633 249 1682 σατο
279 1614 336 1682 καὶ
365 1628 434 1693 τοῖς
464 1609 704 1702 πλησιοχώροις
738 1611 889 1701 φρουράς
919 1619 1045 1699 ἔπεμψε
1078 1609 1135 1679 καλ
1273 1693 1274 1708 ¹

168 1712 278 1784 πάντα
294 1715 403 1796 καλῶς
422 1709 603 1800 ἐβούλευσέ
617 1741 654 1784 τε
671 1716 727 1783 καὶ
745 1717 896 1804 ἔπραξεν.
1148 1739 1174 1779 τε
1273 1757 1274 1788 ;

248 1818 294 1885 Οί
316 1809 350 1885 δ’
369 1819 407 1885 έν
430 1817 473 1905 τῇ
485 1809 592 1905 Ρώμη
615 1844 678 1904 την
694 1805 798 1904 ἧτταν
823 1810 924 1905 μέν’
903 1833 1069 1904 ηκουσαν,
1094 1807 1135 1882 ού

166 1943 234 2006 μην
257 1918 314 1986 καλ
338 1918 396 1987 έπί
381 1923 523 1988 ίστενον.
564 1913 801 1998 πιστεύσαντες
829 1912 862 1986 δ’
888 1917 1057 1987 ἐπένθουν
1079 1917 1135 1984 καὶ

167 2015 341 2101 συνιοντες
358 2014 458 2098 είς
423 2045 460 2088 το
484 2016 728 2141 συνέδριον’
682 2046 728 2141 μη
751 2046 783 2088 τι
806 2015 1010 2110 πράσσοντες
1028 2013 1136 2104 ἀπηλ-

166 2117 338 2192 λάσσοντο
375 2115 494 2203 6666'
513 2109 576 2191 ούν
599 2117 763 2209 ὁΦάβιος
786 2117 926 2243 γνώμην
949 2124 1054 2189 ἔδωκε
1077 2145 1134 2188 κα·

134 2219 359 2392 Οτασκόπους
370 2223 496 2310 πέμψαι
520 2218 600 2304 τούς
616 2217 841 2310 άγγελοῦντας
864 2218 902 2291 τὸ
923 2215 1060 2310 γεγονὸς
1077 2220 1173 2288 καίεο

64 2331 249 2408 ορχχςρτίο
231 2319 343 2395 οἈνν
344 2329 419 2410 ίβας
429 2319 591 2492 πράττει,
615 2319 738 2405 αύτούς
763 2319 860 2393 δὲ
817 2351 862 2413 μη
884 2329 1031 2409 κλαίειν,
1055 2327 1133 2410 σιγῇ

173 2425 334 2512 δβαδίζ
335 2427 464 2511 ειν,ἵν
443 2419 540 2495 ν’έν
565 2428 670 2520 καιρῷ
693 2424 732 2495 τά
760 2419 972 2517 προσήκοντα
994 2427 1133 2511 γινοιτο,

169 2522 317 2614 δύναμίν
333 2551 369 2594 τε
385 2523 576 2608 συλλέξαι“
558 2547 642 2615 οσην
664 2521 707 2597 διν
727 2523 885 2597 δύναιντο
904 2521 1056 2606 καὶτοὺς
1073 2549 1134 2593 πε-

168 2631 316 2717 ριοίκους
347 2628 617 2699 ἐπικαλέσασθαι.
670 2626 752 2718 μετὰ
784 2627 822 2698 δὲ
855 2629 961 2698 ταῦτα
995 2623 1040 2707 ὦς
1074 2623 1134 2695 τὸν

162 2725 322 2817 Ἀννίβαν
340 2731 378 2798 έν
389 2732 432 2820 τῇ
448 2723 608 2822 Ἀπουλίρι
625 2728 706 2800 ὄντα
720 2735 865 2819 ἔμαθον,
884 2729 940 2798 καὶ
957 2723 1133 2818 γράμματα
1146 2753 1174 2794 τι

165 2829 256 2918 παρά
280 2833 340 2902 τού
368 2837 547 2921 Τερεντίου
572 2832 725 2914 ἐδέξαντο
750 2830 801 2902 ὅτι
824 2836 953 2922 περιείη
983 2827 1040 2899 καὶ
1069 2823 1133 2898 ὅσα

165 2929 320 3022 πράττοι,
352 2931 474 3024 μικρὸν
495 2928 743 3023 ἀνεθάρσησαν.
791 2934 849 3003 καλ
877 2927 1040 3020 δικτάτωρ
1070 2928 1133 3020 μὲν

165 3031 306 3122 Μάρκος
320 3029 475 3122 Ἰούνιος,
502 3037 666 3127 ἵππαρχος
684 3035 721 3106 δὲ
743 3034 895 3126 Τιβέριος
913 3027 1133 3123 Σεμπρώνιος

165 3130 316 3225 Γράκχος
334 3135 527 3225 ἐλέχθησαν.
560 3137 617 3208 καὶ
634 3139 835 3229 παραχρῆμα
851 3138 920 3207 τών
933 3137 1133 3207 ιε’πολιτών

165 3304 369 3317 ...ι-

132 3409 146 3430 ·
166 3463 209 3527 Μ
227 3395 344 3528 ἑιρέθλ.
348 3399 470 3520 34Dionis
486 3402 631 3454 Historiae
647 3403 789 3457 Romanae
806 3403 872 3458 libri
892 3402 1007 3472 perditi·
1031 3400 1131 3469 ΜΨ·
