2586 3800
413 183 820 236 L13.x1.cA1³.X111.X1v.
1062 183 1105 249 43

136 317 273 396 είπάν“
278 350 304 392 ω
292 311 402 409 Ζεῦ,
421 317 489 404 οἷος
507 331 656 412 τεχνίτης
673 320 889 413 ἀπόλλυμαιῗ
927 329 1101 398 δυσθανα-

136 429 259 496 τοῦντα
278 421 310 494 δ’
332 421 436 494 αὐτόν
453 422 470 494 ὁ
478 419 724 549 Ἐπαφρόδιτος
742 425 1076 551 προσκατειργάσατο.

205 523 242 597 Ὁ
270 515 401 614 μὲν
363 553 425 595 ονν
453 521 542 596 οὕτω
564 523 647 596 κατά
669 524 729 598 τόν
742 524 887 598 Ἰούλιον
911 522 1103 618 ἐτελεύτησε

135 635 241 718 μῆνα,
271 624 368 716 βιούς
392 633 449 716 ἔτη
473 625 650 716 τριάκοντα
674 627 756 720 πρὸς
784 630 886 719 μησὶν
919 630 1017 699 πέντε
1047 633 1103 701 καὶ

97 727 275 819 ἡμέραις
299 738 441 816 είκοσιν,
465 723 522 816 ἀφ’
549 719 597 799 τόν
620 719 721 818 ἦρξεν
743 736 800 820 έτη
817 736 1031 820 τρισκαίδεκα
1048 735 1138 802 uate

137 835 273 952 66669
261 825 348 900 ὀκτιὸ
368 835 466 902 δυοῖν
485 827 621 920 ἡμερῶν
644 833 789 914 δέοντας.
827 836 864 903 έν
882 833 920 902 δδ
937 859 983 924 τρι
970 830 1106 928 ὀγδόῳ

138 937 197 1017 τῆς
214 928 333 1002 τούτον
351 937 522 1019 βασιλείας
540 938 608 1002 ἔτει
625 939 754 1020 πρῶτος
768 935 947 1016 ἐπίσκοπος
958 929 1106 1017 Ἀλεξαν-

141 1038 254 1125 δρείας
271 1031 354 1122 μετὰ
366 1031 426 1104 τὸν
438 1030 626 1126 ἀπόστολον
639 1034 696 1104 καὶ
711 1032 950 1124 εὐαγγελιστὴν
963 1033 1108 1126 Μάρκον

52 1176 54 1180 v
132 1131 282 1216 Ἀνιανός
300 1135 446 1222 γέγονεν.

95 1269 123 1309 ιο
211 1233 346 1324 Γάλβας
358 1234 404 1324 δ’,
419 1233 559 1306 ε’πεὶότε
566 1238 690 1325 Νέρων
705 1238 889 1327 διέφθαρτο
896 1239 952 1307 καί
966 1235 1103 1327 ἡβουλη
1117 1251 1158 1315 14

36 1391 63 1417 ,ς
133 1334 196 1428 τήν
220 1335 328 1426 ἀρχήν
351 1342 386 1406 oc
408 1341 594 1427 ἐψηφίσατο
617 1339 672 1407 καὶ
696 1331 864 1426 ὁῬούφος
888 1337 982 1432 αὐτῷ
1003 1360 1104 1430 προσ·
1144 1401 1150 1418 ,

135 1436 319 1528 εχεόρησεν,
339 1435 593 1527 ἀνεθάρσησεν,
611 1437 652 1508 οὐ
666 1441 784 1528 μέντοι
801 1441 858 1510 καλ
875 1440 912 1512 τό
933 1447 1104 1530 Καίσαρος

135 1539 301 1628 ἀνέλαβεν
324 1535 429 1628 ὄνομα
455 1543 536 1629 πρὶν
559 1537 639 1622 τούς
661 1547 719 1628 τῆς
742 1545 867 1630 βοολης
897 1542 1105 1632 πρεσβευτὰς

135 1639 219 1733 πρὸς
238 1637 342 1711 αὐτόν
360 1644 490 1712 έλδείν·
522 1638 591 1711 ἀλλ’
617 1637 697 1712 οὐδὲ
720 1640 757 1713 τό
780 1646 842 1714 τοῦ
865 1639 1106 1734 αὐτοκράτορος

93 1773 122 1815 ιε
134 1740 298 1834 πρότερον
327 1748 375 1824 είς
406 1737 509 1812 οὐδὲν
533 1739 670 1832 γράμμα
695 1742 921 1835 ένεγεγράφει.
967 1741 1045 1825 τούς
1069 1745 1107 1815 δὲ

134 1841 453 1934 σνκοφαντήσαντάς
476 1872 570 1924 τινας
595 1846 649 1913 ἐπὶ
670 1847 731 1915 τού
749 1846 909 1936 Νέρωνος
934 1841 954 1935 6
980 1851 1107 1930 ψευδο-

134 1943 410 2036 μαρτνρησαντας
429 1941 574 2015 ἐκόλασε.
612 1947 668 2014 καὶ
690 1952 724 2015 οί
749 1951 864 2017 δοῦλοι
888 1952 924 2016 οί
938 1945 1022 2017 κατά
1039 1951 1140 2018 τῶνΙ)

137 2051 309 2117 δεσποτῶν
333 2044 517 2136 πράξαντές
543 2075 575 2116 τι
599 2040 619 2135 6
650 2045 799 2126 εἰπόντες
830 2043 944 2130 αὐτοῖς
968 2051 1107 2128 ἐκείνοις

135 2149 189 2218 ἐπὶ
212 2153 354 2241 τιμωρίᾳ
380 2144 631 2239 παρεδόθησαν.
668 2149 724 2217 καλ
749 2145 789 2216 τά
813 2145 963 2241 χρήματα
989 2148 1027 2216 δὲ
1051 2151 1106 2217 καὶ

92 2280 123 2321 ιο
135 2248 176 2319 τά
195 2248 345 2339 κτήματα
369 2245 431 2320 ὅσα
454 2249 543 2331 τινὲς
561 2245 652 2338 παρὰ
668 2253 729 2319 τοῦ
746 2249 906 2338 Νέρωνος
925 2244 1108 2336 εἰλήφεσαν

134 2347 302 2441 ἀπητεῑτο.
337 2348 415 2433 τούς
440 2377 480 2440 γε
502 2349 569 2439 μὴν
593 2345 648 2420 ὑπ’
674 2352 805 2422 ἐκείνου
822 2351 1104 2440 φυγαδευθέντας

135 2447 179 2533 τός
195 2447 403 2541 ἠσεβηκότας
419 2480 452 2522 τι
470 2459 519 2533 είς
543 2447 647 2522 αὐτόν
671 2449 855 2541 κατήγαγε,
880 2451 936 2523 καὶ
959 2448 1000 2520 τά
1022 2447 1106 2522 ὀστᾶ

133 2559 202 2626 τοῖν
229 2558 266 2623 ἐκ
289 2555 352 2624 τοῦ
374 2555 550 2642 βασιλικοῦ
574 2556 693 2641 γένους
710 2555 958 2643 σφαγέντωνί
927 2582 941 2624 ε
958 2582 973 2634 ς
991 2551 1031 2624 τό
1046 2557 1105 2624 τοῦ

133 2651 335 2743 Αὐγούστου
365 2671 528 2744 μνημεῖον
557 2653 768 2745 μετεκόμισε,
800 2657 856 2726 καὶ
886 2653 945 2738 τὰς
974 2653 1105 2758 εἰκόνας

98 2785 126 2826 ετ
143 2754 254 2826 αὐτῶν
271 2751 548 2844 ἀποκατέστησεν.

215 2861 260 2927 Οί
276 2858 369 2927 δὲέν
386 2873 458 2936 ταῖς
476 2864 679 2946 Γερμανίαις
702 2859 901 2946 στρατιῶται
921 2852 1107 2942 προστησά-

135 2984 229 3047 μενοι
246 2949 363 3030 Αὖλον
382 2957 578 3030 Οὐιτέλλιον
597 2955 870 3047 ένανέστησαν.“
856 2983 874 3025 ο
891 2984 955 3026 ουν
973 2952 1108 3043 Γάλβας

135 3058 199 3148 την
233 3057 460 3130 ἐπανάστασιν
493 3056 716 3148 πυθόμενος,
751 3054 901 3128 Λούκιον
936 3064 1107 3144 Πείσωνα,

133 3168 313 3232 νεανίσκον
331 3158 471 3289 εὐγενῆ,
503 3163 648 3248 ἐπιεικῆ,
674 3156 859 3248 φρόνιμον,
883 3155 1106 3314 νίοδετησατο

201 3359 477 3425 Οερ.14.Ι)ἰοοίε-
481 3359 625 3410 Hmtoriae
644 3358 785 3409 Romanae
809 3356 828 3409 1
848 3358 895 3419 64,
915 3374 939 3408 ο.
958 3358 1021 3406 4-
991 3371 1060 3408 -.ο
1078 3359 1103 3408 6

134 3427 196 3478 Non
214 3442 306 3492 pauca
323 3425 450 3492 pleniora
472 3431 537 3477 sunt
551 3441 634 3490 quam
652 3425 727 3491 apud
744 3424 919 3492 Xiphilinum
937 3425 1012 3475 etin
1031 3423 1101 3475 Gon·

134 3493 490 3560 stannmPorphyrogemh
497 3493 806 3559 collectanelsquorum
814 3493 919 3560 consp
928 3493 978 3543 216
986 3491 1029 3542 ed
1036 3492 1102 3545 Mai.
