<?xml version="1.0" encoding="UTF-8"?>
<!DOCTYPE html PUBLIC "-//W3C//DTD XHTML 1.0 Transitional//EN"
    "http://www.w3.org/TR/xhtml1/DTD/xhtml1-transitional.dtd">
<html xmlns="http://www.w3.org/1999/xhtml" xml:lang="en" lang="en">
 <head>
  <title>
</title>
<meta http-equiv="Content-Type" content="text/html;charset=utf-8" />
  <meta name='ocr-system' content='tesseract 3.04.00' />
  <meta name='ocr-capabilities' content='ocr_page ocr_carea ocr_par ocr_line ocrx_word'/>
</head>
<body>
  <div class='ocr_page' id='page_1' title='image "./iannoutouznapae01canggoog_0009.png"; bbox 0 0 2510 3834; ppageno 0'>
   <div class='ocr_carea' id='block_1_1' title="bbox 202 187 823 248">
    <p class='ocr_par' dir='ltr' id='par_1_1' title="bbox 202 187 823 248">
     <span class='ocr_line' id='line_1_1' title="bbox 202 187 823 248; baseline 0.005 -10"><span class='ocrx_word' id='word_1_1' title='bbox 202 188 223 248; x_wconf 76' lang='grc'>2</span> <span class='ocrx_word' id='word_1_2' title='bbox 556 189 630 238; x_wconf 86' lang='lat' dir='ltr'><strong>LIB.</strong></span> <span class='ocrx_word' id='word_1_3' title='bbox 643 189 689 240; x_wconf 90' lang='lat' dir='ltr'><strong><em>VI.</em></strong></span> <span class='ocrx_word' id='word_1_4' title='bbox 708 187 787 240; x_wconf 82' lang='lat' dir='ltr'><strong>cAP.</strong></span> <span class='ocrx_word' id='word_1_5' title='bbox 800 189 823 244; x_wconf 90' lang='lat' dir='ltr'><strong><em>I.</em></strong></span> 
     </span>
    </p>
   </div>
   <div class='ocr_carea' id='block_1_2' title="bbox 163 323 1254 3550">
    <p class='ocr_par' dir='ltr' id='par_1_2' title="bbox 200 323 1192 820">
     <span class='ocr_line' id='line_1_2' title="bbox 202 323 1167 420; baseline 0.002 -24"><span class='ocrx_word' id='word_1_6' title='bbox 202 347 258 397; x_wconf 91' lang='grc' dir='ltr'><strong><em>σιν</em></strong></span> <span class='ocrx_word' id='word_1_7' title='bbox 276 328 388 415; x_wconf 79' lang='grc' dir='ltr'><strong><em>ἐξᾶραι</em></strong></span> <span class='ocrx_word' id='word_1_8' title='bbox 406 330 670 417; x_wconf 84' lang='grc' dir='ltr'><strong><em>προεθυμοῦντο.</em></strong></span> <span class='ocrx_word' id='word_1_9' title='bbox 694 323 713 398; x_wconf 84' lang='grc' dir='ltr'><strong><em>ό</em></strong></span> <span class='ocrx_word' id='word_1_10' title='bbox 728 332 841 408; x_wconf 86' lang='grc' dir='ltr'><strong><em>δείσας</em></strong></span> <span class='ocrx_word' id='word_1_11' title='bbox 854 324 1029 416; x_wconf 80' lang='grc' dir='ltr'><strong><em>Ἀρχέλαος</em></strong></span> <span class='ocrx_word' id='word_1_12' title='bbox 1042 335 1167 420; x_wconf 91' lang='grc' dir='ltr'><strong><em>χιλίαρ-</em></strong></span> 
     </span>
     <span class='ocr_line' id='line_1_3' title="bbox 200 426 1167 518; baseline 0.001 -19"><span class='ocrx_word' id='word_1_13' title='bbox 200 457 262 518; x_wconf 91' lang='grc' dir='ltr'><strong><em>χον</em></strong></span> <span class='ocrx_word' id='word_1_14' title='bbox 278 426 360 517; x_wconf 86' lang='grc' dir='ltr'><strong><em>μετά</em></strong></span> <span class='ocrx_word' id='word_1_15' title='bbox 377 433 516 516; x_wconf 78' lang='grc' dir='ltr'><strong><em>σπείρας</em></strong></span> <span class='ocrx_word' id='word_1_16' title='bbox 535 427 695 516; x_wconf 71' lang='grc' dir='ltr'><strong><em>ἐξέπεμψε</em></strong></span> <span class='ocrx_word' id='word_1_17' title='bbox 708 427 769 516; x_wconf 79' lang='grc' dir='ltr'><strong><em>τὴν</em></strong></span> <span class='ocrx_word' id='word_1_18' title='bbox 782 427 890 516; x_wconf 78' lang='grc' dir='ltr'><strong><em>ὁρμὴν</em></strong></span> <span class='ocrx_word' id='word_1_19' title='bbox 903 433 1167 502; x_wconf 76' lang='grc' dir='ltr'><strong><em>καταστελοῦντα</em></strong></span> 
     </span>
     <span class='ocr_line' id='line_1_4' title="bbox 200 525 1168 618; baseline 0.003 -20"><span class='ocrx_word' id='word_1_20' title='bbox 200 532 260 599; x_wconf 79' lang='grc' dir='ltr'><strong><em>τοῦ</em></strong></span> <span class='ocrx_word' id='word_1_21' title='bbox 281 527 389 618; x_wconf 80' lang='grc' dir='ltr'><strong><em>δήμου</em></strong></span> <span class='ocrx_word' id='word_1_22' title='bbox 412 533 473 599; x_wconf 82' lang='grc' dir='ltr'><strong><em>τοῦ</em></strong></span> <span class='ocrx_word' id='word_1_23' title='bbox 490 525 730 612; x_wconf 76' lang='grc' dir='ltr'><strong><em>στασιάζοντος.</em></strong></span> <span class='ocrx_word' id='word_1_24' title='bbox 766 531 823 598; x_wconf 76' lang='grc' dir='ltr'><strong><em>καί</em></strong></span> <span class='ocrx_word' id='word_1_25' title='bbox 841 534 877 600; x_wconf 87' lang='grc' dir='ltr'><strong><em>οί</em></strong></span> <span class='ocrx_word' id='word_1_26' title='bbox 891 533 1084 601; x_wconf 82' lang='grc' dir='ltr'><strong><em>στασιασταὶ</em></strong></span> <span class='ocrx_word' id='word_1_27' title='bbox 1102 558 1168 602; x_wconf 86' lang='grc' dir='ltr'><strong><em>πα-</em></strong></span> 
     </span>
     <span class='ocr_line' id='line_1_5' title="bbox 201 627 1167 721; baseline 0.003 -21"><span class='ocrx_word' id='word_1_28' title='bbox 201 633 353 721; x_wconf 80' lang='grc' dir='ltr'><strong><em>ραχρῆμα</em></strong></span> <span class='ocrx_word' id='word_1_29' title='bbox 378 633 431 700; x_wconf 79' lang='grc' dir='ltr'><strong><em>ἐπὶ</em></strong></span> <span class='ocrx_word' id='word_1_30' title='bbox 454 628 533 712; x_wconf 82' lang='grc' dir='ltr'><strong><em>τούς</em></strong></span> <span class='ocrx_word' id='word_1_31' title='bbox 557 627 759 720; x_wconf 74' lang='grc' dir='ltr'><strong><em>στρατιώτας</em></strong></span> <span class='ocrx_word' id='word_1_32' title='bbox 782 627 955 720; x_wconf 78' lang='grc' dir='ltr'><strong><em>ώρμηιιασι</em></strong></span> <span class='ocrx_word' id='word_1_33' title='bbox 984 634 1041 702; x_wconf 76' lang='grc' dir='ltr'><strong><em>καὶ</em></strong></span> <span class='ocrx_word' id='word_1_34' title='bbox 1070 635 1167 704; x_wconf 81' lang='grc' dir='ltr'><strong><em>κατί-</em></strong></span> 
     </span>
     <span class='ocr_line' id='line_1_6' title="bbox 200 727 1192 820; baseline 0.002 -20"><span class='ocrx_word' id='word_1_35' title='bbox 200 741 327 802; x_wconf 84' lang='grc' dir='ltr'><strong><em>λευσαυ</em></strong></span> <span class='ocrx_word' id='word_1_36' title='bbox 342 730 420 812; x_wconf 83' lang='grc' dir='ltr'><strong><em>τοδς</em></strong></span> <span class='ocrx_word' id='word_1_37' title='bbox 438 738 616 812; x_wconf 78' lang='grc' dir='ltr'><strong><em>πλείστους</em></strong></span> <span class='ocrx_word' id='word_1_38' title='bbox 634 729 764 819; x_wconf 83' lang='grc' dir='ltr'><strong><em>αότών,</em></strong></span> <span class='ocrx_word' id='word_1_39' title='bbox 789 729 896 820; x_wconf 78' lang='grc' dir='ltr'><strong><em>ὀλίγοι</em></strong></span> <span class='ocrx_word' id='word_1_40' title='bbox 915 735 955 802; x_wconf 76' lang='grc' dir='ltr'><strong><em>δέ</em></strong></span> <span class='ocrx_word' id='word_1_41' title='bbox 969 761 1058 815; x_wconf 84' lang='grc' dir='ltr'><strong><em>τινες</em></strong></span> <span class='ocrx_word' id='word_1_42' title='bbox 1075 736 1130 804; x_wconf 84' lang='grc' dir='ltr'><strong><em>καὶ</em></strong></span> <span class='ocrx_word' id='word_1_43' title='bbox 1147 727 1192 802; x_wconf 83' lang='grc' dir='ltr'><strong><em>ὁτ</em></strong></span> 
     </span>
    </p>

    <p class='ocr_par' dir='ltr' id='par_1_3' title="bbox 166 829 1254 1530">
     <span class='ocr_line' id='line_1_7' title="bbox 166 829 1167 924; baseline 0 -22"><span class='ocrx_word' id='word_1_44' title='bbox 166 839 370 922; x_wconf 90' lang='grc' dir='ltr'><strong><em>Βχιλίαρχος</em></strong></span> <span class='ocrx_word' id='word_1_45' title='bbox 387 840 587 922; x_wconf 82' lang='grc' dir='ltr'><strong><em>τραυματίαι</em></strong></span> <span class='ocrx_word' id='word_1_46' title='bbox 606 833 776 921; x_wconf 75' lang='grc' dir='ltr'><strong><em>διέφυγον.</em></strong></span> <span class='ocrx_word' id='word_1_47' title='bbox 815 829 990 924; x_wconf 82' lang='grc' dir='ltr'><strong><em>Ἀρχέλαος</em></strong></span> <span class='ocrx_word' id='word_1_48' title='bbox 1015 835 1053 903; x_wconf 73' lang='grc' dir='ltr'><strong><em>δὲ</em></strong></span> <span class='ocrx_word' id='word_1_49' title='bbox 1074 859 1167 904; x_wconf 90' lang='grc' dir='ltr'><strong><em>συνι-</em></strong></span> 
     </span>
     <span class='ocr_line' id='line_1_8' title="bbox 203 929 1167 1024; baseline 0 -20"><span class='ocrx_word' id='word_1_50' title='bbox 203 931 273 1005; x_wconf 88' lang='grc' dir='ltr'><strong><em>δών</em></strong></span> <span class='ocrx_word' id='word_1_51' title='bbox 292 931 336 1014; x_wconf 87' lang='grc' dir='ltr'><strong><em>ώς</em></strong></span> <span class='ocrx_word' id='word_1_52' title='bbox 359 940 390 1003; x_wconf 89' lang='grc' dir='ltr'><strong><em>εί</em></strong></span> <span class='ocrx_word' id='word_1_53' title='bbox 406 931 451 1023; x_wconf 77' lang='grc' dir='ltr'><strong><em>μὴ</em></strong></span> <span class='ocrx_word' id='word_1_54' title='bbox 469 933 506 1003; x_wconf 84' lang='grc' dir='ltr'><strong><em>τό</em></strong></span> <span class='ocrx_word' id='word_1_55' title='bbox 528 937 587 1022; x_wconf 79' lang='grc' dir='ltr'><strong><em>τῆς</em></strong></span> <span class='ocrx_word' id='word_1_56' title='bbox 607 931 759 1022; x_wconf 84' lang='grc' dir='ltr'><strong><em>πληθόος</em></strong></span> <span class='ocrx_word' id='word_1_57' title='bbox 777 929 909 1024; x_wconf 80' lang='grc' dir='ltr'><strong><em>ὅρμημα</em></strong></span> <span class='ocrx_word' id='word_1_58' title='bbox 934 937 1092 1024; x_wconf 78' lang='grc' dir='ltr'><strong><em>κωλυθῇ,</em></strong></span> <span class='ocrx_word' id='word_1_59' title='bbox 1119 941 1167 1016; x_wconf 84' lang='grc' dir='ltr'><strong><em>είς</em></strong></span> 
     </span>
     <span class='ocr_line' id='line_1_9' title="bbox 200 1030 1167 1124; baseline 0 -20"><span class='ocrx_word' id='word_1_60' title='bbox 200 1036 285 1124; x_wconf 81' lang='grc' dir='ltr'><strong><em>μέγα</em></strong></span> <span class='ocrx_word' id='word_1_61' title='bbox 308 1031 413 1106; x_wconf 80' lang='grc' dir='ltr'><strong><em>κακόν</em></strong></span> <span class='ocrx_word' id='word_1_62' title='bbox 438 1033 479 1104; x_wconf 84' lang='grc' dir='ltr'><strong><em>τά</em></strong></span> <span class='ocrx_word' id='word_1_63' title='bbox 501 1041 562 1123; x_wconf 80' lang='grc' dir='ltr'><strong><em>τῆς</em></strong></span> <span class='ocrx_word' id='word_1_64' title='bbox 588 1035 734 1116; x_wconf 84' lang='grc' dir='ltr'><strong><em>στάσεως</em></strong></span> <span class='ocrx_word' id='word_1_65' title='bbox 757 1030 976 1122; x_wconf 79' lang='grc' dir='ltr'><strong><em>ἀποβήσεται,</em></strong></span> <span class='ocrx_word' id='word_1_66' title='bbox 1008 1036 1167 1124; x_wconf 78' lang='grc' dir='ltr'><strong><em>ἐκπέμπει</em></strong></span> 
     </span>
     <span class='ocr_line' id='line_1_10' title="bbox 201 1131 1254 1225; baseline -0.001 -19"><span class='ocrx_word' id='word_1_67' title='bbox 201 1143 270 1206; x_wconf 84' lang='grc' dir='ltr'><strong><em>πᾶν</em></strong></span> <span class='ocrx_word' id='word_1_68' title='bbox 287 1135 324 1206; x_wconf 86' lang='grc' dir='ltr'><strong><em>τό</em></strong></span> <span class='ocrx_word' id='word_1_69' title='bbox 342 1133 583 1223; x_wconf 87' lang='grc' dir='ltr'><strong><em>στρατόπεδον·</em></strong></span> <span class='ocrx_word' id='word_1_70' title='bbox 602 1137 659 1206; x_wconf 80' lang='grc' dir='ltr'><strong><em>καί</em></strong></span> <span class='ocrx_word' id='word_1_71' title='bbox 679 1143 726 1218; x_wconf 88' lang='grc' dir='ltr'><strong><em>είς</em></strong></span> <span class='ocrx_word' id='word_1_72' title='bbox 743 1136 806 1224; x_wconf 71' lang='grc' dir='ltr'><strong><em>μὲν</em></strong></span> <span class='ocrx_word' id='word_1_73' title='bbox 823 1141 1026 1224; x_wconf 75' lang='grc' dir='ltr'><strong><em>τρισχιλίους</em></strong></span> <span class='ocrx_word' id='word_1_74' title='bbox 1043 1131 1168 1225; x_wconf 82' lang='grc' dir='ltr'><strong><em>ἀνηρί-</em></strong></span> <span class='ocrx_word' id='word_1_75' title='bbox 1253 1149 1254 1152; x_wconf 75' lang='grc'>’</span> 
     </span>
     <span class='ocr_line' id='line_1_11' title="bbox 200 1234 1207 1332; baseline 0.002 -26"><span class='ocrx_word' id='word_1_76' title='bbox 200 1249 331 1326; x_wconf 89' lang='grc' dir='ltr'><strong><em>θησαν,</em></strong></span> <span class='ocrx_word' id='word_1_77' title='bbox 356 1241 391 1307; x_wconf 87' lang='grc' dir='ltr'><strong><em>οί</em></strong></span> <span class='ocrx_word' id='word_1_78' title='bbox 407 1238 447 1306; x_wconf 81' lang='grc' dir='ltr'><strong><em>δέ</em></strong></span> <span class='ocrx_word' id='word_1_79' title='bbox 461 1266 500 1326; x_wconf 90' lang='grc' dir='ltr'><strong><em>γε</em></strong></span> <span class='ocrx_word' id='word_1_80' title='bbox 517 1240 628 1308; x_wconf 79' lang='grc' dir='ltr'><strong><em>λοιποὶ</em></strong></span> <span class='ocrx_word' id='word_1_81' title='bbox 646 1239 701 1307; x_wconf 83' lang='grc' dir='ltr'><strong><em>ἐπὶ</em></strong></span> <span class='ocrx_word' id='word_1_82' title='bbox 718 1237 760 1307; x_wconf 84' lang='grc' dir='ltr'><strong><em>τὰ</em></strong></span> <span class='ocrx_word' id='word_1_83' title='bbox 776 1234 838 1324; x_wconf 88' lang='grc' dir='ltr'><strong><em>όρη</em></strong></span> <span class='ocrx_word' id='word_1_84' title='bbox 863 1234 1164 1326; x_wconf 83' lang='grc' dir='ltr'><strong><em>διεσκεδάσθησαν.</em></strong></span> <span class='ocrx_word' id='word_1_85' title='bbox 1180 1261 1207 1332; x_wconf 69' lang='grc' dir='ltr'><strong><em>ιγ</em></strong></span> 
     </span>
     <span class='ocr_line' id='line_1_12' title="bbox 200 1333 1168 1464; baseline -0.001 -56"><span class='ocrx_word' id='word_1_86' title='bbox 200 1339 257 1408; x_wconf 80' lang='grc' dir='ltr'><strong><em>καὶ</em></strong></span> <span class='ocrx_word' id='word_1_87' title='bbox 282 1337 436 1429; x_wconf 85' lang='grc' dir='ltr'><strong><em>κήρυγμα</em></strong></span> <span class='ocrx_word' id='word_1_88' title='bbox 459 1341 578 1428; x_wconf 81' lang='grc' dir='ltr'><strong><em>γέγονε</em></strong></span> <span class='ocrx_word' id='word_1_89' title='bbox 606 1336 734 1418; x_wconf 80' lang='grc' dir='ltr'><strong><em>πάντας</em></strong></span> <span class='ocrx_word' id='word_1_90' title='bbox 756 1333 945 1464; x_wconf 72' lang='grc' dir='ltr'><strong><em>ἀναχωρεῖν</em></strong></span> <span class='ocrx_word' id='word_1_91' title='bbox 975 1339 1030 1408; x_wconf 80' lang='grc' dir='ltr'><strong><em>ἐπὶ</em></strong></span> <span class='ocrx_word' id='word_1_92' title='bbox 1053 1335 1093 1408; x_wconf 87' lang='grc' dir='ltr'><strong><em>τά</em></strong></span> <span class='ocrx_word' id='word_1_93' title='bbox 1116 1345 1168 1408; x_wconf 75' lang='lat' dir='ltr'><strong><em>ol-</em></strong></span> 
     </span>
     <span class='ocr_line' id='line_1_13' title="bbox 200 1435 971 1562; baseline -0.003 -52"><span class='ocrx_word' id='word_1_94' title='bbox 200 1454 289 1510; x_wconf 81' lang='grc' dir='ltr'><strong><em>κεϊα</em></strong></span> <span class='ocrx_word' id='word_1_95' title='bbox 318 1445 353 1510; x_wconf 87' lang='grc' dir='ltr'><strong><em>οί</em></strong></span> <span class='ocrx_word' id='word_1_96' title='bbox 369 1439 458 1510; x_wconf 69' lang='grc' dir='ltr'><strong><em>δὲ</em></strong></span> <span class='ocrx_word' id='word_1_97' title='bbox 423 1468 486 1530; x_wconf 90' lang='grc' dir='ltr'><strong><em>την</em></strong></span> <span class='ocrx_word' id='word_1_98' title='bbox 504 1439 623 1529; x_wconf 81' lang='grc' dir='ltr'><strong><em>ἑορτὴν</em></strong></span> <span class='ocrx_word' id='word_1_99' title='bbox 640 1435 792 1519; x_wconf 86' lang='grc' dir='ltr'><strong><em>λιπόντες</em></strong></span> <span class='ocrx_word' id='word_1_100' title='bbox 809 1436 971 1562; x_wconf 73' lang='grc' dir='ltr'><strong><em>ἀπῄεσαν.</em></strong></span> 
     </span>
    </p>

    <p class='ocr_par' dir='ltr' id='par_1_4' title="bbox 199 1535 1210 2033">
     <span class='ocr_line' id='line_1_14' title="bbox 273 1535 1167 1662; baseline -0.002 -51.986"><span class='ocrx_word' id='word_1_101' title='bbox 273 1535 448 1629; x_wconf 73' lang='grc' dir='ltr'><strong><em>ἈρχέλαοςΙ</em></strong></span> <span class='ocrx_word' id='word_1_102' title='bbox 471 1541 509 1610; x_wconf 70' lang='grc' dir='ltr'><strong><em>δὲ</em></strong></span> <span class='ocrx_word' id='word_1_103' title='bbox 533 1543 584 1609; x_wconf 73' lang='grc' dir='ltr'><strong><em>ἐπὶ</em></strong></span> <span class='ocrx_word' id='word_1_104' title='bbox 606 1535 733 1662; x_wconf 85' lang='grc' dir='ltr'><strong><em>Ῥώμην</em></strong></span> <span class='ocrx_word' id='word_1_105' title='bbox 758 1541 885 1622; x_wconf 72' lang='grc' dir='ltr'><strong><em>ἐξέπλει</em></strong></span> <span class='ocrx_word' id='word_1_106' title='bbox 909 1539 975 1609; x_wconf 79' lang='grc' dir='ltr'><strong><em>σὺν</em></strong></span> <span class='ocrx_word' id='word_1_107' title='bbox 996 1567 1037 1630; x_wconf 90' lang='grc' dir='ltr'><strong><em>τη</em></strong></span> <span class='ocrx_word' id='word_1_108' title='bbox 1025 1545 1167 1628; x_wconf 79' lang='grc' dir='ltr'><strong><em>”,μητρί</em></strong></span> 
     </span>
     <span class='ocr_line' id='line_1_15' title="bbox 201 1637 1168 1762; baseline -0.002 -50"><span class='ocrx_word' id='word_1_109' title='bbox 201 1647 358 1734; x_wconf 76' lang='grc' dir='ltr'><strong><em>Φιλίππω</em></strong></span> <span class='ocrx_word' id='word_1_110' title='bbox 370 1669 417 1734; x_wconf 76' lang='grc' dir='ltr'><strong><em>τῳ</em></strong></span> <span class='ocrx_word' id='word_1_111' title='bbox 402 1637 567 1734; x_wconf 81' lang='grc' dir='ltr'><strong><em>ἀδελφώ</em></strong></span> <span class='ocrx_word' id='word_1_112' title='bbox 584 1639 767 1722; x_wconf 80' lang='grc' dir='ltr'><strong><em>πιστεύσας</em></strong></span> <span class='ocrx_word' id='word_1_113' title='bbox 779 1637 827 1710; x_wconf 91' lang='grc' dir='ltr'><strong><em>τά</em></strong></span> <span class='ocrx_word' id='word_1_114' title='bbox 837 1639 1028 1762; x_wconf 89' lang='grc' dir='ltr'><strong><em>πράγματα</em></strong></span> <span class='ocrx_word' id='word_1_115' title='bbox 1051 1642 1168 1721; x_wconf 82' lang='grc' dir='ltr'><strong><em>συνεξ-</em></strong></span> 
     </span>
     <span class='ocr_line' id='line_1_16' title="bbox 199 1737 1210 1864; baseline -0.003 -54"><span class='ocrx_word' id='word_1_116' title='bbox 199 1767 253 1831; x_wconf 87' lang='grc' dir='ltr'><strong><em>ηει</em></strong></span> <span class='ocrx_word' id='word_1_117' title='bbox 280 1742 317 1812; x_wconf 73' lang='grc' dir='ltr'><strong><em>δὲ</em></strong></span> <span class='ocrx_word' id='word_1_118' title='bbox 341 1740 431 1834; x_wconf 78' lang='grc' dir='ltr'><strong><em>αὐτῷ</em></strong></span> <span class='ocrx_word' id='word_1_119' title='bbox 454 1743 510 1811; x_wconf 86' lang='grc' dir='ltr'><strong><em>ται</em></strong></span> <span class='ocrx_word' id='word_1_120' title='bbox 534 1739 682 1830; x_wconf 87' lang='grc' dir='ltr'><strong><em>Σαλώμη</em></strong></span> <span class='ocrx_word' id='word_1_121' title='bbox 706 1770 726 1829; x_wconf 94' lang='grc' dir='ltr'><strong><em>η</em></strong></span> <span class='ocrx_word' id='word_1_122' title='bbox 750 1737 883 1831; x_wconf 83' lang='grc' dir='ltr'><strong><em>ἀδελφη</em></strong></span> <span class='ocrx_word' id='word_1_123' title='bbox 904 1737 1065 1864; x_wconf 74' lang='grc' dir='ltr'><strong><em>Ἡρώδου.</em></strong></span> <span class='ocrx_word' id='word_1_124' title='bbox 1109 1742 1166 1810; x_wconf 81' lang='grc' dir='ltr'><strong><em>καὶ</em></strong></span> <span class='ocrx_word' id='word_1_125' title='bbox 1180 1763 1210 1804; x_wconf 79' lang='grc' dir='ltr'><strong><em>ιο</em></strong></span> 
     </span>
     <span class='ocr_line' id='line_1_17' title="bbox 196 1829 1167 1932; baseline -0.004 -17.975"><span class='ocrx_word' id='word_1_126' title='bbox 196 1839 350 1924; x_wconf 86' lang='grc' dir='ltr'><strong><em>Ἀντίπας</em></strong></span> <span class='ocrx_word' id='word_1_127' title='bbox 369 1829 442 1913; x_wconf 73' lang='grc' dir='ltr'><strong><em>δὲὸ</em></strong></span> <span class='ocrx_word' id='word_1_128' title='bbox 457 1840 610 1932; x_wconf 89' lang='grc' dir='ltr'><strong><em>Ἡρώδου</em></strong></span> <span class='ocrx_word' id='word_1_129' title='bbox 623 1840 696 1924; x_wconf 85' lang='grc' dir='ltr'><strong><em>υίδς</em></strong></span> <span class='ocrx_word' id='word_1_130' title='bbox 711 1843 878 1930; x_wconf 81' lang='grc' dir='ltr'><strong><em>ετέρωθεν</em></strong></span> <span class='ocrx_word' id='word_1_131' title='bbox 896 1841 971 1912; x_wconf 66' lang='grc' dir='ltr'><strong><em>ἐπΓ</em></strong></span> <span class='ocrx_word' id='word_1_132' title='bbox 970 1840 1090 1931; x_wconf 89' lang='grc' dir='ltr'><strong><em>Ρώμην</em></strong></span> <span class='ocrx_word' id='word_1_133' title='bbox 1104 1839 1167 1930; x_wconf 84' lang='grc' dir='ltr'><strong><em>ώρ·</em></strong></span> 
     </span>
     <span class='ocr_line' id='line_1_18' title="bbox 199 1939 1168 2066; baseline -0.003 -52"><span class='ocrx_word' id='word_1_134' title='bbox 199 1971 294 2033; x_wconf 85' lang='grc' dir='ltr'><strong><em>μητο,</em></strong></span> <span class='ocrx_word' id='word_1_135' title='bbox 313 1941 427 2014; x_wconf 77' lang='grc' dir='ltr'><strong><em>ταδ’</em></strong></span> <span class='ocrx_word' id='word_1_136' title='bbox 387 1941 486 2025; x_wconf 86' lang='grc' dir='ltr'><strong><em>αυτός</em></strong></span> <span class='ocrx_word' id='word_1_137' title='bbox 503 1972 561 2032; x_wconf 91' lang='grc' dir='ltr'><strong><em>της</em></strong></span> <span class='ocrx_word' id='word_1_138' title='bbox 579 1946 751 2032; x_wconf 84' lang='grc' dir='ltr'><strong><em>βασιλείας</em></strong></span> <span class='ocrx_word' id='word_1_139' title='bbox 768 1940 1042 2066; x_wconf 72' lang='grc' dir='ltr'><strong><em>ἀντιληψόμενος,</em></strong></span> <span class='ocrx_word' id='word_1_140' title='bbox 1066 1939 1168 2022; x_wconf 84' lang='grc' dir='ltr'><strong><em>ώςν</em></strong></span> <span class='ocrx_word' id='word_1_141' title='bbox 1130 1945 1168 2011; x_wconf 81' lang='grc' dir='ltr'><strong><em>ἐν</em></strong></span> 
     </span>
    </p>

    <p class='ocr_par' dir='ltr' id='par_1_5' title="bbox 166 2040 1254 2638">
     <span class='ocr_line' id='line_1_19' title="bbox 166 2040 1254 2138; baseline -0.003 -24"><span class='ocrx_word' id='word_1_142' title='bbox 166 2047 376 2136; x_wconf 79' lang='grc' dir='ltr'><strong><em>Οπροτέραις</em></strong></span> <span class='ocrx_word' id='word_1_143' title='bbox 400 2043 579 2133; x_wconf 74' lang='grc' dir='ltr'><strong><em>διαθήκαις</em></strong></span> <span class='ocrx_word' id='word_1_144' title='bbox 603 2046 917 2135; x_wconf 82' lang='grc' dir='ltr'><strong><em>ααταγεγραμμένης</em></strong></span> <span class='ocrx_word' id='word_1_145' title='bbox 939 2040 1046 2138; x_wconf 69' lang='grc' dir='ltr'><strong><em>αὐτῷ</em></strong></span> <span class='ocrx_word' id='word_1_146' title='bbox 1072 2044 1168 2113; x_wconf 79' lang='grc' dir='ltr'><strong><em>ἐπτὲ-</em></strong></span> <span class='ocrx_word' id='word_1_147' title='bbox 1251 2095 1254 2138; x_wconf 74' lang='lat'><strong><em>.³</em></strong></span> 
     </span>
     <span class='ocr_line' id='line_1_20' title="bbox 199 2140 1254 2237; baseline -0.005 -21"><span class='ocrx_word' id='word_1_148' title='bbox 199 2140 325 2237; x_wconf 74' lang='grc' dir='ltr'><strong><em>ρουδδ</em></strong></span> <span class='ocrx_word' id='word_1_149' title='bbox 347 2149 467 2218; x_wconf 76' lang='grc' dir='ltr'><strong><em>τούτου</em></strong></span> <span class='ocrx_word' id='word_1_150' title='bbox 491 2143 573 2237; x_wconf 84' lang='grc' dir='ltr'><strong><em>πρός</em></strong></span> <span class='ocrx_word' id='word_1_151' title='bbox 596 2145 655 2227; x_wconf 82' lang='grc' dir='ltr'><strong><em>τάς</em></strong></span> <span class='ocrx_word' id='word_1_152' title='bbox 678 2149 815 2226; x_wconf 76' lang='grc' dir='ltr'><strong><em>ἐλπίδας</em></strong></span> <span class='ocrx_word' id='word_1_153' title='bbox 838 2143 997 2232; x_wconf 83' lang='grc' dir='ltr'><strong><em>Σαλώμη.</em></strong></span> <span class='ocrx_word' id='word_1_154' title='bbox 1037 2143 1109 2211; x_wconf 79' lang='grc' dir='ltr'><strong><em>ἐπεὶ</em></strong></span> <span class='ocrx_word' id='word_1_155' title='bbox 1129 2143 1167 2212; x_wconf 77' lang='grc' dir='ltr'><strong><em>δὲ</em></strong></span> <span class='ocrx_word' id='word_1_156' title='bbox 1252 2207 1254 2236; x_wconf 56' lang='grc' dir='ltr'>Ι</span> 
     </span>
     <span class='ocr_line' id='line_1_21' title="bbox 199 2242 1254 2336; baseline -0.008 -20"><span class='ocrx_word' id='word_1_157' title='bbox 199 2254 248 2328; x_wconf 84' lang='grc' dir='ltr'><strong><em>είς</em></strong></span> <span class='ocrx_word' id='word_1_158' title='bbox 262 2242 388 2336; x_wconf 71' lang='grc' dir='ltr'><strong><em>Ῥώμην</em></strong></span> <span class='ocrx_word' id='word_1_159' title='bbox 405 2243 568 2335; x_wconf 81' lang='grc' dir='ltr'><strong><em>ἀφίκοντο</em></strong></span> <span class='ocrx_word' id='word_1_160' title='bbox 585 2247 642 2316; x_wconf 80' lang='grc' dir='ltr'><strong><em>καὶ</em></strong></span> <span class='ocrx_word' id='word_1_161' title='bbox 655 2248 868 2335; x_wconf 78' lang='grc' dir='ltr'><strong><em>παρέστησαν</em></strong></span> <span class='ocrx_word' id='word_1_162' title='bbox 882 2249 1039 2332; x_wconf 89' lang='grc' dir='ltr'><strong><em>Καίσαρι,</em></strong></span> <span class='ocrx_word' id='word_1_163' title='bbox 1057 2246 1093 2312; x_wconf 87' lang='grc' dir='ltr'><strong><em>οί</em></strong></span> <span class='ocrx_word' id='word_1_164' title='bbox 1103 2243 1167 2333; x_wconf 71' lang='grc' dir='ltr'><strong><em>μὲν</em></strong></span> <span class='ocrx_word' id='word_1_165' title='bbox 1179 2266 1212 2308; x_wconf 69' lang='grc' dir='ltr'><strong><em>το</em></strong></span> <span class='ocrx_word' id='word_1_166' title='bbox 1252 2247 1254 2336; x_wconf 56' lang='lat' dir='ltr'>j</span> 
     </span>
     <span class='ocr_line' id='line_1_22' title="bbox 197 2339 1254 2438; baseline -0.003 -21"><span class='ocrx_word' id='word_1_167' title='bbox 197 2345 284 2438; x_wconf 72' lang='grc' dir='ltr'><strong><em>ὑπὲρ</em></strong></span> <span class='ocrx_word' id='word_1_168' title='bbox 305 2345 486 2437; x_wconf 87' lang='grc' dir='ltr'><strong><em>Ἀρχελάου</em></strong></span> <span class='ocrx_word' id='word_1_169' title='bbox 509 2344 588 2425; x_wconf 76' lang='grc' dir='ltr'><strong><em>τούς</em></strong></span> <span class='ocrx_word' id='word_1_170' title='bbox 605 2345 726 2432; x_wconf 90' lang='grc' dir='ltr'><strong><em>λόγους</em></strong></span> <span class='ocrx_word' id='word_1_171' title='bbox 743 2349 942 2432; x_wconf 86' lang='grc' dir='ltr'><strong><em>πεποίηντο,</em></strong></span> <span class='ocrx_word' id='word_1_172' title='bbox 966 2347 1001 2413; x_wconf 86' lang='grc' dir='ltr'><strong><em>οί</em></strong></span> <span class='ocrx_word' id='word_1_173' title='bbox 1024 2339 1166 2433; x_wconf 73' lang='grc' dir='ltr'><strong><em>δδόπδρ</em></strong></span> <span class='ocrx_word' id='word_1_174' title='bbox 1250 2351 1254 2420; x_wconf 76' lang='grc' dir='ltr'><strong><em>ἐ</em></strong></span> 
     </span>
     <span class='ocr_line' id='line_1_23' title="bbox 195 2441 1254 2537; baseline -0.004 -19"><span class='ocrx_word' id='word_1_175' title='bbox 195 2443 350 2536; x_wconf 88' lang='grc' dir='ltr'><strong><em>Ἀντίπα,</em></strong></span> <span class='ocrx_word' id='word_1_176' title='bbox 375 2450 435 2516; x_wconf 83' lang='grc' dir='ltr'><strong><em>τοῦ</em></strong></span> <span class='ocrx_word' id='word_1_177' title='bbox 455 2443 635 2537; x_wconf 85' lang='grc' dir='ltr'><strong><em>Ἀρχελάου</em></strong></span> <span class='ocrx_word' id='word_1_178' title='bbox 659 2447 932 2535; x_wconf 76' lang='grc' dir='ltr'><strong><em>κατηγοροῦντες.</em></strong></span> <span class='ocrx_word' id='word_1_179' title='bbox 970 2453 1102 2536; x_wconf 79' lang='grc' dir='ltr'><strong><em>Καῖσαρ</em></strong></span> <span class='ocrx_word' id='word_1_180' title='bbox 1128 2446 1167 2514; x_wconf 75' lang='grc' dir='ltr'><strong><em>δὲ</em></strong></span> <span class='ocrx_word' id='word_1_181' title='bbox 1253 2441 1254 2456; x_wconf 58' lang='lat'>³</span> 
     </span>
     <span class='ocr_line' id='line_1_24' title="bbox 199 2543 913 2671; baseline -0.003 -53"><span class='ocrx_word' id='word_1_182' title='bbox 199 2549 327 2671; x_wconf 84' lang='grc' dir='ltr'><strong><em>μάλλον</em></strong></span> <span class='ocrx_word' id='word_1_183' title='bbox 343 2545 430 2637; x_wconf 72' lang='grc' dir='ltr'><strong><em>ὑπὲρ</em></strong></span> <span class='ocrx_word' id='word_1_184' title='bbox 446 2543 625 2638; x_wconf 80' lang='grc' dir='ltr'><strong><em>Ἀρχελάου</em></strong></span> <span class='ocrx_word' id='word_1_185' title='bbox 643 2543 752 2636; x_wconf 76' lang='grc' dir='ltr'><strong><em>ῥοπὴν</em></strong></span> <span class='ocrx_word' id='word_1_186' title='bbox 770 2550 913 2616; x_wconf 77' lang='grc' dir='ltr'><strong><em>ἐδείκνυ.</em></strong></span> 
     </span>
    </p>

    <p class='ocr_par' dir='ltr' id='par_1_6' title="bbox 198 2641 1254 3243">
     <span class='ocr_line' id='line_1_25' title="bbox 273 2641 1247 2737; baseline -0.004 -16.979"><span class='ocrx_word' id='word_1_187' title='bbox 273 2644 327 2720; x_wconf 80' lang='grc' dir='ltr'><strong><em>Ἐν</em></strong></span> <span class='ocrx_word' id='word_1_188' title='bbox 350 2645 479 2729; x_wconf 83' lang='grc' dir='ltr'><strong><em>τούτοις</em></strong></span> <span class='ocrx_word' id='word_1_189' title='bbox 504 2648 541 2718; x_wconf 75' lang='grc' dir='ltr'><strong><em>δὲ</em></strong></span> <span class='ocrx_word' id='word_1_190' title='bbox 558 2645 754 2737; x_wconf 77' lang='grc' dir='ltr'><strong><em>ἀγγέλλεται</em></strong></span> <span class='ocrx_word' id='word_1_191' title='bbox 771 2653 917 2736; x_wconf 85' lang='grc' dir='ltr'><strong><em>Καίσαρι</em></strong></span> <span class='ocrx_word' id='word_1_192' title='bbox 940 2644 978 2717; x_wconf 84' lang='grc' dir='ltr'><strong><em>τὸ</em></strong></span> <span class='ocrx_word' id='word_1_193' title='bbox 996 2647 1064 2717; x_wconf 85' lang='grc' dir='ltr'><strong><em>τών</em></strong></span> <span class='ocrx_word' id='word_1_194' title='bbox 1085 2641 1166 2716; x_wconf 86' lang='grc' dir='ltr'><strong><em>Ἰου-</em></strong></span> <span class='ocrx_word' id='word_1_195' title='bbox 1241 2690 1247 2700; x_wconf 84' lang='grc'><strong><em>·</em></strong></span> 
     </span>
     <span class='ocr_line' id='line_1_26' title="bbox 201 2739 1254 2847; baseline -0.008 -27"><span class='ocrx_word' id='word_1_196' title='bbox 201 2755 308 2820; x_wconf 88' lang='grc' dir='ltr'><strong><em>δαίων</em></strong></span> <span class='ocrx_word' id='word_1_197' title='bbox 326 2755 426 2830; x_wconf 78' lang='grc' dir='ltr'><strong><em>ἔθνος</em></strong></span> <span class='ocrx_word' id='word_1_198' title='bbox 445 2746 629 2820; x_wconf 89' lang='grc' dir='ltr'><strong><em>στασιάσαυ</em></strong></span> <span class='ocrx_word' id='word_1_199' title='bbox 649 2749 706 2818; x_wconf 80' lang='grc' dir='ltr'><strong><em>καὶ</em></strong></span> <span class='ocrx_word' id='word_1_200' title='bbox 728 2747 805 2830; x_wconf 83' lang='grc' dir='ltr'><strong><em>τοὺς</em></strong></span> <span class='ocrx_word' id='word_1_201' title='bbox 824 2750 894 2819; x_wconf 74' lang='grc' dir='ltr'><strong><em>ἐκεῖ</em></strong></span> <span class='ocrx_word' id='word_1_202' title='bbox 909 2741 1089 2836; x_wconf 86' lang='grc' dir='ltr'><strong><em>Ρωμαίονς</em></strong></span> <span class='ocrx_word' id='word_1_203' title='bbox 1106 2771 1165 2818; x_wconf 88' lang='grc' dir='ltr'><strong><em>πο·</em></strong></span> <span class='ocrx_word' id='word_1_204' title='bbox 1179 2769 1212 2812; x_wconf 73' lang='grc' dir='ltr'><strong><em>τε</em></strong></span> <span class='ocrx_word' id='word_1_205' title='bbox 1247 2739 1254 2847; x_wconf 69' lang='lat' dir='ltr'>j</span> 
     </span>
     <span class='ocr_line' id='line_1_27' title="bbox 199 2846 1166 2941; baseline -0.002 -21"><span class='ocrx_word' id='word_1_206' title='bbox 199 2855 367 2941; x_wconf 79' lang='grc' dir='ltr'><strong><em>λιοριιοῦν</em></strong></span> <span class='ocrx_word' id='word_1_207' title='bbox 408 2849 491 2920; x_wconf 86' lang='grc' dir='ltr'><strong><em>αατά</em></strong></span> <span class='ocrx_word' id='word_1_208' title='bbox 520 2846 585 2939; x_wconf 86' lang='grc' dir='ltr'><strong><em>γάρ</em></strong></span> <span class='ocrx_word' id='word_1_209' title='bbox 613 2877 676 2937; x_wconf 88' lang='grc' dir='ltr'><strong><em>την</em></strong></span> <span class='ocrx_word' id='word_1_210' title='bbox 703 2852 762 2938; x_wconf 81' lang='grc' dir='ltr'><strong><em>τῆς</em></strong></span> <span class='ocrx_word' id='word_1_211' title='bbox 791 2852 1013 2938; x_wconf 77' lang='grc' dir='ltr'><strong><em>πεντηκοστῆς</em></strong></span> <span class='ocrx_word' id='word_1_212' title='bbox 1046 2876 1166 2940; x_wconf 87' lang='grc' dir='ltr'><strong><em>εορτην</em></strong></span> 
     </span>
     <span class='ocr_line' id='line_1_28' title="bbox 198 2943 1253 3042; baseline -0.004 -21"><span class='ocrx_word' id='word_1_213' title='bbox 198 2949 375 3041; x_wconf 83' lang='grc' dir='ltr'><strong><em>μυριάδων</em></strong></span> <span class='ocrx_word' id='word_1_214' title='bbox 388 2955 522 3022; x_wconf 83' lang='grc' dir='ltr'><strong><em>πολλών</em></strong></span> <span class='ocrx_word' id='word_1_215' title='bbox 534 2953 850 3042; x_wconf 87' lang='grc' dir='ltr'><strong><em>συναθροισθεισών</em></strong></span> <span class='ocrx_word' id='word_1_216' title='bbox 862 2948 1086 3039; x_wconf 87' lang='grc' dir='ltr'><strong><em>πανταχόθεν,</em></strong></span> <span class='ocrx_word' id='word_1_217' title='bbox 1102 2943 1164 3018; x_wconf 89' lang='grc' dir='ltr'><strong><em>υπ’</em></strong></span> <span class='ocrx_word' id='word_1_218' title='bbox 1250 2961 1253 3030; x_wconf 70' lang='grc' dir='ltr'><em>ξ</em></span> 
     </span>
     <span class='ocr_line' id='line_1_29' title="bbox 199 3045 1253 3143; baseline -0.002 -21"><span class='ocrx_word' id='word_1_219' title='bbox 199 3049 315 3122; x_wconf 82' lang='grc' dir='ltr'><strong><em>αότών</em></strong></span> <span class='ocrx_word' id='word_1_220' title='bbox 331 3049 384 3124; x_wconf 86' lang='grc' dir='ltr'><strong><em>ολ</em></strong></span> <span class='ocrx_word' id='word_1_221' title='bbox 382 3062 529 3143; x_wconf 79' lang='grc' dir='ltr'><strong><em>Ρωμαῖοι</em></strong></span> <span class='ocrx_word' id='word_1_222' title='bbox 542 3059 894 3141; x_wconf 83' lang='grc' dir='ltr'><strong><em>συγκατεαλείσθησαν</em></strong></span> <span class='ocrx_word' id='word_1_223' title='bbox 912 3048 1023 3122; x_wconf 73' lang='grc' dir='ltr'><strong><em>ταδ’</em></strong></span> <span class='ocrx_word' id='word_1_224' title='bbox 983 3049 1082 3130; x_wconf 82' lang='grc' dir='ltr'><strong><em>αυτὸς</em></strong></span> <span class='ocrx_word' id='word_1_225' title='bbox 1096 3061 1166 3121; x_wconf 89' lang='grc' dir='ltr'><strong><em>Σα-</em></strong></span> <span class='ocrx_word' id='word_1_226' title='bbox 1251 3045 1253 3108; x_wconf 60' lang='lat' dir='ltr'>s</span> 
     </span>
     <span class='ocr_line' id='line_1_30' title="bbox 198 3143 1253 3243; baseline -0.004 -20"><span class='ocrx_word' id='word_1_227' title='bbox 198 3159 310 3242; x_wconf 80' lang='grc' dir='ltr'><strong><em>βλνος</em></strong></span> <span class='ocrx_word' id='word_1_228' title='bbox 334 3150 516 3243; x_wconf 81' lang='grc' dir='ltr'><strong><em>στρατηγός</em></strong></span> <span class='ocrx_word' id='word_1_229' title='bbox 541 3144 623 3223; x_wconf 74' lang='grc' dir='ltr'><strong><em>δὲ</em></strong></span> <span class='ocrx_word' id='word_1_230' title='bbox 603 3183 646 3242; x_wconf 93' lang='grc' dir='ltr'><strong><em>ην</em></strong></span> <span class='ocrx_word' id='word_1_231' title='bbox 669 3143 766 3236; x_wconf 77' lang='grc' dir='ltr'><strong><em>οὗτος</em></strong></span> <span class='ocrx_word' id='word_1_232' title='bbox 784 3150 962 3242; x_wconf 69' lang='grc' dir='ltr'><strong><em>’.Ρωμαίων</em></strong></span> <span class='ocrx_word' id='word_1_233' title='bbox 987 3153 1055 3222; x_wconf 82' lang='grc' dir='ltr'><strong><em>καὶ</em></strong></span> <span class='ocrx_word' id='word_1_234' title='bbox 1077 3149 1165 3240; x_wconf 90' lang='grc' dir='ltr'><strong><em>μάχη</em></strong></span> <span class='ocrx_word' id='word_1_235' title='bbox 1252 3163 1253 3172; x_wconf 78' lang='grc'>’</span> 
     </span>
    </p>

    <p class='ocr_par' dir='ltr' id='par_1_7' title="bbox 163 3245 1253 3444">
     <span class='ocr_line' id='line_1_31' title="bbox 163 3245 1253 3377; baseline -0.009 -51"><span class='ocrx_word' id='word_1_236' title='bbox 163 3311 166 3318; x_wconf 88' lang='grc'><em>.</em></span> <span class='ocrx_word' id='word_1_237' title='bbox 198 3245 243 3343; x_wconf 80' lang='grc' dir='ltr'><strong><em>ἦν</em></strong></span> <span class='ocrx_word' id='word_1_238' title='bbox 258 3252 413 3377; x_wconf 80' lang='grc' dir='ltr'><strong><em>καρτερά,</em></strong></span> <span class='ocrx_word' id='word_1_239' title='bbox 432 3257 543 3326; x_wconf 76' lang='grc' dir='ltr'><strong><em>καλοί</em></strong></span> <span class='ocrx_word' id='word_1_240' title='bbox 551 3253 702 3346; x_wconf 74' lang='grc' dir='ltr'><strong><em>Ρωμαῖοι</em></strong></span> <span class='ocrx_word' id='word_1_241' title='bbox 720 3251 891 3344; x_wconf 75' lang='grc' dir='ltr'><strong><em>ἐκράτουν.</em></strong></span> <span class='ocrx_word' id='word_1_242' title='bbox 922 3250 1163 3344; x_wconf 84' lang='grc' dir='ltr'><strong><em>περιοδεύσαν-</em></strong></span> <span class='ocrx_word' id='word_1_243' title='bbox 1178 3271 1253 3322; x_wconf 75' lang='grc' dir='ltr'><strong><em>εο</em></strong></span> 
     </span>
     <span class='ocr_line' id='line_1_32' title="bbox 199 3345 1165 3444; baseline -0.004 -18"><span class='ocrx_word' id='word_1_244' title='bbox 199 3383 253 3437; x_wconf 91' lang='grc' dir='ltr'><strong><em>τες</em></strong></span> <span class='ocrx_word' id='word_1_245' title='bbox 270 3345 332 3430; x_wconf 81' lang='grc' dir='ltr'><strong><em>οὖν</em></strong></span> <span class='ocrx_word' id='word_1_246' title='bbox 349 3361 384 3427; x_wconf 86' lang='grc' dir='ltr'><strong><em>οί</em></strong></span> <span class='ocrx_word' id='word_1_247' title='bbox 402 3355 559 3428; x_wconf 79' lang='grc' dir='ltr'><strong><em>Ἰουδαῖοι</em></strong></span> <span class='ocrx_word' id='word_1_248' title='bbox 583 3354 691 3427; x_wconf 77' lang='grc' dir='ltr'><strong><em>ἐπὶ</em></strong></span> <span class='ocrx_word' id='word_1_249' title='bbox 653 3386 712 3437; x_wconf 90' lang='grc' dir='ltr'><strong><em>τας</em></strong></span> <span class='ocrx_word' id='word_1_250' title='bbox 730 3352 828 3437; x_wconf 86' lang='grc' dir='ltr'><strong><em>στοάς</em></strong></span> <span class='ocrx_word' id='word_1_251' title='bbox 851 3352 1004 3444; x_wconf 89' lang='grc' dir='ltr'><strong><em>ἀνηλθον</em></strong></span> <span class='ocrx_word' id='word_1_252' title='bbox 1026 3350 1085 3435; x_wconf 88' lang='grc' dir='ltr'><strong><em>τάς</em></strong></span> <span class='ocrx_word' id='word_1_253' title='bbox 1102 3357 1165 3435; x_wconf 77' lang='grc' dir='ltr'><strong><em>ἔξω</em></strong></span> 
     </span>
    </p>

    <p class='ocr_par' dir='ltr' id='par_1_8' title="bbox 164 3455 1165 3550">
     <span class='ocr_line' id='line_1_33' title="bbox 164 3455 1165 3550; baseline 0.002 -28"><span class='ocrx_word' id='word_1_254' title='bbox 164 3459 264 3527; x_wconf 78' lang='grc' dir='ltr'><strong><em>Ιιτου</em></strong></span> <span class='ocrx_word' id='word_1_255' title='bbox 281 3461 389 3550; x_wconf 84' lang='grc' dir='ltr'><strong><em>ίεροῦ,</em></strong></span> <span class='ocrx_word' id='word_1_256' title='bbox 412 3455 601 3531; x_wconf 79' lang='grc' dir='ltr'><strong><em>κάντεῦθεν</em></strong></span> <span class='ocrx_word' id='word_1_257' title='bbox 625 3462 658 3542; x_wconf 79' lang='grc' dir='ltr'><strong><em>ἐξ</em></strong></span> <span class='ocrx_word' id='word_1_258' title='bbox 675 3457 883 3550; x_wconf 81' lang='grc' dir='ltr'><strong><em>ὑπερδεξίων</em></strong></span> <span class='ocrx_word' id='word_1_259' title='bbox 907 3455 1087 3544; x_wconf 82' lang='grc' dir='ltr'><strong><em>βάλλοντες</em></strong></span> <span class='ocrx_word' id='word_1_260' title='bbox 1109 3480 1165 3542; x_wconf 83' lang='grc' dir='ltr'><strong><em>με·</em></strong></span> 
     </span>
    </p>
   </div>
   <div class='ocr_carea' id='block_1_3' title="bbox 0 0 1260 3834">
    <p class='ocr_par' dir='ltr' id='par_1_9' title="bbox 0 0 1260 3834">
     <span class='ocr_line' id='line_1_34' title="bbox 0 0 1260 3834; baseline 0 0"><span class='ocrx_word' id='word_1_261' title='bbox 0 0 1260 3834; x_wconf 95' lang='lat' dir='ltr'><strong><em> </em></strong></span> 
     </span>
    </p>
   </div>
  </div>
 </body>
</html>
