2586 3800
462 170 534 221 Lm.
547 169 597 221 xl.
617 169 694 222 οΑΡ.
709 150 755 224 νε.
1057 171 1095 234 19

127 309 302 398 ἐσχηκέναι
332 297 518 397 ἠθέλησεν,
551 305 666 397 ἐπειδὴ
692 311 872 397 ένγαστρλ
902 317 1015 399 ἔσχεν,
1046 310 1092 382 ἵν’

127 406 220 503 ον’τῷ
238 413 377 478 παιδίον
393 411 472 499 τέκη
492 407 788 502 τριακονθήμερον.
867 457 869 462 κ
986 435 988 439 ·

176 545 178 548 ·
206 514 252 582 Οέ
267 505 301 579 δ’
321 513 359 582 έν
376 514 416 599 τῇ
438 507 544 600 Ῥάμη
569 507 781 600 ἐταράττοντο
805 511 867 600 μὲν
891 513 928 580 έκ
953 507 1093 601 τούτων,

127 610 344 700 ἐταράττοντο
368 611 405 681 δὲ
428 613 486 681 καὶ
508 607 560 680 ότι
586 617 676 681 δίκαι
705 621 802 700 σφίσι
834 621 986 684 πλεῖσται
1017 612 1095 702 ἐπή·
1143 673 1144 676 ,

99 741 227 804 τγοντο
257 715 311 782 έπλ
339 740 380 802 τη
403 710 488 802 πρός
511 711 570 792 τὰς
594 710 742 801 ἀδελφάς
765 709 870 783 αότοῦ
896 716 952 784 καὶ
976 715 1030 784 ἐπὶ
1052 721 1094 806 τῇ

127 811 210 902 πρός
228 811 308 896 τοός
324 815 598 903 πεφονευμένους
615 823 729 906 φιλίᾳ,
748 813 963 904 προσεδόκων
983 815 1021 886 δὲ
1038 820 1094 885 καλ

127 917 184 986 ε’πὶ
201 924 316 986 πλεῖον
338 911 400 1002 τήν
421 943 457 985 τε
475 909 626 1004 ὠμότητα
643 919 706 985 τοῦ
722 924 828 986 Γαΐου
846 919 902 985 καλ
919 913 981 1005 τὴν
998 915 1128 989 ἀδελ-Β

125 1043 222 1106 γειαν
239 1013 409 1104 αόξήσειν,
435 1022 466 1085 εί
481 1014 499 1084 ὃ
516 1019 574 1103 τῆς
591 1012 694 1106 ἀρχῆς
712 1021 816 1088 αὐτοῦ
833 1014 952 1109 χρόνος
969 1025 1094 1088 πλείων

126 1118 269 1206 γένηται.
305 1118 361 1187 καὶ
378 1122 412 1187 ολ
427 1117 490 1206 μέν
507 1113 594 1188 οὕτω
614 1119 775 1188 διέκειντο
793 1118 876 1207 πρὸς
889 1115 1003 1208 αὐτόν,
1022 1116 1040 1188 ὁ
1057 1120 1094 1189 δὲ

86 1252 112 1292 ιο
127 1221 184 1289 καὶ
202 1215 260 1288 τόν
278 1227 488 1308 Πτολεμαῖον
504 1214 563 1288 τόν
580 1222 640 1289 τοῦ
654 1215 740 1307 Ἰόβα
758 1225 863 1290 παῖδα
881 1219 1095 1309 μεταστειλά-

125 1347 226 1410 μενος
244 1317 288 1401 ὡς
306 1323 517 1391 πλουτοῦντα
535 1315 692 1392 κάκελνον
709 1316 891 1392 ἀπέκτεινε.

176 1447 179 1450 ·
209 1424 335 1492 Τοῦτον
361 1421 398 1490 δὲ
416 1420 474 1491 τόν
491 1419 616 1511 τρόπον
632 1419 727 1509 βιοὺς
745 1420 877 1504 πάντως
896 1425 1094 1509 ἐπιβουλευ-

126 1520 299 1611 θήσεσθαι
322 1527 446 1610 έμελλε.
492 1523 547 1592 καλ
572 1521 725 1612 έφάρασε
748 1521 809 1611 τὴν
836 1525 1006 1611 ἐπίθεσιν,
1037 1526 1093 1593 καί

127 1623 307 1712 συλλαβών
326 1617 473 1694 Ἀνίκιον
499 1621 681 1711 Κερεάλιον
708 1626 765 1695 καί
794 1625 853 1695 τόν
881 1621 958 1695 υίδν
989 1619 1094 1695 αότοῦ

1 1719 2 1722 “
87 1755 113 1796 15
128 1728 256 1808 Σέξτον
273 1731 444 1796 Παπίνιον
462 1721 654 1811 ε’βασάνισε·
688 1728 744 1795 καὶ
768 1727 839 1796 ἐπεὶ
856 1725 963 1815 μηδὲν
982 1723 1094 1808 ἐξελά-

127 1835 246 1915 λησεν,
271 1823 427 1896 ἀνέπεισε
449 1825 510 1895 τόν
527 1832 715 1915 Παπίνιον,
741 1833 910 1917 σωτηρίαν
928 1824 1094 1920 αὐτῷκαὶ
1126 1837 1129 1844 ’

126 1925 246 1998 άδειαν
270 1923 513 2016 ὑποσχόμενος,
545 1943 716 1998 κατειπεῖν
737 1956 841 1998 τινων
866 1924 887 2014 ἢ
910 1925 1046 2017 άληθῶς
1071 1923 1094 2016 ἢ

128 2031 274 2116 ψευδῶς,
309 2030 365 2098 καὶ
397 2031 526 2098 ἐκείνου
557 2025 676 2097 αὐτίκα
706 2030 761 2097 καλ
792 2026 871 2108 τοὺς
902 2025 1023 2110 άλλους
1056 2032 1092 2097 έν

126 2127 315 2220 ὀφθαλμοῖς
332 2126 438 2200 αὐτοῦ
455 2126 657 2199 ἀπέκτεινεν.
695 2125 769 2210 ἑνός
784 2129 822 2196 δέ
838 2129 906 2196 τοῖν
923 2131 1126 2216 κτεινομέυ

89 2251 114 2301 το
127 2259 200 2302 νων
223 2233 280 2300 καὶ
297 2227 356 2301 τόν
373 2232 500 2320 πατέρα
517 2245 674 2318 παρεῖναι
690 2227 921 2318 κατηνάγκασε
937 2232 997 2299 τοῦ
1015 2232 1054 2297 υί
1078 2233 1092 2247 “

126 2334 372 2432 φονευομένου·
412 2327 611 2420 πυθόμενόν
632 2358 670 2400 τε
687 2337 719 2400 εί
734 2328 837 2420 μύσαι
855 2327 946 2422 αὐτῷ
965 2330 1095 2419 ἐπιτρέ-

126 2459 196 2523 πει,
221 2435 277 2507 καὶ
296 2435 425 2504 ἐκείνου
442 2435 613 2521 σφαγῆναι
629 2435 838 2521 προσέταξεν.
881 2431 907 2502 δ’
918 2430 956 2501 δὲ
973 2428 1093 2501 κινδυ-

126 2532 238 2606 νεόωυ
262 2535 528 2625 προσεποιήσατο
554 2537 589 2604 ἐκ
612 2535 680 2604 τῶν
699 2529 1027 2623 ἐπιβεβουλευκότων
1045 2532 1093 2602 εἶ-

127 2665 195 2723 ναι,
213 2636 270 2706 καὶ
287 2635 363 2719 τούς
380 2634 516 2716 λοιποδς
533 2633 660 2716 πάντας
679 2638 820 2724 ἐκφῆναι
836 2634 1016 2724 ὑπέσχετο,
1035 2635 1092 2704 καὶ

88 2766 113 2806 ετ
129 2735 284 2826 ὠνόμασε
308 2734 386 2818 τοός
411 2765 447 2807 τε
472 2738 623 2825 ἑταίρους
646 2734 724 2818 τοός
740 2741 800 2807 τοῦ
817 2744 922 2808 Γαίου
941 2737 997 2806 καὶ
1014 2732 1093 2815 τοδς

128 2835 314 2928 συνεργούς
344 2841 402 2926 τῆς
432 2834 606 2925 ἀσελγείας
636 2839 692 2907 καὶ
722 2841 780 2926 τῆς
811 2835 985 2925 ὠμότητος.
1036 2837 1093 2903 καὶ

127 2939 273 3021 πολλοὺς
291 2933 333 3009 άν
350 2935 541 3027 άπάλεσευ,
571 2945 601 3008 εί
616 2937 662 3027 μὴ
679 2939 735 3008 καὶ
751 2937 829 3018 τούς
846 2931 1018 3024 ὑπάρχους
1036 2935 1093 3003 κοιλ

127 3038 187 3111 τόν
213 3037 402 3111 Κάλλιστον
431 3042 487 3110 καλ
517 3037 578 3127 τὴν
608 3045 804 3109 Καισωνίαν
834 3030 1094 3127 προσδιαβαλάν

126 3138 308 3232 ἠπιστήθη.

88 3271 114 3312 ω
206 3245 274 3313 Καὶ
298 3239 316 3314 ό
338 3242 402 3332 μὲν
425 3239 615 3330 ἀπέθανεν,
639 3243 685 3334 τῷ
710 3239 747 3310 δὲ
766 3245 856 3332 Γαλφ
874 3236 933 3308 τόν
950 3233 1095 3334 όλεθρον

200 3409 231 3458 12
256 3405 368 3459 Τοῦτον
391 3401 424 3459 δλ
445 3432 480 3446 -
501 3421 528 3472 p.
552 3407 598 3468 20,
621 3406 653 3456 13
674 3396 839 3470 περιφόβων
857 3391 959 3468 όντων]
989 3400 1095 3452 Horum

128 3474 249 3541 plurima
262 3476 392 3526 omittunt
402 3475 502 3527 Dionis
515 3473 640 3526 codices:
659 3472 793 3526 nonnulla
804 3471 909 3522 habent
920 3471 988 3522 Exe.
1002 3469 1094 3521 Vatic.

902 3555 944 3616 2*
