2566 3800
388 188 770 242 LIB.X111.0AP.IX.X.
919 171 921 178 ’
987 189 1050 256 203

1 370 2 408 3
85 328 164 420 πρὸς
182 328 328 417 πόλεμον
344 326 473 399 ἀπεῖδε.
497 329 554 398 καί
572 320 673 410 αὖθις
686 334 735 410 είς
753 337 950 418 πολιορκίαν
967 359 1048 402 κατ-

85 434 159 520 έστη
178 437 355 518 Νισίβεως.
398 427 443 510 ὡς
467 427 500 499 δ’
527 426 630 500 ούδέν
655 431 808 521 ἐπέραινε
832 431 906 500 κατ’
932 431 1049 522 αὐτῆς,

2 563 7 591 ι’
84 531 207 620 ἀπέστη
237 533 295 600 καὶ
327 532 448 622 ἑτέρων
479 529 690 622 ἀπεπειρᾶτο.
744 527 789 614 ἀς
820 531 859 601 δὲ
882 531 1049 604 κάκείνων

46 681 47 685 =
83 631 317 722 ἀπεκρούσθη,
354 639 402 714 είς
428 631 572 722 ’Ἀμιδαν
606 633 802 721 κατηντήκει
831 633 888 704 καί
922 635 1046 724 ταύτης

55 733 248 828 εέκράτησε.
604 793 607 798 .
884 753 886 755 ’

1 912 3 918 ,
155 834 388 916 Κωνστάυτως
411 835 450 906 δὲ
473 835 525 926 μη.
543 829 613 916 οἷός
636 862 672 905 τε
697 831 746 906 ἀν
769 835 832 926 τήν
850 835 934 926 ὅλην
951 842 1044 908 διευ-
1063 845 1102 912 10

1 973 2 977 “
80 937 201 1008 θύνειν
222 937 326 1026 μόνος
350 935 470 1033 ἀρχήν,
497 934 667 1025 τοσαύτην
690 926 799 1006 οὖσαν
817 935 862 1020 ἀς
881 941 914 1022 ἐξ
933 933 1048 1029 ἀκρων

82 1038 201 1129 σχεδόν
224 1037 378 1127 περάτων
400 1043 463 1126 γης
488 1043 535 1118 είς
559 1037 647 1129 ἀκρα
669 1038 802 1129 πέρατα,
813 1044 993 1127 καταντᾶν,
1014 1039 1046 1122 ἐξ

78 1137 234 1230 Ἀθηνῶν
256 1139 316 1210 τόν
339 1144 401 1210 τού
426 1137 560 1210 Γάλλου
588 1137 756 1228 ὁμαίμονα
778 1139 839 1211 τδν
861 1137 1047 1211 Ἰουλιανόν

40 1267 68 1308 ω
80 1239 404 1331 μετακαλεσάμενος,
435 1239 593 1330 Καίσαρά
622 1267 658 1310 τε
689 1237 806 1310 ἀνεῖπε
832 1243 889 1311 καὶ
909 1240 1047 1330 Ἑλένην

82 1341 173 1438 αύτῷ
198 1341 260 1430 τὴν
284 1348 414 1414 οἰκείαν
439 1340 628 1434 συνςόκισεν
652 1339 813 1431 ἀδελφήν.
854 1343 985 1430 λέγεται
1008 1343 1047 1412 δὲ
1149 1422 1152 1425 ,

1 1508 7 1512 ,,
81 1451 122 1536 τῇ
142 1443 248 1534 μητρὶ
272 1441 378 1513 αύτού
402 1443 534 1534 κνούση
561 1438 668 1514 αύτὸν
690 1441 856 1513 ἐνύπνιον
884 1445 1079 1532 γενέσθαιΒ
1113 1447 1114 1451 ’

81 1547 137 1616 καὶ
160 1545 254 1628 δόξαι
274 1543 335 1615 τδν
354 1542 505 1632 Ἀχιλλέα
529 1558 648 1614 τεκείν.
695 1537 717 1632 ἡ
742 1543 780 1614 δέ
807 1550 1047 1616 διυτινισθείσα

1 1697 2 1702 1
80 1647 136 1718 καί
152 1645 189 1716 τδ
207 1644 292 1735 όναρ
311 1646 516 1735 διηγουμένη
533 1651 580 1738 τῷ
599 1644 698 1734 ἀνδρί
718 1649 808 1716 ἔτεκε
824 1651 946 1716 τούτου
963 1643 1043 1734 μηδ’

40 1781 68 1824 ιτ
81 1741 215 1820 ἀδίκων
239 1746 363 1836 σχεδόν
385 1745 439 1820 ,ἐπ’
465 1745 558 1840 αὐτῷ
582 1757 781 1834 πειραθεῖσιν
803 1749 859 1816 καὶ
882 1753 1148 1818 τεκούσαΨΠΙΙΒ

80 1851 161 1939 πρὶν
184 1847 206 1936 ἢ
231 1855 329 1936 γνοίη
354 1845 399 1929 ἀς
423 1849 534 1936 μέλλει
550 1853 682 1917 τίκτειν.
717 1851 881 1918 ἐντεῦθεν
899 1849 1046 1938 μεγάλας

81 1946 135 2021 ἐπ’
155 1948 248 2044 αύτῷ
268 1948 441 2038 ἐσχηκότες
460 1953 598 2030 ἐλπίδας
612 1953 648 2017 ολ
658 1948 780 2018 τούτου
794 1965 918 2038 γονεῖς,
933 1948 1045 2021 Εύσε-

80 2059 146 2147 βίω
161 2053 208 2144 τῷ
227 2056 455 2142 Νικομηδείας
474 2045 581 2119 αύτδν
599 2049 859 2137 παραδεδώκασι
876 2049 967 2139 παρ’Ι
979 2049 1044 2120 αύ-

1 2150 3 2154 ’
79 2160 140 2222 τού
163 2152 426 2242 μυηθησόμενον
448 2150 511 2239 τήν
535 2156 637 2220 θείαν
655 2149 800 2240 γραφήν.
833 2155 990 2242 Καίσαρα
1008 2151 1047 2220 δὲ

37 2292 68 2334 20
79 2261 203 2326 τούτου
221 2251 455 2343 ἀναγορεύσας
474 2251 491 2322 ὁ
510 2249 726 2340 αύτοκράτωρ
744 2250 980 2331 Κωνστάντιος
998 2257 1046 2332 είς

45 2380 48 2384 ·
78 2362 225 2436 Γαλλίας
257 2355 418 2444 ἐξέπεμψε
442 2350 515 2444 μετ’
543 2350 671 2440 ὀλίγων
694 2350 785 2422 πάνυ
821 2356 1055 2444 στρατιωτῶν,

42 2509 44 2512 -
78 2454 125 2538 ἀς
147 2455 313 2526 ἀπόνοιαν
338 2459 498 2526 ἐντεύθεν
523 2457 717 2542 ἐγγίνεσθαι
741 2453 792 2524 ὅτι
815 2451 856 2524 ού
881 2453 1047 2524 κοινωνόν

76 2565 138 2647 της
156 2556 261 2649 ἀρχῆς
274 2556 292 2626 ὁ
306 2556 538 2637 Κωνστάντιος
557 2561 662 2626 είλετο
679 2555 738 2626 τάν
752 2553 948 2644 Ἰουλιανόν,
967 2550 1043 2627 ἀλλ’

77 2667 126 2740 είς
145 2661 323 2748 ἐπιβουλῆς
342 2653 434 2750 αύτῷ
449 2657 622 2747 πρόφασιν
636 2656 673 2728 τό
690 2661 802 2746 σχῆμα
820 2657 994 2747 περιέβαλε
1006 2655 1044 2727 τό

34 2797 66 2839 25
79 2767 142 2832 τού
161 2768 344 2852 Καίσαρος,
363 2757 410 2830 ἵν’
429 2753 500 2828 ύπδ
518 2761 586 2827 των
604 2765 774 2847 πολεμίων
791 2763 979 2848 διαφθαρῇ,
997 2757 1079 2846 μήο

77 2869 166 2952 ἔχων
193 2861 340 2949 δύναμιν
357 2860 442 2950 πρός
458 2857 520 2929 τόν
536 2856 609 2928 κατ’
632 2861 772 2929 ἐκείνων
790 2858 936 2946 πόλεμον
954 2856 1045 2940 ἀξιό-

1 2970 2 2973 ’
74 2991 195 3053 χρεων.
232 2961 309 3033 ὁδε
329 2957 491 3032 ἀπελθόν
508 2961 565 3028 καί
589 2957 704 3048 ἀγαθῇ
726 2956 814 3049 τύχη
839 2958 1046 3049 χρησάμενος

76 3063 264 3154 συμβάλλει
279 3078 350 3144 τοῖς
367 3069 549 3151 πολεμίοις,
567 3061 624 3130 καί
642 3057 849 3139 ἀνελπίστως
866 3065 955 3150 νικᾷ.
988 3061 1046 3129 καὶ

75 3159 182 3246 αὖθις
197 3164 338 3246 ἑαυτούς
349 3161 634 3252 ἀνακτησαμόνων
650 3165 720 3232 τάν
736 3167 918 3250 πολεμίων,
937 3181 1045 3251 προσ-

28 3305 60 3346 30
72 3273 239 3358 μίγνυται
264 3263 399 3355 αύτοίς,
422 3267 480 3335 καὶ
503 3263 663 3354 τρόπαιον
680 3267 807 3353 ἵστησι,
831 3268 966 3332 πολλῶν
982 3261 1046 3351 μὲν

74 3367 343 3458 ἀναιρεθέντων,
358 3372 494 3438 πολλῶν
506 3363 538 3434 δ’
558 3363 778 3454 ἀπολομένων
793 3367 830 3434 ἐν
846 3369 894 3457 τῷ
911 3387 1045 3452 παραρ-

74 3472 191 3560 ρέοντι
214 3475 373 3562 ποταμῷ,
402 3469 459 3538 καλ
485 3467 727 3557 ζωγρηθέντων
757 3463 820 3536 ούκ
847 3465 1044 3536 ἐλαττόνων.
