2566 3800
217 191 278 262 148
534 191 605 244 LIB.
618 191 680 244 xn.
700 188 777 245 σοι).
790 191 873 242 XXV.

216 358 340 421 σανιο,
369 329 609 422 ύπερετλθεντο
637 330 675 400 66
700 326 737 401 τό
763 331 892 420 σκέμμα
919 333 980 411 ἕως
1006 325 1115 422 ἆλῷεν
1145 327 1185 399 τὰ

217 432 423 508 Μεδιόλανα.
459 432 627 524 μαθόντες
646 427 678 502 θ’
699 435 869 520 ἐγνῶσθαι
882 429 918 502 τὸ
931 435 1029 520 σφών
1047 427 1186 518 διαβοώ-

181 559 206 611 Β
219 547 304 626 λιον,
324 533 531 626 ἐπετύγοναν
547 531 610 622 τῆν
628 532 832 624 ἐπιβουλήν.
869 535 931 604 καὶ4
944 535 1123 604 στέλλονσί
1136 560 1187 603 τι-

216 669 290 728 νας,
309 646 488 727 ’πολεμίους
507 638 634 708 ἐπιέναι
651 638 700 728 ιμ’
716 633 872 730 Γαλιῆνςο
891 631 1128 724 ύγγέλλοντας·
1168 632 1186 705 ὁ

218 743 255 813 δὲ
274 739 393 812 αὐτίκα
412 737 580 830 ἐξώρμησε
597 735 669 808 κατ’
691 734 821 826 αύτών,
849 733 938 826 ώρας
955 734 1020 826 ἤδη
1040 734 1187 826 ἐφεστώ-
1199 765 1211 806 ι

217 866 278 933 σης
318 840 476 933 ἀρίστου,
519 841 575 909 καὶ
610 835 665 910 όλλ
664 867 734 928 γων
768 841 1053 963 σννεφεπομένων
1086 835 1187 931 αύτῷ.

217 939 351 1016 ἀπιόντι
375 943 414 1015 66
437 946 650 1014 σνναντώσιν
674 945 802 1024 ἱππεῖς
843 932 892 1013 ών
915 935 957 1010 ού
981 937 1095 1029 πόρρω
1122 966 1189 1010 πον

216 1043 421 1136 ἀφεστώτων
439 1041 562 1132 αὐτοῦ,
587 1045 643 1113 καὶ
666 1040 749 1132 μῆτε
770 1045 839 1114 τών
855 1047 970 1112 ἵππων
987 1038 1190 1130 ἀποβάντων

219 1146 302 1238 μῆτε
319 1175 351 1217 τι
370 1149 502 1242 ἕτερον
503 1143 692 1226 ποιούντων
709 1141 730 1214 6
748 1141 830 1234 πρός
848 1153 997 1234 βασιλεῖς
1013 1143 1190 1266 νενόμιστο

218 1245 445 1338 γίνεσθαι,”
425 1275 523 1374 ηρετο
554 1243 633 1329 τούς
662 1247 830 1336 παρόντας
862 1250 988 1328 ἐκεῖνος
1014 1240 1071 1316 “vc
1097 1233 1226 1316 ούτοιιο

119 1345 512 1442 θιΠεεεβούλονταιβο
495 1344 610 1419 ολθέ
612 1347 757 1420 ’παῦσαί
771 1372 809 1420 σε
826 1355 884 1437 τῆς
901 1344 1015 1438 ἆρχῆς’
1018 1343 1192 1436 ’ἀπεκρί-

99 1513 102 1520 ,
221 1466 343 1545 θησαν.
380 1447 479 1522 nav·
461 1479 498 1533 ος
524 1448 645 1520 αὐτίκα
668 1455 714 1544 τῷ
732 1456 825 1544 ἵππω
841 1447 900 1521 τόν
917 1447 1055 1539 χαλινὸν
1073 1447 1193 1530 ἐνδούς

222 1562 271 1637 εἰς
295 1553 410 1644 φνγῆν
434 1549 568 1643 ἐτράπη.
617 1553 674 1622 καὶ
697 1547 761 1623 κᾶν
786 1553 926 1642 διέφυγε
950 1549 1029 1633 τούς
1054 1553 1194 1640 ἐπιβου-

222 1655 382 1738 λεύοντας
399 1661 440 1746 τῆ
457 1655 615 1744 ταχυτῆτι
631 1660 691 1724 τοῦ
708 1659 832 1742 ἵππον,
860 1660 892 1724 εἰ
912 1651 959 1744 μῆ
975 1651 1098 1735 ύθατσς
1121 1654 1195 1722 ἐνέ-

222 1785 323 1847 τνχεν
339 1752 456 1850 όχετςό·
493 1763 678 1844 παρελθεῖν
695 1753 759 1846 γὰρ
776 1762 897 1828 τοῦτον
913 1753 931 1826 6
949 1759 1050 1836 ἵππος
1067 1750 1195 1826 ἄποθε-
1207 1779 1231 1822 ιι

188 1857 399 1938 Οδειλιακώς
425 1863 522 1946 ἔστη,
550 1859 606 1927 καὶ
631 1853 718 1928 οὕτω
741 1859 926 1947 κατέλαβον
948 1857 982 1927 ολ
1006 1855 1194 1938 διώκοντες.

223 1967 283 2030 καί
297 1988 346 2041 τις
364 1955 436 2029 κατ’
456 1956 563 2030 αὐτού
579 1957 616 2030 τὸ
636 1957 720 2049 θόρν
737 1955 922 2048 ῆιιόντισεν.
963 1953 982 2029 6
1001 1959 1039 2029 δὲ
1056 1960 1196 2050 πληγεὶς

222 2065 285 2132 τού
307 2067 414 2132 ιππον
438 2061 636 2151 αατῆνειιτο,
662 2063 718 2132 καὶ
744 2064 796 2132 ἐπὶ
820 2060 943 2150 μιαρόν
961 2063 1140 2151 διαρκέσας
1160 2064 1197 2130 ἐκ

222 2167 282 2253 τῆς
315 2166 378 2236 τού
412 2169 548 2255 αιματος
585 2161 777 2252 ἐτελεύτησε
812 2161 957 2253 ῥύσεως,
992 2161 1197 2252 βασιλεύσας

224 2265 398 2392 ἐνιαυτούς
416 2271 656 2336 πεντεκαίδεκα
673 2263 739 2336 σύν
755 2281 825 2346 τοῖς
842 2267 902 2336 τού
919 2263 1051 2356 πατρός.
1087 2253 1131 2352 ῆν
1153 2263 1196 2334 6
1210 2287 1236 2328 ιο

221 2367 284 2457 τῆν
307 2366 445 2456 γνώμην
468 2365 642 2458 φιλότιμος
664 2369 721 2436 καλ
745 2371 826 2437 πᾶσι
850 2367 963 2438 θέλων
985 2373 1197 2458 χαρίζεσθαι,

151 2542 152 2546 ,
222 2497 278 2566 ιιαι
267 2466 410 2547 οὐδεὶς
429 2465 624 2557 αἰτούμενος
643 2465 747 2539 αὐτὸν
765 2465 998 2559 διημάρτανεν.
1030 2465 1109 2539 οὔτε
1125 2466 1199 2558 μῆν

221 2567 299 2648 τούς
326 2570 590 2650 ἐναντιωθέντας
614 2565 705 2662 αύτῷ
729 2599 750 2659 η
735 2564 1020 2661 προστεθέντας
1042 2585 1113 2651 τοῖς
1137 2597 1200 2640 τν-

222 2667 431 2760 ραννῆσασιν
448 2667 682 2794 ἐτιμωρήσατο

299 2777 345 2842 06
371 2761 504 2860 μὲν
463 2799 527 2843 ονν
550 2769 656 2856 οὕτως
682 2771 862 2863 ἱστόρησαν
886 2768 1109 2863 ἀναιρεθῆναι
1133 2769 1244 2844 τόνῑό

220 2876 458 2964 Γαλιῆνον,ο
440 2879 476 2944 ολ
503 2875 541 2945 δὲ
571 2874 662 2966 παρὰ
687 2869 930 2964 Ἢραιιλειανοῦ
955 2879 1016 2946 τοῦ
1043 2871 1201 2964 ἐπύργου

221 2979 392 3064 σφαγῆναι
416 2974 539 3047 τοῦτόν
564 2999 657 3066 φασι.
701 2980 762 3048 τού
778 2975 842 3067 γὰρ
860 2974 1032 3066 Αύριόλον
1050 2979 1087 3046 ἐν
1105 2985 1205 3046 Κελ-

198 3071 202 3078 ’“
220 3093 291 3158 τοῖς
313 3084 578 3166 στρατηγοῦντος
604 3080 660 3149 καὶ
679 3075 926 3160 ἐπαναστάντος
945 3074 1035 3172 αύτῷ
1052 3074 1205 3166 ῆκοντός

187 3190 259 3247 Dte
283 3180 336 3247 ἐπὶ
357 3173 499 3249 Ἰταλίαν
524 3177 589 3250 σύν
611 3194 685 3262 ταλς
711 3177 893 3270 όννώμεσι,
919 3183 975 3253 καὶ
992 3175 1010 3250 6
1028 3183 1207 3267 Γαλιῆνος

225 3273 298 3346 κατ’
325 3282 394 3348 ἐκεί
393 3307 455 3348 νον
482 3279 660 3370 ἐξώρμησε
695 3281 815 3364 νυκτὸς
840 3282 877 3352 δὲ
901 3280 1075 3371 πρόσεισιν
1101 3279 1208 3377 αὐτῷ
1220 3307 1247 3348 τι

127 3389 129 3393 ’
223 3377 316 3443 έν
276 3405 317 3466 τη
335 3383 444 3467 σκηνῆ
461 3378 700 3453 καθεύθοντιό
723 3381 971 3472 Ηρααλειανός,
989 3393 1208 3474 κεκοινωνη-

222 3470 289 3553 ιιώς
312 3481 370 3562 τῆς
395 3482 574 3568 ἐπιβουλῆς
591 3485 648 3552 καὶ
667 3491 829 3556 Κλανὸίω
847 3483 947 3579 ἀνδρὶ
965 3509 1210 3578 στρατηγιαω-
