2566 3812
172 138 238 205 274
465 137 537 190 mss.
549 137 599 190 ιιι.
618 135 696 190 οιε.
708 138 785 190 vm.
802 140 851 190 ιιι.

174 277 281 366 ἑάλω,
299 279 356 348 καὶ
373 291 442 359 τοῖς
460 281 497 347 ἐν
511 273 601 370 αύτῷ
616 280 814 364 ἐπιτηδείοις
831 281 867 346 οί
877 270 1028 365 Ῥωμαῖοι
1045 274 1142 367 ἐχρή-

173 397 291 451 σαντο·
319 376 337 450 δ
361 377 425 468 πρὸ
448 380 551 467 τριών
576 369 710 468 ήμερών
734 376 753 448 ὃ
777 383 949 466 Σιαπίων,
977 375 1022 459 ώς
1044 376 1142 468 λόγος

174 483 284 570 ἐστίν,
313 478 553 569 άπεφοίβασεν.
603 477 824 552 ἐπιλιπόντων
848 476 912 570 γάρ
935 476 1051 560 αὐτοῖς
1073 483 1143 550 τών

172 583 256 673 πρὸς
268 577 415 672 τροφήν,
433 597 611 672 προεῖπεν,
628 576 713 651 ὅθεν
728 576 762 650 δ’
781 576 959 670 ήγνόηται,
978 575 1141 661 ώς,“κατά

172 682 274 774 τήνδε
296 682 358 772 τήν
381 682 509 774 ήμέραν
531 696 600 764 τοῖς
628 685 697 752 τοῖν
725 689 894 774 πολεμίων
916 677 1168 772 χρησόμεθα.”ε

172 783 255 874 μετά
272 787 377 856 ταῦτα
396 785 434 855 δέ
450 799 519 866 τοῖς
538 791 787 872 περιλειφθεῑσι
810 790 879 854 τών
902 786 1065 854 ἐναντίων
1082 782 1142 854 τόν

173 885 323 958 Σιλανὸν
339 884 532 958 καταλιπών
547 882 651 966 αύτός
667 882 751 976 πρός
768 881 827 966 τάς
844 883 948 967 άλλας
965 880 1066 975 άπήει
1082 881 1142 956 πό-

173 995 262 1080 λεις,
286 989 342 1058 καὶ
366 986 490 1069 πολλάς
514 983 756 1080 προσηγάγετο.
802 984 1009 1075 καταστήσας
1042 985 1080 1056 δὲ
1100 985 1141 1056 τά

139 1105 163 1154 D
175 1087 343 1172 ἑαλωκότα
361 1084 460 1172 αύτός
477 1088 540 1180 μὲν
558 1091 630 1160 ἐκεί
646 1093 850 1178 διεχείμασε,
867 1087 932 1158 τόν
944 1088 982 1158 δὲ
995 1085 1143 1160 Λούκιον
1190 1167 1208 1180 α

172 1187 231 1262 τόν
253 1189 420 1282 ὁμαίμονα
450 1192 504 1262 ἐπὶ
523 1187 649 1281 Ῥώμην
672 1187 846 1261 άπέστειλε
874 1186 1142 1278 καταγγελοῦντά
1155 1215 1183 1254 ιο

171 1319 209 1363 τε
225 1291 266 1365 τά
283 1291 448 1382 γενόμενα
470 1291 527 1361 καὶ
544 1288 623 1374 τούς
641 1289 870 1382 αἰχμαλώτους
887 1297 1068 1382 κομίσοντα
1085 1291 1141 1362 καλ

172 1390 262 1476 ὅπως
285 1399 321 1464 οί
342 1397 379 1466 ἐν
402 1398 443 1484 τή
468 1387 573 1483 Ῥώμη
600 1399 765 1484 φρονοῦσι
794 1393 872 1484 περί
902 1389 1008 1464 αὐτού
1037 1401 1144 1464 πολυ-

172 1493 461 1588 πραγμονήσοντα.

137 1597 157 1664 9
252 1602 298 1666 Οί
314 1593 348 1664 δ’
369 1599 463 1692 ἐν’τή
483 1591 605 1688 Ἰταλίη
622 1597 680 1665 καί
705 1597 742 1669 ἐκ
765 1592 869 1668 νόσου
893 1593 1062 1684 ἐπόνησαν
1085 1596 1142 1666 καί

172 1696 292 1787 μάχαις
321 1693 618 1788 ἐταλαιπώρησαν,
654 1703 841 1788 Τυρσηνών
870 1694 1142 1788 νεωτερισάντων
1155 1719 1183 1760 1⁵

171 1805 284 1869 τινών.
325 1805 437 1888 μεῖζον
462 1799 499 1868 δέ
524 1799 592 1869 τών
617 1793 729 1870 ἄλλων
753 1795 876 1881 αύτούς
900 1795 1068 1888 ἐλύπησεν
1093 1795 1143 1868 ότι

173 1897 232 1970 τόν
263 1897 466 1989 Μάρκελλον
496 1894 677 1988 άπέβαλον.
730 1897 1049 1995 ἐπιστρατεύσαντες
1078 1897 1143 1990 γάρ

172 1999 256 2072 κατά
272 2003 334 2074 τού
348 1997 505 2091 Ἀννίβου
517 1999 741 2091 τυγχάνοντος
760 2004 797 2073 ἐν
810 2012 952 2094 Λοκροῖς
967 2004 1024 2072 καὶ
1041 1998 1142 2092 άμφω

172 2107 206 2173 οί
221 2099 343 2176 ὕπατοι
361 2105 685 2196 περιστοιχισθέντες
708 2104 742 2188 ἐξ
761 2105 900 2195 ἐνέδρας
923 2101 941 2174 ὁ
961 2104 1023 2194 μὲν
1042 2101 1142 2192 Μάρ-

172 2213 287 2288 κελλος
305 2200 426 2276 αύτίκα
443 2201 613 2294 άπώλετο,
637 2214 823 2297 Κρισπίυος
843 2206 881 2276 δὲ
897 2207 1042 2295 τρωθεὶς
1058 2201 1141 2274 άπέ-
1153 2226 1184 2268 εο

171 2318 281 2378 θανεν
298 2304 338 2378 ού
356 2304 438 2394 μετὰ
455 2303 551 2376 πολύ.
586 2303 736 2396 εὑρηκώς
755 2307 792 2378 δὲ
809 2303 846 2378 τό
863 2313 924 2378 τοῦ
938 2305 1142 2398 Μαρκέλλον
1214 2315 1220 2327 “

69 2411 268 2496 ΡΙιε-εσώμα
286 2406 304 2478 ὁ
320 2403 493 2496 Ἀννίβας,
516 2405 649 2478 καὶτὸν
670 2405 850 2478 δακτύλιον
873 2403 978 2480 αύτού
997 2404 1141 2498 εἰληφώς

173 2498 200 2601 ᾦ
220 2512 347 2588 ἐκεῖνος
363 2505 421 2594 τάς
439 2505 570 2598 γραφάς
585 2507 822 2600 ἐπεσφράγιζε,
840 2505 1016 2602 γράμματα
1031 2511 1065 2592 ἐς
1081 2507 1142 2590 τάς

172 2608 284 2690 πόλεις
303 2608 346 2690 άς
365 2608 445 2700 παρ’
466 2613 598 2682 ἐκείνου
616 2608 818 2700 στελλόμενα
836 2619 980 2702 ἔπεμπε,
1005 2613 1062 2682 καὶ
1079 2607 1141 2681 ὅσα

172 2707 328 2800 ἐβούλετο
346 2709 575 2802 διεπράττετο·
597 2714 713 2804 μέχρις
730 2701 774 2784 ού
790 2715 887 2784 τούτο
904 2709 1008 2801 γνούς
1025 2711 1044 2784 ὁ
1059 2721 1139 2802 Κρι·
1154 2734 1185 2776 τε

171 2825 289 2894 σπῑνος
312 2809 612 2904 ἀντιπαρήγγειλαν
636 2811 749 2896 αύτοίς
772 2811 1024 2904 φυλάσσεσθαι·
1058 2811 1143 2884 ὅθεν

170 2910 400 3006 άντιπεριέστη
426 2921 472 3009 τῷ
485 2913 624 3007 Ἀυνίβρι
646 2914 684 2986 τὸ
707 2920 853 3006 πρᾶγμα.
889 2918 961 2988 ἐπεὶ
984 2913 1049 3006 γάρ
1072 2931 1142 2998 τοῖς

172 3019 209 3085 ἐν
231 3019 274 3106 τη
298 3023 434 3108 Σαλπίᾳ
460 3013 504 3087 δι’
533 3011 719 3107 αύτομόλου
745 3022 852 3108 δῆθεν
875 3007 918 3108 ἦν
943 3021 1141 3106 ἐπιστείλας,

172 3111 217 3198 ώς
233 3111 252 3187 ὁ
271 3115 470 3207 Μάρκελλος
494 3117 615 3201 νυκτός
632 3116 772 3211 προσῄει
793 3136 864 3202 τοῖς
881 3125 1022 3210 τείχεσι,
1046 3121 1088 3209 τή
1105 3145 1141 3188 τε

171 3221 239 3288 τών
257 3221 414 3290 Λατίνων
436 3222 638 3314 κεχρημένος
660 3224 759 3311 φωνή
781 3217 847 3292 σύν
868 3217 980 3304 ἄλλοις
1005 3223 1143 3295 ἐπιστα·
1156 3253 1185 3294 ευ

241 3446 309 3511 Cap.
329 3450 354 3498 9.
389 3449 490 3501 Dionis
507 3451 651 3504 Historiae
669 3453 811 3506 Romanae
829 3453 895 3506 libri
912 3453 1024 3521 perditi.
