2566 3812
100 229 102 234 .
187 177 252 242 240
426 179 498 230 LIB.
510 178 587 230 VIII
607 177 684 231 OAP.
696 177 799 229 XXIII
819 177 918 230 XXIV

96 407 101 410 ἱ
188 326 257 390 τών
274 313 380 388 αυτοῦ
398 320 610 440 στρατιωτῶν
625 314 692 387 ὑπό
709 343 745 386 τε
762 319 821 386 τοῦ
839 319 999 405 χειμώνος
1017 316 1111 387 καὶ
1091 317 1157 396 υπὸ

63 501 64 507 ¹
188 424 353 504 σιτοδείας
371 413 564 507 νἰπωλοντο,
587 420 706 488 πολλοὶ
724 417 761 490 δέ
786 445 842 488 και
830 415 1010 489 οίκαδε’
990 417 1158 542 ανεχώρη-

189 542 263 591 σαν.
315 527 383 610 ἔχει
408 519 445 589 δέ
467 517 607 608 λόγος’
589 546 638 589 οτι
661 521 718 589 καί
747 515 847 644 ρύτὸς
870 515 1124 610 ιἰνέστρεψεν”
1103 548 1158 610 αν,

190 629 221 692 εί
236 619 283 712 μή
300 627 427 692 πλείων
450 623 507 708 καὶ
523 618 762 710 ἀπορωτέρα“
743 649 765 708 η
789 623 1061 711 προδιηνυσμένη
1081 619 1159 704 δδδς

188 729 246 811 τής
264 724 459 811 λειπομένης
477 720 647 811 ἐτώγχανε.
680 717 737 790 διδ
753 721 817 810 μέν
834 721 876 810 δή
889 726 987 792 τοῦτο
1000 720 1063 794 οὐκ
1076 718 1159 792 ώπε-
1185 753 1198 796 ι

186 822 349 914 τράπετο,
377 825 533 912 ἐξαπίνης
559 823 597 892 δὲ
621 819 712 905 ἐκτὸς
736 828 805 894 τών
824 819 979 896 ’Ἄλπεων
1003 826 1160 914 ἐκφανεὶς

188 931 306 1014 θαῦμα
323 926 379 995 καὶ
399 926 473 1006 δέος
490 938 559 1006 τοις
572 921 741 1014 Ῥωμαίοις
760 923 930 1011 ἐνέβαλε.

266 1023 367 1096 Καὶ’
352 1055 370 1096 ο
388 1025 450 1114 μὲν
452 1025 645 1150 προεχώρετ
657 1024 699 1095 τδι
717 1028 753 1095 ἐν
770 1027 850 1096 ποσί
862 1023 1160 1116 προσποιούμενος,

190 1133 347 1200 Σκιπίων
365 1123 460 1198 δέ
426 1154 485 1196 τον
508 1115 571 1216 μὲν
594 1122 744 1216 ἀδελφὸν
762 1123 866 1196 Γάιον
885 1123 1098 1198 Σκιπίωναέ
1078 1153 1173 1200 υπο-

189 1234 441 1318 στρατηγοῦντα
471 1223 578 1350 αώτχῖ
594 1233 641 1309 είς
670 1225 733 1314 τήν
759 1224 908 1319 Ἰβηρίαν
938 1228 1139 1318 ἐπεμψεν*
1116 1257 1160 1328 ως
1174 1261 1200 1302 ιο

157 1327 468 1420 Βκαταληψόμενον
498 1323 605 1416 αὐτήν
627 1324 649 1416 ἢ
671 1325 730 1399 τὸν
757 1325 918 1418 Ἀννίβαν
944 1328 1162 1420 ἐπανάξοντα,

191 1431 291 1512 αὐτὸς
316 1429 350 1500 δ’
371 1427 508 1502 ἐπὶτον
527 1427 687 1517 Ἀννίβαν
710 1425 823 1523 ήλαοε.
868 1433 925 1502 καὶ
947 1429 1079 1555 ημέρας
1096 1434 1159 1522 μέν

125 1613 127 1618 ,
191 1557 344 1614 τινας
304 1535 344 1602 ἐ
346 1533 461 1620 ἐσχον,
485 1527 636 1602 ἔπειτα”
615 1559 715 1620 αμφω
739 1529 822 1622 πρὸς
846 1529 908 1620 τήν
924 1531 1034 1622 μώχην
1052 1530 1160 1656 ώρμη-

192 1655 265 1704 σαν.
307 1634 388 1722 πρὶν
415 1632 452 1702 δὲ
477 1629 520 1719 δή
546 1639 647 1722 ἔργου
673 1638 828 1757 ἔχεσθαι,
852 1637 1059 1722 συγκαλέσας
1082 1632 1161 1716 τούς

191 1729 392 1822 στρατιώτας
410 1730 427 1802 6
449 1728 603 1822 Ἀννίβας
621 1733 794 1824 παρήγαγε
816 1731 895 1815 τοδς
920 1733 1159 1860 αἰχμαλώτους,
1174 1764 1200 1805 ιτ

190 1829 251 1914 οὖς
268 1861 352 1903 κατα
375 1831 437 1922 ’τήν
460 1829 542 1906 δδὸν
561 1832 708 1924 εἰλήφει,
732 1832 828 1906 ταδ’
790 1863 905 1956 ηρετρ
923 1834 1046 1918 αὐτούς
1067 1835 1162 1908 πότε-

191 1963 254 2025 ρον
271 1937 432 2006 δεδέσθαι
444 1937 500 2006 καὶ
515 1934 693 2006 δουλεύειν
710 1939 819 2018 κακαῖς
832 1933 1045 2024 βοώλοτντο”
1025 1965 1046 2026 η
1063 1966 1163 2028 μονο-

191 2039 336 2141 μαχήσαι
354 2033 574 2127 ἆλλήλοις,“
546 2035 624 2108 ωστ’
646 2035 818 2131 ἀφεθῆναι
833 2054 958 2130 προλκα
974 2038 1051 2122 τούς
1069 2039 1162 2129 νική-

191 2160 324 2220 σαντας.
377 2137 488 2209 καὶ
465 2167 509 2220 ως
539 2136 576 2210 τδ
609 2136 769 2230 δεύτερον
799 2145 944 2231 εἵλοντο,
976 2143 1163 2230 συνέβαλεν

192 2235 324 2321 αὐτούς.
349 2242 405 2310 καί
418 2241 660 2334 μαχεσαμένων
674 2241 913 2334 ἐδημηγόρησε,
927 2239 1004 2324 τούς
1018 2249 1164 2324 οἰκείους
1173 2271 1201 2312 εο

193 2339 394 2430 στρατιώτας
413 2338 621 2431 έπτρρωννδς
635 2345 691 2412 καί
708 2341 918 2434 παραθήγων
937 2350 967 2414 εί
968 2373 983 2426 ς
997 2341 1161 2434 πόλεμον

156 2446 294 2518 emoto
316 2439 350 2510 δ’
380 2443 547 2532 ἑτέρωθεν
570 2437 668 2513 καλώ
694 2450 850 2514 Σκιπίων
874 2449 1039 2535 ἐποίησεν.
1092 2443 1163 2515 εἶτα

192 2543 415 2630 συνήλδον
380 2559 442 2631 μεν
456 2539 500 2625 ώς
513 2539 602 2626 ὅλοις
615 2560 685 2627 τοῖς
698 2546 933 2637 στρατοπέδοις
947 2544 1163 2637 μαχούμενοι,

191 2637 337 2714 ὁΣκιπί
336 2671 383 2713 ων
322 2645 443 2714 ίδέ
447 2649 705 2735 ,προσνμμίξας
723 2650 771 2740 τώ
788 2651 913 2742 ίππικω
932 2677 988 2719 και
977 2646 1164 2738 ἡττηθείς

192 2743 337 2832 συχνούς
353 2772 390 2814 τε
408 2741 591 2835 αποβαλων
608 2745 719 2817 καὶ’
678 2747 779 2830 αυτὸς
796 2755 958 2840 τρωθείς,
977 2744 1164 2821 ἀποθανών
1177 2777 1204 2820 τε

191 2839 222 2914 τ’
248 2841 349 2935 δν,ε
333 2846 432 2937 είμή
456 2873 519 2939 περ
544 2845 634 2918 αὐτω
620 2845 845 2922 Σκιπίων’
829 2879 847 2920 ο
872 2850 946 2933 υίὸς
969 2847 1141 2943 καίπερ”
1115 2879 1164 2923 ων

192 2949 493 3037 ἑπτακαιδεκαέτης
512 2919 676 3040 ἐπήμώνε,
695 2953 867 3022 κατέδεισε
879 2981 924 3041 μη
914 2950 999 3023 καί
1012 2981 1058 3046 τρι
1044 2956 1165 3046 πεξώ
1254 2981 1257 2988 ·

193 3053 322 3138 σφαλῇ,
354 3051 411 3119 καὶ
441 3047 560 3121 αὐτίκα
591 3079 627 3122 τε
659 3051 848 3143 ἐπανήγαγε
878 3056 933 3124 καὶ
959 3061 1019 3144 τῆς
1043 3053 1163 3136 νυκτὸς

192 3145 419 3239 ὑπεχώρησεν.

142 3255 186 3319 24
269 3245 423 3338 Ἀννίβας
443 3253 480 3322 δέ
497 3249 577 3343 μεθ’
597 3252 724 3347 ἡμέραν
746 3253 808 3346 τήν
829 3254 1042 3349 ἀποχώρησιν
1060 3255 1166 3329 αὐτοῦ
1177 3286 1204 3326 ιο

195 3395 399 3409 *—

261 3479 329 3546 Oap.
343 3484 384 3535 24.
415 3483 513 3534 Di'onis
531 3484 679 3538 Ηὶελοτὶιιο
693 3488 835 3541 Romanae
854 3489 920 3542 libri
936 3491 1046 3558 perditi.
