2558 3820
215 163 280 228 314
531 166 604 216 121ss.
617 165 666 217 lx,
686 166 766 216 οιε.
779 166 868 220 xxu.

214 301 401 396 στρατηγὸν
417 301 501 394 μετά
517 303 693 395 δυνάμεως
709 301 826 393 ὀλίγης
844 304 1042 393 ἐξέπεμψαν,
1060 300 1102 373 ού
1116 301 1180 394 γάρ

214 434 267 478 πω
290 405 353 494 τὴν
376 415 475 496 μείζω
500 403 813 494 παρεσκευάσαντο,
838 408 895 476 καὶ
918 403 937 476 ὁ
962 404 1114 495 Περσεὺς
1133 412 1182 496 εἰς

214 514 405 582 Θεσσαλίαν
417 508 663 600 παρεμβάλλων
675 507 716 578 τά
733 537 773 598 γε
789 519 928 579 πλεῖστα
941 503 1046 597 αὐτῆς
1060 503 1181 602 ᾤκειά-

213 627 311 681 σατο·
347 612 420 680 ἐπεὶ
444 611 483 680 δὲ
505 609 543 681 τδ
567 618 626 699 ἔαρ
645 612 782 699 ἐπέστη,
800 609 990 702 πέμπουσιν
1008 607 1056 680 ἐπ’
1077 607 1181 680 αὐτὸν

215 717 370 782 Λικίνιον
387 710 563 802 Κράσσον,
588 713 645 782 καὶ
663 711 851 800 στρατηγὸν
868 714 923 781 ἐπὶ
939 717 1000 782 τοῦ
1017 718 1205 788 ναυτικοῦι

212 809 317 884 Γάιον
328 813 546 902 Λουκρήτιον.
566 817 731 904 συμμίξας
748 805 811 884 οὖν
827 817 961 906 πρῶτον
978 814 1055 904 περὶ
1074 809 1181 904 Λάρι-

212 935 278 986 σαν
293 917 341 1009 τῷ
352 925 482 1006 Περσεῖ
498 919 537 986 ἐν
555 921 739 1007 ἱππομαχία
756 923 929 987 ἔπταισεν
946 911 1091 1005 ὕστερον
1104 915 1184 1004 μέν·

212 1045 262 1087 τοι
286 1019 515 1106 περιεγένετο,
538 1013 623 1088 ὥστε
648 1019 707 1088 καὶ
723 1013 941 1107 άναχωρῆσαι
963 1013 1023 1087 τάν
1045 1017 1181 1106 Περσέα

213 1125 262 1200 είς
278 1115 340 1208 την
357 1124 588 1190 Μακεδονίαν.
620 1114 638 1189 ὁ
660 1114 814 1208 Κράσσος
833 1119 871 1189 δέ
887 1135 959 1200 ταῖς
976 1115 1093 1189 πόλεσι
1108 1132 1181 1200 ταῖς

177 1218 414 1308 σἙλληνικαϊς
448 1235 520 1304 ταῖς
549 1215 616 1291 ὑπὸ
649 1223 710 1291 τού
740 1227 913 1291 Φιλίππου
946 1221 1181 1310 κατεχομένοις
1198 1257 1221 1296 10

211 1322 415 1412 προσέβαλε,
427 1323 490 1392 καὶ
506 1324 576 1393 των
592 1322 656 1412 μὲν
668 1321 838 1394 πλειόνων
854 1319 1090 1413 ἀπεκρούσθη,
1111 1327 1181 1391 ἐστι

213 1418 245 1492 δ’
265 1419 304 1504 άς
323 1421 535 1513 ἐχειρώσατο·
563 1431 624 1494 καί
637 1452 730 1506 τινας
748 1421 962 1507 κατασκάψας
985 1421 1065 1505 τούς
1082 1419 1179 1492 ἁλόν-

210 1553 268 1605 τας
286 1521 438 1596 ἀπέδοτο.
474 1523 561 1615 άπερ
585 1530 620 1595 οί
643 1529 681 1596 ἐν
697 1529 739 1616 τῇ
757 1520 863 1616 Ῥώμη
888 1523 1075 1614 πυθόμενοι
1098 1522 1179 1612 ἠγα-

210 1624 397 1715 νάκτησαν,
426 1627 483 1695 καὶ
505 1622 567 1696 τόν
589 1655 625 1698 τε
648 1625 808 1716 Κράσσον
829 1624 971 1716 ὕστερον
996 1629 1181 1715 ἐζημίωσαν

158 1757 167 1774 ⁷
211 1723 354 1816 χρήμασι
371 1728 426 1797 καὶ
445 1725 503 1810 τάς
528 1729 714 1810 ἑαλωκυίας
731 1725 846 1810 πόλεις
863 1723 1105 1816 ἠλευθέρωσαν
1123 1727 1180 1796 καὶ
1194 1756 1219 1800 ιε

209 1824 288 1908 τούς
317 1828 508 1917 πραθέντας
540 1831 574 1912 ἐξ
605 1825 717 1900 αὐτῶν
751 1831 808 1900 καὶ
839 1823 1041 1919 εὑρεθέντας
1072 1830 1109 1899 ἐν
1140 1833 1182 1920 τῇ

205 1926 327 2020 Ἰταλίᾳ
344 1927 418 2000 τότε
435 1927 525 2020 παρά
538 1936 607 2001 τάν
621 1932 820 2021 ἐωνημένων
837 1927 960 2012 αύτούς
975 1933 1180 2019 ἐξεπρίαντο.
1263 1967 1264 1972 ¹

291 2037 405 2102 Ταῦτα
427 2029 490 2120 μέν
512 2021 574 2102 οὖν
597 2029 703 2114 οὕτως
726 2035 874 2121 ἔπραξαν
896 2037 931 2102 οί
949 2026 1119 2121 Ῥωμαῖοι,
1144 2034 1182 2102 έν

212 2133 248 2202 δὲ
265 2136 311 2227 τῷ
335 2131 418 2222 πρὸς
441 2131 501 2204 τὸν
524 2135 659 2224 Περσέα
683 2137 816 2227 πολέμῳ
840 2130 947 2204 πολλοὶ
971 2135 1028 2203 καὶ
1049 2129 1180 2222 μεγάλα
1263 2201 1265 2210 ,

208 2230 397 2326 ἠτύχησαν,
422 2237 479 2304 καὶ
496 2232 681 2326 πολλαχόθι
700 2233 846 2324 ἐπένησε
869 2232 910 2305 τά
927 2230 1059 2324 αύτοῐν,
1083 2234 1142 2304 καὶ
1160 2232 1219 2304 ὁτι
1264 2311 1265 2314 ¹

209 2335 361 2424 Περσεύς
379 2337 438 2422 τῆς
452 2331 610 2427 Ἠπείρου
628 2339 683 2406 καλ
701 2343 760 2426 τῆς
779 2342 965 2418 Θεσσαλίας
982 2337 1122 2424 κατέσχε
1139 2333 1181 2405 τά
1263 2383 1265 2414 ÷

210 2443 359 2506 πλείονα.
396 2433 458 2525 τήν
475 2464 511 2506 τε
534 2436 598 2530 γάρ
622 2434 728 2528 άλλην
754 2436 902 2528 δύναμιν
927 2435 1055 2526 πολλὴν
1077 2457 1182 2506 συνε·
1263 2457 1265 2528 J

174 2535 367 2627 Βκρύτησε,
398 2539 454 2608 καὶ
484 2536 569 2630 πρὸς
594 2536 675 2621 τούς
700 2542 886 2628 ,ἐλέφαντας
914 2545 983 2610 τῶν
1009 2533 1182 2628 Ῥωμαίων
1263 2541 1265 2564 ⁵

209 2634 365 2727 φάλαγγα
382 2635 528 2710 ὁπλιτῶν
545 2637 702 2730 ἠσκήκει,
720 2639 830 2726 ὀξέσιν
847 2638 939 2730 ἥλοις
956 2637 1015 2723 τάς
1032 2635 1181 2721 άσπίδας
1261 2661 1265 2730 ξ

208 2739 265 2808 καλ
282 2738 322 2809 τά
340 2737 447 2831 κράνη
465 2740 654 2831 σιδηρώσας
673 2739 796 2813 αὐτῶν.
834 2740 925 2826 ὅπως
948 2742 986 2812 δδ
1002 2739 1085 2832 μήτε
1107 2755 1180 2823 τολς
1193 2771 1221 2812 ει
1263 2739 1265 2816 Τ

208 2846 322 2926 ἵπποις
352 2841 552 2968 φοβερρὶῖ
520 2869 605 2932 εεν,
637 2850 761 2914 εἴδωλα
786 2842 979 2932 ἐλεφάντων
1010 2840 1182 2923 σκευάσας

208 2939 325 3033 δεινην
337 2941 431 3032 μὲν“
412 2941 479 3014 υπὸ
492 2943 671 3034 χρίσματός
685 2973 774 3026 τινος
788 2938 896 3035 ύσμην
909 2953 1038 3035 ἔχοντα,
1047 2941 1265 3066 φοβερά

209 3045 246 3113 δέ
263 3046 320 3114 καὶ
337 3040 490 3134 ὄφθηναι
507 3045 595 3116 κάλ’
576 3053 788 3135 ακουσθῆναι
803 3075 902 3136 οντα,
920 3045 1096 3138 βροντωδη
1115 3043 1182 3134 γάρ
1258 3075 1265 3162 χ

206 3141 352 3230 ἡφίει’
334 3143 421 3234 ηχήν
460 3175 534 3218 τινα
575 3151 608 3231 ἐξ
645 3145 907 3237 ἐπιτηδεύσεως,
948 3145 1030 3238 πρὸς
1066 3150 1185 3218 ἐκεῖνα
1264 3175 1265 3224 5

208 3267 377 3331 προσηγεν
391 3243 512 3328 αύτους
529 3255 697 3340 συνεχῶς,
717 3251 830 3340 μέχρις
843 3279 884 3320 ου
872 3239 954 3321 καὶ
973 3245 1180 3339 ἐθάρσησαν.
1197 3277 1224 3320 so
1263 3257 1265 3306 ἵ

207 3370 224 3410 ο
213 3335 373 3430 ’μέν
335 3371 397 3415 ουν
413 3347 566 3437 Περσεύς
588 3355 674 3439 μέγα
700 3353 737 3422 ἐκ
759 3350 888 3424 τούτων
914 3353 1068 3441 ἐκέκτητο
1092 3377 1184 3440 φρο-

209 3469 297 3530 νημα
315 3443 427 3514 καὶ
393 3473 453 3516 τον
471 3445 692 3546 Ἀλέξανδρον
717 3457 758 3544 τῇ
783 3450 863 3545 δόξη
888 3454 944 3526 καὶ
967 3480 1014 3522 τω
1039 3453 1184 3542 μεγέθει
