2586 3800
453 159 526 212 Lm.
539 161 587 212 xl.
606 161 684 212 ειν,
697 162 771 215 xx1.
1059 164 1099 229 67

130 303 187 372 καὶ
203 297 306 371 πάλιν
323 296 407 390 πρός
423 301 553 370 ἐκεῖνον
567 299 774 392 ἐστράτευσε.
810 303 866 372 καὶ
880 299 1099 394 ὁΛεκέβαλος

130 399 318 494 ἡττώμενος
337 397 445 491 ἰσχύϊ,
466 399 554 496 δόλῳ
572 395 677 472 αύτού
695 403 933 493 περιγενέσθαι
951 409 1101 494 διεμελέ-

1 534 2 548 ³
129 527 219 595 τησε.
256 505 314 574 καὶ
332 502 429 583 εἰδώς
448 500 648 592 εὐπρόσιτον
670 499 751 575 όντα
774 504 939 595 Τραιανόν
960 509 1016 577 καὶ
1039 508 1099 580 τὸν

130 605 338 696 βουλόμενον
362 611 409 684 είς
426 601 561 693 ὁμιλίαν
580 603 777 695 δεχόμενον,
804 607 1099 698 ψευδαυτομόλους

104 709 343 794 οάπέστειλεν,
366 701 430 794 ἵν’,
455 712 488 776 εί
503 711 704 797 δυνηθεῖεν,
729 703 833 780 αὐτόν
850 709 1132 799 διαχρήσαιντο.0
1232 733 1240 779 ’.

131 805 178 892 εἷς
197 807 229 878 δ’
251 811 390 880 ἐκείνων
402 803 630 892 ὑποπτευθεὶς
643 807 855 901 συνελήφθη,
874 813 930 880 καλ
945 815 1099 896 ἐτασθελς

130 913 270 1001 ἐξέφηνε
285 909 322 980 τὸ
340 907 538 1000 ἀπόρρητον.
573 909 774 1002 γεφυρώσας
799 912 836 983 δέ
860 911 919 982 τὸν
931 909 1097 1006 ’Ίστρονὸ

130 1010 363 1104 αὐτοκράτωρ,
390 1013 447 1083 καλ
476 1018 576 1102 ἔργον
598 1017 696 1084 τοῦτο
723 1012 989 1104 διαπραξάμενος
1015 1015 1099 1105 μήτε

1 1180 2 1184 ,
128 1115 374 1206 θαυμασθῆναι
390 1112 491 1198 άξίως
503 1111 579 1204 μήτ’
603 1117 807 1240 ἐξηγηθῆναι
821 1113 1023 1206 δυνάμενον,
1042 1115 1098 1188 διά

90 1249 117 1291 ιο
128 1246 189 1307 της
218 1214 368 1307 γεφύρας
398 1243 436 1286 τε
463 1213 585 1305 ταύτης
618 1215 678 1286 τόν
707 1214 856 1307 ποταμόν
877 1226 1096 1308 περαιωθείς,

128 1318 223 1410 μόλις
253 1319 316 1408 μὲν
345 1319 401 1388 καὶ
431 1323 650 1400 κινδυνωδῶς
681 1316 840 1408 ἐκράτησε
868 1325 937 1390 τών
959 1327 1097 1410 Δακων,

129 1418 290 1514 ἐκράτησε
308 1418 340 1490 δ’
360 1409 433 1543 ρόν.
469 1416 557 1488 καὶ
542 1447 560 1489 o
579 1417 809 1508 Λεκέβαλος’
788 1418 959 1508 απογνούς
977 1427 1099 1511 διεχει-

128 1524 287 1614 ρίσατο’
269 1518 400 1592 εαυτόν.
436 1518 624 1592 κάντεῦθεν
648 1519 684 1591 τὸ
710 1519 866 1606 ἔθνος
833 1551 870 1593 το
887 1525 956 1593 τών
973 1525 1099 1594 Δακών

128 1621 227 1696 καὶ
208 1653 230 1713 η
253 1621 346 1716 χώρα
370 1626 469 1713 σφων
493 1619 706 1712 Ρωμαίοις
687 1621 835 1712 υπήκοος
862 1627 990 1714 γέγονε.
1043 1627 1099 1694 καὶ

1 1771 2 1774 =
90 1757 115 1797 ιτ
127 1725 206 1809 τούς
218 1722 416 1816 θησαυρούς
430 1720 465 1794 δ’
481 1714 560 1847 εὗρε
572 1721 649 1806 τούς
660 1724 876 1814 Δεκεβάλου,
894 1733 1002 1796 καίτοι
1015 1732 1099 1798 δυσ-

8 1913 13 1920 ,
127 1832 247 1954 χεροῦς
273 1823 375 1916 ούσης
397 1831 456 1916 τῆς
476 1823 605 1897 τούτων
628 1819 802 1915 εύρέσεως.
850 1825 999 1918 ποταμόν
1023 1825 1098 1919 γάρ,

1 2014 4 2019 ³
128 1925 166 2012 δς
188 1946 258 2011 τοῖς
282 1935 464 2019 βασιλείοις
490 1925 596 1998 αὐτού
618 1928 795 2018 παρέρρει,
819 1927 1056 2018 μετοχετεύσας
1079 1928 1130 1999 ὁΙ)

129 2029 317 2122 βάρβαρος,
335 2029 399 2119 τὴν
415 2035 480 2119 γῆν
498 2017 597 2118 ἐφ’
573 2056 615 2117 ης
633 2026 770 2118 διῄει
737 2057 774 2099 το
791 2024 886 2118 ὕδωρ
905 2027 1034 2119 ὤρυξεν
1051 2036 1098 2112 είς

1 2134 2 2139 “
129 2131 237 2223 βάθος
255 2130 352 2222 πολύ,
371 2133 428 2202 καὶ
445 2139 602 2202 πλεῖστον
619 2130 681 2219 μὲν
698 2127 844 2220 χρυσόν,
862 2137 941 2199 πλεί
940 2158 966 2198 ω
926 2126 1062 2198 ίδέ”
1040 2159 1099 2221 αρ·

1 2232 2 2237 “
89 2263 115 2304 ιο
128 2263 252 2327 γυρον,
282 2235 340 2304 καὶ
367 2231 452 2304 άλλα
480 2235 550 2302 τών
577 2238 698 2321 τιμίων
726 2226 788 2301 όσα
816 2259 862 2321 μη
851 2229 1040 2320 πέφυκεν
1065 2231 1098 2316 ἐξ

128 2335 312 2428 ὑγρότητος
344 2343 570 2426 φθείρεσθαι,
601 2334 827 2421 καταθέμενος
852 2335 899 2425 τῷ
925 2329 1098 2423 ὀρύγματι,

129 2441 232 2522 πλαξί
251 2465 288 2510 τε
311 2439 518 2526 κατέστρωσε
542 2433 605 2524 τὴν
623 2437 693 2506 ἐκεῖ
708 2437 773 2524 γῆν
790 2436 847 2504 καὶ
864 2439 947 2524 χούν
963 2431 1098 2518 ταύταις

129 2537 317 2630 ἐπήνεγκε,
336 2540 393 2610 καὶ
410 2533 516 2619 οὕτως
533 2526 636 2619 αύθις
653 2532 690 2607 τό
706 2532 801 2628 ὕδωρ
820 2543 868 2618 είς
884 2532 947 2626 τὴν
963 2533 1100 2627 πρώτην

4 2639 5 2642 “
128 2643 332 2733 μετέστρεφε
355 2646 486 2712 δίοδον·
523 2641 579 2710 καὶ
606 2642 638 2722 ἐς
656 2635 822 2727 σπη’λαιον
840 2637 878 2708 δὲ
895 2637 1003 2708 πολλὰ
1021 2641 1099 2711 ἐνα-

87 2770 116 2812 ιε
130 2745 262 2816 πέθετο
295 2744 409 2812 ταύτα
428 2738 461 2810 δ’
483 2745 587 2811 ἐποίει
604 2737 650 2830 μή
666 2766 757 2821 τινος
774 2737 878 2811 άλλου
895 2737 1060 2829 παρόντος
1077 2733 1099 2825 ἦ

129 2841 350 2935 αἰχμαλώτων
373 2850 408 2914 οἳ
428 2844 506 2934 περὶ
529 2845 633 2914 ταῦτα
657 2839 816 2911 ἐπόνουν
853 2841 909 2909 καὶ
932 2838 1014 2928 μετὰ
1036 2866 1098 2925 την

129 2943 343 3072 κατάκρυψιν
357 2942 435 3027 τούς
452 2939 754 3034 αίχμαλώτουςκτ
699 2945 754 3013 ἐκτ
756 2947 891 3030 ίννυεν,
909 2945 968 3012 ἵνα
984 2938 1029 3028 μὴ
1047 2945 1099 3008 έκ-

128 3075 220 3137 φορα
236 3045 278 3118 τά
294 3042 376 3140 παρ’
395 3042 507 3116 αὐτόν
524 3041 685 3135 γεγονότα
701 3039 895 3130 ποιήσωσιν.
929 3036 978 3122 είς
996 3042 1036 3110 δέ
1051 3067 1100 3121 τις

130 3153 262 3241 ἑταῖρος
279 3177 339 3220 του
324 3145 545 3237 Δεκεβάλου
565 3141 731 3226 συνειδώς
747 3171 789 3214 τα
776 3142 1100 3234 τεθησαυρισμένα

86 3247 308 3334 εούπέδειξεν
325 3243 419 3322 αύτά.

213 3353 279 3424 Τὸν
298 3353 336 3423 δὲ
353 3355 505 3424 Λικίνιον
518 3345 657 3440 Σούραν
673 3345 834 3420 πλούσιον
850 3343 960 3436 ἄνδρα
977 3348 1202 3435 φιλών,ΡΙεεε

6 3525 8 3528 .
130 3453 225 3525 καθ’
205 3482 254 3526 υπ
258 3451 419 3526 ’ἐκείνου
436 3450 654 3543 φιλούμενος,
674 3447 903 3540 διαβαλόντων
920 3451 1023 3520 τινών
1039 3446 1100 3518 τόν

900 3563 947 3627 χιι
