2566 3800
216 123 277 187 180
532 124 604 174 mn.
624 123 700 174 x111.
721 121 801 174 σεε.
820 122 870 175 111.

214 292 299 355 ριον,
319 270 403 332 ἔνθα
421 263 478 331 καὶ
495 269 675 352 θεμελίους
694 260 800 331 αύτόν
818 261 1067 348 καταβαλέσθαι
1084 268 1183 348 φασί.

214 365 270 434 καλ
289 357 391 446 αύθις
410 365 446 434 έν
465 363 658 452 Χαλκηδόνι
680 363 744 452 την
767 363 867 433 πόλιν
890 362 1012 452 ἤρξατο
1030 360 1184 432 ἀνιστᾶν.
1267 415 1272 442 ,

215 469 345 555 λέγεται
369 465 407 536 δὲ
431 472 663 536 καθίπτασθαι
687 460 806 546 ἀετούς
824 465 881 533 καὶ
899 463 939 534 τά
957 470 1027 534 τῶν
1045 464 1184 534 οίκοδό-
1270 443 1272 518 δ

214 596 288 658 μων
306 566 465 657 ἁρπάζειν
482 575 646 658 σπαρτία·
665 567 727 637 τὸν
744 565 868 655 μεταξύ
888 567 926 636 δὲ
944 571 1185 655 διιπταμένοις

214 668 373 760 πορθμόν
398 672 528 758 ῥίπτειν
551 666 639 740 αύτά
670 667 754 738 κατά
784 667 821 738 τό
846 667 1039 753 Βυζάντιον.
1082 674 1211 738 τούτοι

214 777 302 858 γοῦν
336 769 495 852 πολλάκις
530 770 715 860 γενόμενον
757 767 931 858 ἀπηγγέλη
961 775 1010 864 τῳ”
1040 776 1187 857 βασιλεῖ,

215 873 271 941 καὶ
289 869 353 941 ούκ
372 871 479 941 ἐδόκει
495 878 640 960 τυχαίως
658 879 816 960 γίνεσθαι
833 869 870 941 τό
888 871 1080 960 γινόμενον,
1097 867 1187 940 ἀλλά

215 1003 245 1043 τι
263 971 318 1042 διά
335 972 458 1042 τούτου
477 971 514 1042 τδ
531 983 630 1044 θείου
647 977 875 1063 παραδηλούν.
904 975 1078 1063 ἐφίσταται
1096 979 1186 1060 γοῦν

216 1073 320 1154 αύτὸς
336 1081 385 1168 τῷ
400 1081 573 1168 Βυζαντίῳ
591 1073 609 1145 ὁ
629 1074 858 1164 αὐτοκράτωρ,
877 1073 938 1145 τόν
954 1073 1060 1145 τόπον
1078 1101 1186 1144 κατα-

178 1195 203 1245 ·0
218 1181 354 1245 σκοπιόν
379 1172 571 1266 ἀρέσκεται,
598 1179 795 1265 μετατίθησι
812 1176 874 1246 τδυ
891 1176 1031 1264 σκοπόν,
1049 1174 1188 1266 μετάγει
1202 1205 1225 1246 ω

115 1299 150 1348 W
157 1275 310 1358 Πιιτούς
328 1285 480 1366 τεχνίτας
499 1281 535 1346 ἐκ
549 1277 768 1366 Χαλκηδόνος
787 1281 866 1366 ἐκεί,
885 1275 947 1366 τὴν
965 1277 1067 1348 πόλιν
1084 1287 1189 1366 φιλο-

216 1385 320 1469 τίμως
345 1384 532 1468 οἰκοδομεῖ,
556 1378 919 1450 Κωνσταντινούπολιν
937 1377 1047 1468 αύτήν
1066 1381 1122 1450 ἐπὶ
1140 1385 1190 1474 τῷ

217 1477 355 1570 ὀνόματι
378 1486 424 1572 τῷ
441 1486 562 1574 οἰκείῳ
586 1489 685 1550 καλεῖ
691 1535 700 1570 ,
725 1481 782 1549 καί
801 1476 1002 1569 ἀνατίθησιν
1018 1478 1128 1570 αὐτην
1146 1489 1189 1572 τῇ

219 1583 382 1674 παρθένῳ
401 1582 456 1650 καί
475 1579 664 1672 θεομητορι.
700 1578 766 1670 ἤδη
785 1583 823 1652 δὲ
845 1577 1109 1672 ἀπαρτισθείσης
1126 1589 1189 1672 τῆς

218 1683 348 1762 πόλεως
365 1681 448 1752 κατά
468 1682 530 1770 την
559 1683 740 1772 ἑνδεκάτην
757 1689 820 1753 τού
839 1691 958 1755 Μαΐου
975 1683 1081 1774 μηνός
1099 1693 1191 1754 τελεῖ
1202 1711 1225 1752 1⁵

217 1780 258 1851 τά
281 1779 402 1870 ταύτης
428 1784 587 1870 γενέθλια
612 1795 725 1855 είτουν
750 1788 917 1874 ἐγκαίνια,
938 1792 1033 1868 ἔτους
1052 1788 1187 1855 ένιστα-

218 1884 323 1972 μένου
349 1872 676 1975 πεντακιόχιλιοστού
707 1884 965 1958 ὀκτακοσιοστοῦ
988 1895 1189 1974 τριακοστού

219 1982 354 2072 ὀγδόου.
392 1980 460 2074 ὅτε,
480 1986 525 2068 όίς
543 2014 629 2069 τινες
654 1987 866 2078 ίστορήκασι,
890 1987 951 2059 τὸν
976 1985 1189 2080 ἀστρονόμον

217 2086 360 2169 καλέσας
382 2085 569 2178 Οὐάλεντα,
582 2095 651 2158 τῶν
668 2089 742 2160 τότε
752 2089 830 2181 περί
842 2088 905 2179 τήν
922 2091 1044 2179 τέχνην
1061 2091 1189 2178 ταύτην

219 2189 447 2277 έσχολακότων
471 2190 531 2261 τδν
562 2189 817 2280 ἀκριβέστερον,
849 2193 1025 2262 ἐκέλευσεν
1052 2193 1105 2260 ἐπὶ
1135 2197 1185 2286 τῷ
1202 2217 1224 2258 ει

218 2296 384 2383 γενεθλίῳ
398 2296 457 2378 τῆς
470 2291 599 2372 πόλεως
613 2293 774 2375 συντάξαι
786 2292 958 2382 θεμάτιον,
973 2287 1021 2362 ἵν’
1037 2291 1189 2376 ὁπόσους

217 2391 331 2479 μέλλοι
362 2396 528 2478 διαμεῖναι
558 2390 643 2478 αὕτη
675 2401 774 2483 γνοίη
802 2394 985 2474 ἐνιαυτούς.
1031 2392 1114 2464 ὅδὲ
1140 2401 1190 2478 εἰς

219 2493 413 2571 ἔξακοσίους
437 2491 493 2559 καὶ
517 2491 717 2580 ἐνενήκοντα
741 2494 824 2586 πρὸς
848 2511 918 2578 τοῖς
944 2499 976 2578 ἓξ
1010 2496 1192 2579 ἐνιαυτούς

182 2591 390 2679 Βδιαρκέσαι
415 2585 524 2679 αύτην
548 2591 791 2683 ἀπεφοίβασεν·
817 2602 913 2687 οἵπερ
937 2595 1002 2686 ἤδη
1020 2599 1079 2666 καὶ
1096 2623 1190 2685 παρ-

218 2691 427 2779 ερρυήκεσαν
445 2691 511 2784 πρό
535 2700 673 2765 πολλοῦ.
709 2693 841 2786 ἢγούν
865 2700 1078 2790 ἐψευσμένην
1094 2697 1189 2769 ύπο-
1206 2728 1231 2770 ω
1271 2749 1272 2754 1

217 2795 363 2881 ληπτέον
384 2793 447 2882 τὴν
469 2801 531 2865 τοῦ
553 2791 744 2879 Ου’άλεντος
761 2799 947 2891 πρόρρησιν
965 2802 1022 2870 καὶ
1041 2805 1188 2892 διημαρ-
1270 2761 1272 2864 ί

118 2987 120 2993 Ι
215 2898 363 2984 τημένην
386 2895 450 2983 την
474 2896 595 2986 τέχνην
617 2895 639 2985 ἢ
659 2901 771 2969 ἐκεῖνα
788 2902 964 2991 νομιστέον
982 2903 1114 2972 ἐκεῖνον
1134 2909 1192 2973 εί·
1271 2903 1272 2964 ἓ

217 3011 294 3065 πεῖν
317 2993 356 3065 τά
383 3001 457 3085 έτη,
483 3000 520 3067 έν
545 2995 596 3080 οἷς
619 2996 667 3067 τά
684 3006 743 3090 τῆς
768 3011 934 3085 πολιτείας
954 3009 1017 3092 έθη
1037 3007 1192 3093 ἐτηρεῖτο

216 3097 273 3165 καί
295 3095 316 3184 ἡ
342 3098 539 3182 κατάστασις
569 3101 626 3169 καί
650 3099 672 3189 ἡ
694 3111 857 3192 γερουσία
879 3109 1032 3195 τετίμητο
1062 3105 1119 3174 καὶ
1153 3111 1196 3176 οί

216 3195 339 3283 ταύτης
363 3196 498 3286 ἤνθουν
522 3209 655 3272 πολῖται
679 3204 734 3273 καί
762 3211 902 3294 ἔννομος
925 3199 971 3294 ἦν
996 3209 1191 3296 ἐπιστασία,
1207 3236 1234 3277 ω
1271 3233 1272 3264 ι

216 3293 254 3362 τό
275 3296 402 3385 κράτος
429 3295 472 3387 δὴ
495 3299 533 3370 τό
556 3309 743 3392 βασίλειον,
768 3301 846 3374 ἀλλ’
865 3305 928 3377 ούκ
946 3303 1105 3400 ἄντικρυς
1123 3337 1192 3379 τυ-

218 3401 347 3480 ραννίς,
376 3403 447 3467 ίδια
462 3399 504 3468 τά
522 3399 618 3472 κοινά
642 3411 710 3474 τῶν
728 3405 944 3504 κρατούντων
962 3410 1193 3500 λογιζομένων
