2580 3816
216 165 279 230 288
509 163 581 214 ΜΒ.
600 162 674 215 xlv.
694 160 771 214 σεε,
790 161 824 211 x,
844 160 892 211 Χῖ.

217 303 282 395 γάρ
312 309 373 374 τοῦ
405 297 471 372 ἀπὸ
499 307 726 426 σχολαστικρίν
752 297 932 387 Ἰωάννου,
962 297 1065 368 πόλιν
1087 291 1193 380 οὗτος

218 405 393 504 ἐπανήχθη
406 431 449 473 κα
450 399 575 484 λέλς
540 430 601 472 του
617 401 748 493 θρόνου
767 395 1027 488 ἀποκατέστη
992 427 1053 470 του
1070 396 1191 489 ἀρημε-

218 505 366 598 ρατικόν,
385 509 617 598 συναθροίσας
635 502 674 572 δέ
691 501 802 572 καὶ
764 531 828 590 την
846 499 1036 590 σόγκλητον
1053 500 1163 570 καὶ
1126 528 1191 571 τον

117 615 358 700 ηρῑηςςκλήρον
375 612 436 695 τῆς
454 608 642 692 ἐκκλησίας,
656 603 847 691 βασιλέα
811 631 873 674 τον
891 599 1080 694 Τιβέριον’
1060 601 1191 690 ανηγό-

218 733 352 801 ρευσεν,
381 705 435 777 ἐπ’
452 705 614 832 ἀκροάσει
631 704 769 777 πόντων
787 702 879 798 αὕτη)
865 703 1129 793 ἐντειλάμενος
1147 703 1218 774 τδε

218 811 303 903 πρὸς
319 808 405 880 θεόν
423 805 589 896 εάσεβεῑν,
602 805 683 888 τούς
695 804 869 896 ὑπηκόους
887 803 1089 897 εὐεργετεῖν,
1106 833 1193 888 τους

219 911 462 1000 ἀδικουμένους
489 911 646 996 ἐκδικεῖν,
670 923 740 990 τοῖς
758 907 975 998 στρατιώταις
990 935 1038 996 μη
1026 905 1192 976 ἐνδιδό-

218 1043 276 1085 ναι
293 1022 520 1098 πλεονεκτεῖν,
537 1038 582 1100 μη
572 1009 687 1100 μέγα
706 1011 762 1080 ἐπὶ
779 1037 820 1100 τη
807 1007 1017 1096 ἁλουργίδι
1033 1023 1190 1097 φρονεῖν,

184 1129 291 1195 Βτοϊς
316 1111 524 1203 εόπορουσιν
548 1108 735 1182 ἀπολαόειυ
757 1115 827 1180 τοῖν
845 1115 980 1180 οἰκείων
996 1107 1191 1198 ἀνεπιρθό-
1288 1189 1289 1194 ¹

218 1243 286 1296 νως
305 1216 531 1340 παραχωρεῖν,
549 1227 620 1294 τοῖς
637 1212 684 1302 μή
702 1209 880 1300 ἔχουσιν
855 1240 901 1295 ως
918 1210 1065 1336 δόναμις
1082 1213 1191 1302 έπαρ-
1204 1234 1232 1274 ιο

219 1331 305 1404 κεῖν,
323 1313 387 1404 τήν
403 1319 560 1403 βασιλίδα
577 1314 635 1382 καὶ
651 1309 770 1406 τροίην
793 1319 918 1404 κυρίαν
935 1309 1042 1382 αὐτοῦ
1057 1333 1191 1402 προση-

218 1415 347 1498 κόντως
365 1421 475 1506 τιμᾶν.
510 1420 616 1484 ταῦτα
633 1415 838 1505 παραινέσας
854 1415 917 1484 καλ
930 1412 1192 1514 συμβουλεύσας

218 1517 236 1588 6
259 1514 440 1598 Ἰουστϊνος
464 1521 511 1610 τῷ
535 1513 718 1610 Τιβερίςο”
701 1543 719 1585 ο
744 1515 807 1611 μέν
831 1516 969 1604 ἐξέλιπε,
986 1511 1189 1602 βασιλεύσας

218 1625 275 1708 έτη
292 1623 515 1706 τρισκαίδεκα.

168 1735 206 1796 11
301 1717 408 1812 ’ληίδ’
428 1717 620 1807 ήβασιλεία
642 1719 899 1808 περιελέλειττο,
921 1714 1139 1842 σεεφθέρτι
1118 1715 1188 1786 υπδ
1205 1740 1230 1782 ιε

220 1817 392 1910 Εότυχίου
409 1825 471 1888 τοῦ
489 1819 707 1942 πατριρίρηρυ.
733 1819 875 1908 ἔχωνδδ
891 1817 1071 1945 γμμετήνο
1059 1815 1191 1906 Τιβέ-

220 1949 315 2010 ριος
310 1919 532 1990 Ἀναστασίαν
550 1917 756 2008 Αόγοόσταυ
778 1920 886 2010 αότήν
904 1917 1148 2009 ἀνηγόρευσεν,
1167 1948 1190 2008 η

219 2021 283 2092 δύο
302 2016 394 2115 αότμ
380 2021 601 2147 θυγατέρας
616 2024 688 2109 έγεί
686 2021 925 2113 νατο,Χαριτοδ
936 2023 1188 2092 καὶΚωνσταν-

217 2137 326 2195 τλναν
351 2130 466 2214 Σοφία
483 2121 557 2193 δὲ’
538 2151 559 2211 η
577 2122 695 2249 πριόην
711 2130 889 2219 βασίλισσα
905 2127 975 2194 τῶν
992 2121 1191 2212 ἀνακτόρων

217 2223 468 2297 δπαπελθουσα
487 2231 535 2306 είς
552 2224 593 2294 τά
594 2223 774 2350 ὁμώνυμα
789 2227 892 2315 έαυτή
909 2232 1107 2318 κατῳκίσθη
1123 2231 1190 2310 βα-
1204 2246 1230 2288 ω

185 2333 343 2415 θσίλεια,
367 2316 544 2414 βασιλικὴν
561 2324 647 2416 αὐτῇ
664 2331 726 2396 υοῦ
748 2331 904 2417 Τιβερίου
923 2323 1077 2406 δόντος
1057 2350 1191 2416 υπηρε-

218 2435 314 2516 σίαν,
347 2455 393 2508 ως
420 2433 529 2518 οἰκείᾳ
554 2433 664 2515 μητρί.
716 2419 815 2508 οὗτος
844 2425 863 2497 6
888 2425 1106 2551 αάτρκράτωρ
1129 2428 1192 2495 καὶ

218 2529 303 2616 πρδς
324 2525 404 2615 Ορμ
407 2531 507 2596 ίσδαν
530 2533 713 2615 πρεσβείαν
738 2524 966 2616 έποιήσατο,’
947 2555 1104 2602 ανανεων
1127 2527 1191 2609 τὰς

220 2627 376 2706 σπονδάς.
418 2624 437 2696 6
465 2627 504 2696 δέ
527 2625 590 2714 τήν
615 2625 804 2699 ἀνανέωσιν
827 2627 869 2699 οά
895 2629 1102 2720 προσήκατο·
1134 2627 1188 2699 διό

218 2729 274 2798 καὶ
292 2724 310 2798 6
331 2728 478 2819 Τιβέριος
497 2726 583 2819 πρός
600 2727 660 2798 τόν
678 2729 762 2799 κατά
777 2735 922 2821 Περσων
939 2729 1089 2818 πόλεμον
1108 2739 1189 2799 πολ·
1203 2754 1232 2796 κε

218 2829 283 2918 λήν
306 2827 459 2918 ἡτοίμαζε
477 2828 635 2919 στρατιάν
653 2831 710 2900 καὶ
724 2829 966 2908 Ἰουστινιανδν
983 2835 1053 2900 τῶν
1070 2829 1191 2918 ἐπισή-

217 2959 291 3020 μων
311 2930 388 3001 τινδ
412 2939 471 3020 τῆς
495 2928 661 3019 ἀνατολῆς
684 2933 894 3023 προυβόλετο
919 2931 1125 3023 στρατηγόν,
1152 2929 1191 3014 δς

219 3033 274 3102 ἐπὶ
292 3034 426 3122 Πέρσας
450 3029 622 3124 χωρήσας,
648 3033 721 3102 ἐπεὶ
737 3040 881 3121 πλησίου
897 3028 1013 3104 αὐτόν
1031 3037 1192 3123 ἐστρατο-

218 3133 423 3221 πεδεύσατο,
455 3141 502 3215 είς
535 3133 658 3220 λόγους
687 3127 748 3222 ήκε
777 3132 843 3224 πρό
867 3135 1101 3226 παρατάξεως,
1130 3137 1194 3204 καὶ

220 3233 351 3303 ’ἔπεισεν
378 3233 501 3316 αότοδς
532 3241 736 3305 σπείσασθαι
762 3233 941 3327 Ῥωμαίοις
966 3237 1021 3306 ἐπὶ
1051 3242 1191 3328 τριετίᾳ.
1208 3265 1241 3308 το

218 3331 283 3418 ήδη
307 3335 351 3420 δέΙ
367 3341 429 3404 τοῦ
446 3341 560 3427 τρίτου
579 3339 916 3427 παραρρυλσκομένον
936 3339 1094 3408 ἐνιαυτοῦ
1108 3335 1188 3428 Ὀρ-

220 3437 340 3538 μίσδας
364 3433 382 3504 6
406 3442 475 3504 τῶν
493 3443 637 3527 Περσων
655 3435 802 3528 ἀρχηγός
820 3438 887 3510 σόν
904 3455 978 3521 ταῖς
996 3437 1103 3509 αὐτοῦ
1120 3444 1193 3510 δυ-
