2546 3822
388 183 460 234 ατε.
479 185 539 235 xv.
561 183 639 234 οΑΡ.
657 183 731 235 m.
976 183 1038 246 381

69 319 174 392 τόπου
195 319 308 409 ἑστώς,
323 322 380 390 καὶ
397 320 476 403 τούς
494 323 573 412 περί
590 316 694 393 αὐτόν
713 321 823 410 λόγοις
841 321 1039 415 παραθήξας

71 425 328 513 παρακλητικοῖς
353 423 411 490 καί
428 422 645 514 παρορμήσας
664 430 712 504 εἰς
740 423 888 513 πόλεμον
913 425 1040 494 ἐπεισέ-

71 545 180 614 φρησε
209 522 293 592 κατίι
323 529 398 609 τῶνΙ
424 525 608 614 βαρβάρων
637 523 720 612 μετά
746 531 906 612 γενναίου
931 532 1041 616 ψυχῆς

71 624 339 715 παραστήματος,
364 625 421 694 καὶ
438 631 480 715 τῇ
499 623 612 718 ἀθρόᾳ
628 633 797 716 μεταβολή
816 632 945 714 δείματι
961 626 1041 708 τοδς

2 813 5 821 y
41 758 58 798 ε
72 733 253 816 πολεμίους
281 727 417 814 ἐνέβαλε
439 733 583 820 πανικῷ,
601 728 658 795 καί
674 721 846 818 ἀνήρηντο
864 728 925 816 μέν
944 735 1041 799 πλεί-

2 844 3 870 ³
70 843 143 916 ους,
168 825 399 918 ήχμαλοίτιστο
425 827 463 896 δὲ
487 829 543 896 καί
567 833 697 916 πλῆθος
721 828 827 917 πολό,
853 835 976 919 μικροῦ
1003 830 1041 900 δὲ

70 931 128 998 καὶ
150 927 254 1009 αάτὸς
277 927 295 997 6
314 933 473 1020 Κροῦμος
498 926 648 1020 ἀνῄρητο
670 923 714 1000 ἀν
737 931 876 1018 βληθεὶς
903 931 960 998 καί
978 937 1040 1000 τοῦ
1061 964 1062 972 ¹

71 1035 178 1101 ίππου
198 1027 428 1118 έκπεπττοκοός,
445 1036 477 1099 εἰ
491 1029 537 1119 μή
556 1030 771 1120 περιστάντες
789 1027 898 1101 αὐτόν
914 1036 949 1100 οἰ
963 1033 1042 1122 περὶ

69 1129 178 1200 αάτδν
195 1132 254 1200 καί
271 1131 514 1220 συνησπικότας
533 1137 582 1212 εἰς
599 1137 705 1202 ἵππον
729 1129 896 1220 ἀνέβαλον
914 1135 1040 1222 ἕτερον,

31 1263 57 1304 10
69 1233 130 1302 καί
160 1232 266 1313 οὕτως
298 1232 401 1325 β’χετο
430 1229 593 1322 ἀποδράς.
642 1235 805 1303 ἐντεῦθεν
835 1231 853 1302 6
883 1233 1041 1324 βασιλευς

67 1333 315 1424 τροπαιοφόρος
340 1333 501 1422 κατέλαβε
512 1333 558 1404 ’τά
575 1339 738 1422 βασίλεια,
761 1335 818 1402 καί
834 1341 930 1403 λείαν
946 1331 1040 1422 ἀγαν

69 1435 201 1522 πολλήν
226 1433 267 1504 οά
293 1434 381 1504 πολι)
406 1434 444 1504 τό
473 1438 510 1504 έν
533 1437 625 1528 μέσῳ
642 1437 697 1506 καί
717 1441 776 1522 τῆς
794 1435 878 1504 κατά
896 1439 965 1504 τῶν
982 1457 1041 1506 σε·

68 1543 225 1625 βασμίων
245 1535 388 1633 εἰκόνων
407 1535 528 1624 λάττης
545 1534 732 1626 ἀπήρξατο·
757 1535 842 1606 ὅθεν
860 1536 898 1606 δέ
914 1541 956 1626 τῇ
973 1559 1073 1625 μα-0

67 1645 130 1728 νίηι
146 1637 252 1728 ταότη
271 1639 391 1724 γέγονε
408 1636 547 1724 κάτοχος
565 1635 687 1714 αὐτίκα
702 1637 744 1725 δή
757 1637 964 1726 διηγήσομαι.
992 1643 1040 1730 τῷ

4 1777 8 1782 ·
27 1769 54 1812 15
67 1739 136 1828 ἤδη
161 1740 299 1828 ῥηθέντι
321 1765 379 1828 μοι
394 1743 544 1830 μοναχςό,
569 1735 607 1818 ὃς
625 1739 702 1829 περὶ
721 1741 846 1808 ἑαυτοῦ
866 1737 911 1819 ὦς
928 1738 1041 1828 μέλλει

2 1891 3 1894 ¹
65 1847 128 1928 τῆς
153 1846 322 1928 βασιλείας
347 1846 483 1910 ἔσεσθαι
512 1838 674 1929 ἐγκρατής
698 1841 949 1930 προηγόρευσε,
980 1845 1041 1928 τῆς

67 1941 287 2032 προρρήσεως
311 1939 496 2021 ἀποτιννδς
520 1939 674 2030 ἀμοιβήν,
698 1947 793 2030 δῶρα
812 1943 968 2030 ἐκπέμπει
987 1941 1057 2011 διά

67 2069 160 2123 τινος
186 2047 255 2112 τόν
286 2041 498 2111 οἰκειοτάτων
528 2039 632 2134 αὐτῷ.
676 2039 694 2110 6
722 2042 760 2111 δὲ
783 2043 951 2133 πεμφθεὶς
976 2040 1040 2110 υάκ

66 2147 189 2237 ἐκείνῳ
214 2143 387 2231 ἐνέτυχεν,
413 2149 503 2231 ἔφθη
528 2141 594 2233 γάρ
619 2140 637 2212 ό
662 2141 808 2230 μοναχδς
834 2146 961 2222 ἐκεῖνος
979 2141 1041 2228 τήν

24 2243 158 2332 ιοζτοήν
182 2245 425 2333 μεταθέμενος,
450 2247 565 2334 ἕτερον
589 2241 623 2312 δ
648 2241 801 2367 εδρηκρδς
831 2249 873 2365 τή
906 2245 1039 2312 ἐκείνου

64 2353 218 2439 κοτοικία
242 2345 487 2434 σκηνοόμενον,
514 2343 558 2426 ὡς
577 2347 706 2438 ἐκείνῳ,
724 2343 769 2432 μή
776 2343 963 2469 γινώσκιομ
980 2340 1041 2412 τόν

66 2446 199 2537 ἀνδρα,
223 2447 333 2539 τούτῳ
357 2446 612 2537 προσεληλόθει.
649 2443 667 2515 6
691 2437 790 2533 δέ,
768 2473 812 2533 ην
828 2443 895 2534 γάρ
913 2443 953 2513 τά
971 2450 1049 2514 τῶν

66 2547 301 2672 εἰκονομάχοιν
323 2546 522 2639 πρεσβεύων
546 2549 661 2616 καί
620 2575 679 2672 της
698 2576 719 2618 α
721 2549 857 2637 ἰρέσεως
876 2545 1040 2637 διάπυρος

66 2651 229 2740 ἐραστής,
254 2645 334 2718 οὔτε
356 2646 397 2718 τά
423 2654 516 2738 δῶρα
541 2648 731 2739 προσήκατο
756 2650 813 2718 καί
830 2647 893 2736 τήν
909 2648 1040 2718 τούτων

21 2783 50 2824 25
64 2749 233 2838 κομιστὴν
256 2749 486 2839 ἀπεπέμψατο,
513 2753 606 2832 έξεί
591 2750 725 2820 ἰδοίλων
742 2755 977 2838 προσκυνητοῦ
995 2748 1041 2836 μή

25 2881 99 2922 τι
123 2858 241 2938 λαβεῖν
265 2847 451 2940 ἀνέχεσθαι
469 2850 619 2939 φάμενος
644 2851 700 2919 καὶ
717 2855 776 2938 τής
793 2856 962 2936 βασιλείας
979 2850 1073 2926 καίι)

62 2957 129 3040 τῆς
153 2959 235 3041 ζωῆς
259 2952 314 3022 διά
337 2953 480 3042 βραχέος
497 2953 683 3021 έπαπειλῶν
701 2955 748 3044 τρῖ
772 2957 906 3038 βασιλεῖ
920 2950 1039 3041 στέρη-

65 3077 137 3141 σιν,
163 3060 193 3122 εἰ
218 3053 262 3142 μή
284 3059 347 3124 τοῦ
366 3067 575 3143 προσκυνεῖν
592 3067 662 3133 τοϊς
680 3051 831 3132 εἰδώλοις
849 3049 1039 3140 ἀπόσχοιτο,

63 3154 129 3236 τάς
153 3154 276 3236 σἐπτάς
301 3155 434 3249 εἰκόνας
459 3154 547 3224 οὕτω
572 3160 695 3223 καλῶν.
731 3157 837 3222 ταῦτα
860 3151 951 3243 παρά
977 3157 1039 3222 τοῦ
1086 3220 1088 3222 ,
1145 3227 1146 3230 ¹

17 3289 48 3332 το
65 3257 247 3338 σταλέντος
271 3255 481 3344 ἀγγελθέντα
504 3261 552 3348 τῷ
575 3257 695 3326 Λέοντι
721 3260 904 3345 έμφροντιν
934 3251 1040 3323 αὐτόν

65 3359 281 3446 πεποιήκασι,
300 3359 356 3426 καί
374 3363 544 3426 κοινοῦται
560 3354 601 3426 τά
614 3357 811 3447 μηνυθέντα
823 3361 893 3425 τοῖν
907 3360 942 3425 οἰ
953 3377 1039 3425 συν·
1082 3403 1083 3406 =
1136 3443 1140 3450 Ι

63 3457 169 3546 ήθιον
192 3461 257 3529 τιυί
282 3463 328 3554 τῷ
349 3465 554 3552 Μελισσηνιβ
573 3458 745 3553 Θεοδότῳ,
764 3455 803 3540 δς
818 3471 889 3563 τοῖς
909 3463 1038 3528 εἰκονο-
