2566 3800
221 180 335 252 213¹
488 173 930 235 mmmmm
1049 179 1053 184 ’

217 327 325 394 ταύτα
338 327 387 403 είς
401 317 558 408 ύπαντήυ
572 314 679 390 αότού
693 324 910 410 προελθοῦσα
919 317 1003 410 μετά
1014 322 1190 408 βασιλικῆς

218 429 351 515 πομπῆς
376 421 443 494 σύν
469 426 517 515 τῷ
540 425 608 514 υίῷ
632 417 741 492 αύτοῦ
766 427 984 516 Βαρωνιανῷ.
1018 418 1190 502 θανόντος
1279 447 1281 518 j

218 528 331 618 μέντοι
347 525 412 596 τού
430 521 598 612 Ἰοβιανοῦ
624 527 660 594 οί
676 529 872 615 στραταόται
889 521 1189 614 σκυδρωπάζουτες
1279 533 1281 576 ²

217 627 280 718 τήν
304 634 452 700 Νίκαιαν
475 623 708 714 κατειλήφασι,
731 625 789 694 καὶ
812 624 989 713 γεγονότες
1014 625 1087 694 ἐκεῖ
1111 624 1190 715 περὶ
1279 637 1280 706 j

140 783 149 796 .
217 729 380 820 βασιλέως
395 725 625 817 ἐβουλεύοντο.
650 727 756 796 καλοί
769 725 834 816 μὲν
849 725 962 813 τόνδε,
981 730 1015 798 οί
1032 725 1071 810 δὲ
1088 723 1212 816 τόνδεε

219 829 401 921 ὠνόμαζον,
419 833 456 898 οί
470 833 608 910 πλείους
626 825 660 897 δ’
681 827 737 900 ἐπὶ
758 833 807 922 τῷ
826 833 1028 922 Σαλουστίφ
1045 823 1188 920 ύπάρχφ
1280 871 1281 918 j

217 937 286 1002 τοῖν
316 937 532 1022 πραιτωρίωυ
568 928 772 1018 τυγχάνοντι
809 927 1053 1019 οἱμοφτόυησαυ.
1102 925 1122 999 δ
1153 926 1186 998 δ’

182 1049 206 1102 Β
220 1029 427 1122 άπηνήνατο,
445 1030 484 1102 τδ
502 1035 610 1122 γήρας
628 1036 676 1112 είς
689 1037 890 1125 παραίτησιν
903 1028 1188 1122 προβαλλόμενος.

80 1184 87 1193 -
217 1133 427 1224 αἰτουμένων
451 1131 490 1204 δὲ
515 1131 576 1204 τόν
597 1131 722 1203 τούτου
739 1132 831 1220 υίόν,
855 1129 898 1202 ού
917 1133 1111 1221 κωτόυενσε,
1129 1130 1187 1202 διδ

216 1235 358 1324 νεότητα
379 1235 438 1306 καὶ
460 1234 597 1324 γνάμης
621 1232 781 1324 ἀφέλειαν
806 1240 926 1325 κρίνας
950 1236 1081 1306 ἐκεῖνον
1099 1232 1221 1324 πρδςιο

216 1335 324 1428 άρχήυ
345 1336 506 1425 τοιαύτην
529 1333 771 1424 ἀνεπιτήδειον.
806 1335 860 1406 διδ
882 1333 965 1426 μετά
982 1339 1053 1406 τοῖν
1070 1333 1186 1405 ἄλλων

216 1439 274 1509 καὶ
298 1436 403 1521 αότδς
426 1435 444 1510 ὁ
471 1435 679 1518 Σαλούστιος
708 1437 848 1527 βασιλέα
877 1438 934 1506 καὶ
963 1432 1098 1519 άπόντα
1123 1434 1187 1507 τδν

219 1537 506 1613 Θύαλευτινιανδυ
524 1541 721 1628 ἐψηφίσατο.
746 1536 764 1610 δ
782 1539 895 1628 μέντοι
910 1536 1070 1626 Ἰοβιαυδς
1087 1534 1188 1610 εύσε-

215 1641 277 1731 βῆς
299 1635 344 1732 ἦν
362 1643 448 1732 ,περὶ
470 1639 508 1710 τδ
533 1637 643 1728 δόγμα
666 1640 724 1711 καὶ
747 1637 973 1728 άγαδοδελής.
1026 1650 1124 1710 οίνου
1151 1637 1186 1708 δ’
1279 1663 1281 1734 j

214 1743 334 1831 ἥττητο
356 1743 413 1812 καὶ
437 1739 665 1833 άφροδισίωυ,
688 1743 747 1812 καὶ
763 1739 827 1830 τήν
843 1746 905 1811 τού
923 1740 1076 1831 σώματος
1094 1737 1182 1812 άυα-
1196 1762 1221 1804 1⁵
1280 1829 1281 1834 χ

214 1840 347 1933 δρομήυ
365 1841 510 1933 εὐμήκης
525 1841 688 1932 ἐτύγχανε
704 1843 762 1912 καὶ
778 1842 985 1934 γραμμάτων
1002 1840 1068 1914 ούιι
1085 1841 1188 1912 άπει-

216 1971 283 2037 ρος.
319 1943 356 2026 δς
375 1941 485 2014 ὀπίσω
503 1944 584 2016 ποτδ
600 1950 663 2016 τού
684 1939 871 2015 Ἰουλιαυοῦ
890 1943 1118 2036 πορευόμενος
1139 1942 1187 2026 οἱς

214 2051 396 2138 χιλίαρχος,
421 2049 459 2116 ἐν
481 2044 573 2141 τόπφ
597 2045 750 2120 κατάντει
771 2044 962 2136 προιόντος,
988 2045 1133 2134 ἐπάτησε
1150 2041 1190 2114 τό

214 2147 408 2239 κράσπεδον
421 2151 480 2238 τῆς
494 2153 706 2240 πορφυρίδος
719 2145 836 2218 αὐτοῦ.
862 2144 881 2217 ὁ
899 2148 949 2236 δέ,
969 2145 1030 2222 εἶτ’,
1050 2149 1089 2217 ἐκ
1106 2145 1190 2216 τού-

215 2277 275 2320 του
293 2248 453 2340 διάδοχον
470 2249 577 2322 αύτοῦ
594 2249 655 2320 τόυ
669 2246 834 2337 Ἰοβιανδν
849 2247 1051 2340 ἐτεκμήρατο
1065 2245 1126 2318 εἴτ’
1147 2248 1186 2317 ἐκ
1201 2271 1229 2314 το

181 2359 375 2440 Ομαντείας
393 2357 481 2438 ἔγνω
498 2349 598 2422 τοῦτό
615 2377 717 2438 τινος,
736 2349 831 2421 εἶπεν
845 2347 946 2421 “am
962 2347 1028 2420 κάν
1046 2346 1191 2440 ἄνδρω-

214 2451 305 2533 πος”.
340 2444 422 2542 ήρξε
445 2450 484 2522 δὲ
507 2448 588 2524 οὐδ’,
611 2449 712 2533 ὅλους
742 2457 850 2541 μήτιας
876 2449 975 2522 όιιτύ.
1024 2449 1043 2522 ὁ
1072 2453 1193 2540 μέντοι
1276 2509 1281 2542 ,

213 2551 336 2642 νεκρός
360 2549 468 2621 αὐτοῦ
493 2557 542 2632 είς
565 2547 603 2622 τό
621 2553 803 2637 Βυζάντιον
816 2548 1061 2642 ύυαιιομισδελς
1080 2555 1119 2623 ἐν
1137 2555 1192 2646 τῷ
1279 2553 1281 2570 “

213 2655 283 2722 τῶν
300 2649 408 2778 ἁγίων
422 2649 636 2724 Ἀποστόλων
658 2653 762 2744 ἐτάφη
774 2660 859 2748 ναῷ,
877 2653 966 2724 ὅπου
979 2653 1062 2744 μετὰ
1075 2660 1192 2724 ταῦτα

215 2750 387 2843 συνετάφη
412 2755 470 2824 καὶ
492 2753 620 2844 ήγυνή
639 2753 747 2826 αύτού
765 2754 907 2846 Χαριτοό.
943 2761 1047 2828 ἔθανε
1064 2752 1129 2825 δὲ’
1124 2764 1192 2826 Ιο-
1207 2777 1234 2820 ιε

216 2854 334 2944 βιανός
351 2855 505 2947 τρίτον”
482 2883 578 2944 αγων
595 2859 654 2945 τής
670 2854 763 2946 ήλικί
760 2885 800 2939 ας
823 2863 897 2939 ἔτος
916 2857 971 2928 ἐπὶ
987 2861 1195 2983 τριακοστρῖ.

161 2963 203 3031 15
297 2951 412 3029 Οὕτω
432 2957 496 3048 μὲν
529 2985 610 3046 ουν,
647 2985 692 3038 ως
722 2969 865 3049 είρηται,
902 2954 1197 3040 Θύαλεκιινιανδς
1276 3013 1277 3016 ¹

216 3057 379 3183 ἐψήφιστο
402 3058 592 3148 βασιλεύς,
607 3056 787 3149 α’χδελςδδ
811 3059 869 3130 καὶ
894 3057 1102 3151 ἀναρρηθεὶς
1129 3062 1198 3132 καὶ

213 3157 254 3228 τά
277 3156 433 3247 βασιλικά
457 3161 630 3251 περιόδων
655 3160 819 3250 σύμβολα.
860 3157 943 3231 δδδ
961 3160 1195 3251 Σαλούστιος,

214 3258 266 3328 ὅτι
283 3259 440 3349 σπουδήν
458 3263 643 3344 ἐνεδείξατο
657 3260 893 3354 άναρρηδήναι
906 3259 1023 3358 αὐτόν,
1037 3261 1195 3353 ἀμοιβήν
1209 3286 1236 3328 ιο

214 3355 294 3444 ήτει
302 3387 372 3429 των
388 3367 448 3450 τής
467 3361 690 3487 ἐπαρχότχτος
707 3361 875 3454 άυεθήναι
892 3369 1098 3457 φροντίδων.
1129 3366 1197 3437 καὶ

213 3446 232 3520 ὁ
251 3459 432 3542 βασιλεύς
433 3460 502 3532 ’δια
518 3459 627 3533 τοῦτο’
628 3462 759 3536 ’“είπε
761 3465 934 3538 τοσούτων
950 3493 1007 3556 μοι
1023 3467 1197 3558 πραγμά-
