2586 3800
1 115 6 248 ι’

334 177 342 189 ,
469 123 777 178 L1ss.x1.cA1³.x11.
1067 123 1108 187 39

209 265 370 355 Ὕστερον
399 263 435 332 δέ
465 263 521 332 καὶ
545 262 607 350 τῆν
629 264 755 352 μητέρα
782 259 844 351 τῆν
870 260 1106 354 Ἀγριππῖνον,

142 369 198 440 τὸν
228 361 459 455 ἀπελεύθερον
483 362 657 454 Ἀνίκητον
689 366 838 453 πέμψας,
876 370 1104 456 διεχειρίσατο.

141 465 238 559 ῆτόν
254 467 454 556 πεμφθέντα
472 469 610 554 ίθοῦσα,
636 466 692 536 καὶ
716 467 845 554 γνοῦσα
863 461 918 554 ἐφ’
938 463 1003 560 ότφ
1021 463 1106 556 ῆκει,

142 569 205 658 τῆν
223 572 351 656 ἐσθῆτα
374 564 627 660 περιερρήξατο,
653 567 711 637 καλ
734 563 798 656 τῆν
815 567 960 658 γαστέρα
976 563 1107 656 άπογυ-

2 669 3 672 “
101 701 115 742 ε
142 669 302 761 μνάσασα
320 666 421 740 “atate
438 663 587 758 ταάτην”
619 675 685 758 ἐφη
709 663 903 758 Ἥνίκητε,
933 685 1027 758 παῖε,
1058 667 1109 740 ὅτι

143 775 288 862 Νέρωνα
305 765 422 842 ἔτεκε.”
459 772 515 840 καὶ
532 767 554 858 ῆ
572 770 634 858 μὲν
651 767 800 859 ἐσφάγη,
818 765 836 840 ὁ
856 770 894 841 δὲ
910 773 1034 861 Νέρων
1052 773 1108 842 καὶ

144 871 308 961 αὐτόπτης
338 874 400 942 τοῦ
424 868 629 961 τολμήματος
658 871 777 959 γέγονε
807 873 863 941 καὶ
895 874 1006 943 πάσαν
1039 873 1108 942 εἶδε

141 973 320 1064 γυμνώσας
350 974 406 1044 καί
437 969 477 1042 τά
506 969 679 1063 τραύματα
710 975 921 1063 έξηρίθμησε.
967 988 1039 1056 ταίς
1072 975 1108 1043 δέ

140 1078 239 1160 νυξὶν
257 1071 484 1166 ἐξεταράττετο
502 1071 586 1144 ὥστε
603 1075 660 1144 καλ
682 1075 718 1143 ἐκ
735 1079 793 1162 τῆς
812 1069 913 1164 εάνῆς
930 1070 1108 1164 ἀναπηδᾶν

105 1209 131 1248 ιο
145 1181 202 1248 καὶ
232 1181 522 1265 έκλειματοάσθαι.
571 1178 609 1245 έν
644 1174 683 1245 δὲ
715 1181 756 1265 τῆ
783 1172 888 1268 Ῥάμη
923 1173 1110 1266 πολλαχόθι

141 1275 304 1369 ἐγράφετο
321 1274 412 1366 παρά
429 1305 532 1348 τινων
549 1271 689 1366 άφανάς

244 1381 380 1469 Νέρων,
393 1376 559 1467 Ὀρέστης,
574 1377 761 1467 Ἀλκμαίων
778 1375 1004 1467 μητροκτόνοι.

218 1481 287 1552 Καὶ
304 1480 372 1568 Ιτῆν
389 1477 591 1568 Αὐγούσταν
605 1477 802 1550 Ὀκταουίαν
825 1477 888 1569 τῆν
911 1482 972 1550 τοῦ
995 1488 1108 1552 Κλαυ-

144 1588 220 1652 δίου
244 1582 434 1671 θυγατέρα,
457 1579 519 1670 τῆν
545 1583 667 1652 ἑαυτοῦ
691 1595 853 1669 γυναῖκα,
880 1579 1142 1670 ἀπεπέμψατοΒ

103 1714 128 1754 ιε
142 1690 201 1772 τῆς
223 1680 287 1773 γάρ
313 1689 466 1771 Σαβίνης
491 1685 594 1772 ἐρῶν,
625 1679 750 1770 ῆθελεν
775 1678 862 1773 αὐτῆ
886 1698 1039 1754 συνεῖναι
1064 1679 1108 1764 ὡς

141 1790 277 1874 γαμετῆ.
321 1788 461 1854 δείσασα
487 1783 524 1854 δέ
546 1783 567 1872 ῆ
590 1790 724 1871 Σαβῖνα
747 1777 912 1872 μήποτεῆ
934 1780 1108 1856 Ὀκταουία

141 1890 352 1976 μετακληθῆ,
378 1882 583 1985 κατηγόρους
607 1879 661 1954 ἐπ’
688 1879 775 1976 αότῆ
800 1887 856 1955 καλ
880 1891 1028 1976 μοιχείας
1052 1887 1108 1956 καὶ

142 1994 294 2076 γοητείας
318 1991 467 2071 ψευδοῦς
484 1983 764 2076 παρεσκευάσατο.
800 1988 857 2056 καὶ
879 1983 916 2055 τὸ
940 1987 1002 2075 μὲν
1019 1990 1108 2076 πρά·

142 2117 201 2158 τον
235 2092 498 2178 φυγαδευθῆναι
532 2081 658 2174 αάτῆν,
701 2092 814 2156 ἔπειτα
848 2087 904 2155 καλ
939 2093 1109 2175 σφαγῆναι

103 2221 130 2260 ω
143 2194 309 2278 ἐποίησεν.
345 2189 416 2260 εἶτα
433 2191 489 2260 καὶ
508 2185 593 2277 αάτῆ
610 2183 632 2277 ῆ
651 2195 784 2276 Σαβίνα
802 2183 948 2274 ἐκτάνθη
965 2183 1032 2256 ὑπό
1049 2192 1109 2256 τοῦ

142 2295 316 2383 Νέρωνος·
334 2288 463 2382 κυοόση
481 2287 545 2381 γάρ
563 2285 649 2380 αάτῆ
666 2287 726 2372 λάξ
745 2289 913 2377 ένέθορευ.
949 2287 1004 2358 ἐπὶ
1021 2283 1109 2358 πολά

142 2393 181 2464 θλ
196 2395 375 2464 θανοῦσαν
399 2393 594 2480 ἐπένθησεν.
631 2387 737 2472 οὕτως
756 2387 788 2460 θ’
806 2384 924 2478 ἀάτῆν
941 2385 1111 2478 ἐπόθησεν

144 2489 229 2565 ὥστε
252 2492 292 2563 τά
315 2493 378 2582 μέν
401 2497 515 2581 πρῶτα
539 2490 685 2580 γυναῖκά
707 2519 781 2562 τινα
804 2495 980 2583 προσφερῆ
998 2492 1109 2582 ἐκείνη

142 2596 446 2684 μετεπέμψατοκαλ
464 2599 578 2684 ἔσχεν,
604 2600 718 2664 ἔπειτα
742 2598 847 2664 παῖδα
864 2587 1143 2682 άπελεάθερου,0

104 2723 130 2764 ιε
143 2691 184 2768 όν
206 2695 345 2786 Σπόρον
369 2692 556 2785 ὠνόμαζεν,
581 2693 726 2785 ἐκτεμάν
749 2700 887 2785 ἔγημεν,
913 2692 1030 2782 ἐπειθῆ
1053 2695 1109 2762 καὶ
1164 2730 1166 2734 ·

143 2794 242 2879 αὐτὸς
266 2801 306 2888 τῆ
325 2803 460 2887 Σαβίνη
485 2794 596 2890 ἐφ’κει,
620 2804 740 2884 καίπερ
759 2792 949 2886 Πυθαγόρᾳ
971 2795 1037 2864 τινλ
1058 2796 1110 2876 ἐξ·

143 2901 315 2994 ελευθέρφ
343 2899 578 2988 γεγαμημένας.
632 2899 688 2967 καὶ
716 2901 934 2982 συνεγίνοντο
965 2890 1034 2982 άμα
1063 2896 1108 2984 τῷ
1164 2963 1167 2969 Δ

142 3001 279 3088 Νέρωνι
302 2997 510 3089 Πυθαγόρας
533 3000 596 3088 μέν
618 2993 663 3078 ὥς
693 2993 798 3084 άνήρ,
831 2992 965 3084 Σπόρος
996 2993 1034 3063 δέ
1065 2988 1109 3074 άς

142 3101 257 3190 γυνῆ.“
282 3103 339 3171 καλ
366 3097 598 3194 ἐκιθαρῴδησε
617 3099 656 3168 δέ
680 3102 841 3188 δημοσίᾳ,
868 3102 975 3165 καίτοι
999 3093 1108 3185 βραχὺ

211 3368 244 3416 23
262 3359 299 3416 τά
311 3359 365 3431 μέν
382 3364 481 3431 πρῶτα
499 3392 532 3400 -
550 3366 584 3414 24
602 3360 696 3431 ἔσχεν,
721 3379 738 3413 ε
755 3361 900 3428 ΧίμΙιίΙὶοο
920 3362 1035 3426 omissa,
1062 3360 1112 3410 ha-

143 3433 211 3484 bent
227 3435 295 3488 Exc.
314 3433 436 3486 Peiresc.
