2546 3822
399 189 471 274 τιε.
490 189 548 240 xv.
573 187 652 239 οεΡ.
671 189 749 240 x111.
993 188 1054 254 367

84 334 143 417 τής
168 331 381 418 ἐκυρίευσαν.
415 332 474 415 τῆς
494 326 641 418 Εἰρήνης
665 327 703 398 δέ
720 327 990 420 μοναρχησόσης,
1002 329 1054 416 ρὸς

84 431 246 516 λέλεκται,
264 433 300 500 οί
315 425 545 518 ἄνδρόδελφοι
558 427 663 517 αότής
675 431 912 520 καθειργμίυοι
928 432 1054 520 τυγγό·

84 555 202 612 νοντες
232 527 457 619 ἠδυνήθησαν
486 536 529 620 τῇ
551 530 680 621 μεγάλη
704 540 909 622 προσελθεῖν
934 534 1054 622 ἐκκλη-

63 640 156 725 σίφ,
183 630 276 724 παρό
299 658 401 702 τινων
426 637 653 722 νεωτεριστῶν
677 632 762 723 πρός
786 639 886 704 τοῦτο
912 631 1055 706 όναπει-

56 735 234 815 εσθέντες.
266 729 385 814 Ἀέτιος
404 724 467 803 οὖν
484 730 503 804 ὁ
522 729 697 823 εὐνοῦχος,
710 735 797 823 μέγα
813 734 888 806 τότε
904 734 996 826 παρὰ
1012 739 1056 827 τή

83 842 261 925 βασιλίσσῃ
285 833 493 923 δυνάμενος,
518 831 680 905 ἀπελθών
704 837 762 905 καὶ
784 843 912 918 πίστεις
938 834 1054 919 αὐτοῖς

84 933 268 1027 παρασχόν
292 933 337 1016 τός
360 930 467 1005 οὐδὲν
488 933 602 1006 δεινόν
620 942 805 1024 πείσονται,
824 937 979 1026 ἐξήνεγκε
995 940 1055 1027 τής

85 1041 262 1125 ἐκκλησίας
279 1034 405 1118 αότοδς
422 1037 479 1106 καί
496 1042 544 1118 είς
558 1031 706 1126 Ἀθήνας
723 1035 928 1127 ἀπήχθησαν
944 1037 1054 1127 ὑπερ·

83 1139 178 1231 όριοι.
214 1136 312 1211 κόκεῖ
335 1137 524 1225 διαγόντων
541 1135 667 1226 αὐτόν,
685 1137 772 1221 τινές
784 1144 854 1209 τόν
866 1145 925 1228 τῆς
934 1138 1053 1214 Ἑλλά-

40 1243 70 1310 ἰο
83 1246 142 1322 δος
167 1245 365 1330 προσῆλθον
388 1244 436 1332 τῷ
460 1237 597 1330 ἄρχοντι
613 1241 683 1309 τόν
702 1246 909 1328 Σθλαβικῶν
926 1243 1053 1329 ἐθνῶν,

83 1340 237 1430 δεόμενοι
263 1338 372 1410 αὐτοῦ
389 1341 565 1428 ἐξαγαγεῖν
582 1337 709 1422 αότοδς
726 1342 783 1411 καὶ
800 1344 861 1412 ἕνα
879 1349 1050 1432 προχειρί-
1061 1362 1087 1414 D

1 1490 2 1493 =
83 1452 209 1512 σασθαι
225 1442 365 1530 βασιλέα
383 1441 441 1510 καί
459 1439 644 1530 ἀναγαγεῖν
661 1439 769 1514 αὐτόν
787 1447 836 1524 είς
848 1442 911 1532 τήν
923 1449 1053 1530 βασιλί·

83 1547 126 1613 δα
143 1549 213 1614 τῶν
229 1541 371 1612 πόλεων.
402 1543 616 1632 μηνυθέντος
635 1541 674 1613 δὲ
690 1543 813 1613 τούτου
827 1549 874 1635 ,τῇ
891 1549 1052 1632 βασιλίδι,
1124 1602 1129 1610 ς

29 1661 33 1668 ’
82 1641 259 1735 προστάξει
285 1646 414 1731 ἐκείνης
440 1641 737 1733 ἄπετυφλόθησαν
763 1643 919 1727 ἅπαντες.
972 1639 1055 1716 ὁδί

38 1771 69 1814 τε
81 1751 152 1816 τῶν
171 1744 340 1838 Φρόγγων
357 1741 504 1834 ἀρχηγός
517 1743 694 1835 Κόρουλος
710 1744 869 1833 βασιλεδς
883 1739 1054 1835 Ῥωμαίων

81 1845 172 1938 παρὰ
190 1851 252 1916 τοῦ
275 1845 371 1916 πόπα
388 1846 550 1934 Λέοντος,
576 1843 621 1928 ὥς
645 1857 784 1937 εῖρηται,
807 1845 1053 1938 ἀναγορευθείς

81 1949 239 2038 πρέσβεις
264 1953 393 2036 ἔπεμψε
418 1945 502 2038 πρός
524 1946 587 2036 τήν
611 1947 774 2039 Εἰρήνην,
801 1954 907 2038 ζητῶν
932 1956 995 2032 συζ
1034 1985 1053 1997 -

81 2055 207 2141 γθήυαι
236 2046 325 2138 αὐτή
355 2047 439 2118 κατὰ
471 2053 661 2138 συμβίωσιν
690 2049 843 2137 γαμικήν.
884 2050 942 2118 καί
973 2043 1051 2119 οὐδ’

82 2153 195 2242 ἐκείνη
218 2156 319 2220 τοῦτο
344 2147 533 2237 ἀβούλητον
557 2151 670 2236 ἔδοξε,
695 2149 752 2218 καί
778 2151 918 2236 γέγονεν
936 2148 997 2236 όν,
1021 2151 1055 2218 εί

37 2245 127 2342 τομή
151 2245 169 2322 ό
196 2253 349 2340 ἐκτομίας
372 2245 491 2332 Ἀέτως
514 2248 828 2342 παραδυναστεόωυ
850 2255 964 2320 πᾶσαν
982 2251 1054 2318 ίκί-

80 2373 162 2442 νησε
187 2349 342 2442 μηχανήν
365 2357 413 2432 είς
438 2348 476 2420 τό
502 2350 549 2440 μή
575 2348 843 2440 ἀποτελεσθῆναι
865 2348 930 2440 τήν
950 2357 1054 2434 συζυ-

79 2461 171 2543 γίαν.
207 2446 308 2534 οὗτος
325 2451 393 2540 γὰρ
419 2453 505 2540 μέγα
523 2451 712 2540 δυνάμενος
731 2454 769 2522 ἐν
785 2466 857 2534 τοῖς
873 2457 1053 2541 βασιλείοις
1165 2457 1170 2468 “

79 2554 139 2625 τόν
157 2560 284 2624 οίκεῖον
306 2548 473 2643 ὁμαίμονα
493 2553 620 2624 Λέοντα
644 2549 783 2636 όξιοόσυι
806 2558 864 2643 τής
881 2558 1053 2642 βασιλείας

82 2655 137 2724 διὰ
153 2655 291 2744 μελέτης
307 2661 480 2742 πεποίητο,
507 2652 545 2736 ὃς
568 2654 610 2743 δή
632 2656 728 2726 Λέων
744 2653 799 2725 διδ
817 2659 971 2745 σπουδῆς
988 2658 1153 2728 τοῦΡΠιει

38 2754 208 2830 εοἈετίου
231 2755 333 2845 μόνος
360 2753 463 2836 αὐτὸς
487 2754 669 2845 στρατηγός
688 2755 825 2847 Θρηίκης
847 2757 906 2825 καί
931 2746 1087 2826 Μακε-Α

82 2861 198 2938 δονίας
216 2858 461 2948 προυβέβλητο·
481 2849 499 2925 ό
519 2857 561 2925 δέ
575 2883 614 2943 γε
629 2851 751 2938 Ἀίτιος
769 2861 839 2926 τεόν
858 2853 954 2949 ίςόων
970 2847 1054 2947 ἦρχε

80 2957 240 3047 θεμάτων
262 2965 324 3029 τοῦ
344 2955 495 3040 Ὀψικίου
517 2957 574 3026 καί
596 2962 666 3044 τῶν
686 2953 931 3044 Ἀνατολικοῖν,
966 2951 1052 3026 κόν-

79 3065 206 3131 τεῦθεν
227 3057 491 3150 ὑπερφρονήσας
515 3063 584 3130 τόν
608 3060 645 3127 ἐν
662 3059 749 3128 τέλει
765 3057 978 3149 περιεφρόνει
994 3056 1053 3126 καὶ

80 3159 280 3245 όλαζονικοές
298 3159 414 3242 αότοῖς
432 3161 668 3251 προσεφέρετο.
696 3164 732 3230 οἱ
747 3159 785 3230 δὲ
801 3157 932 3240 τοότοις
950 3155 1052 3246 ἄχθό·

35 3289 68 3332 οι
80 3287 175 3351 μενοι
191 3261 366 3352 βούλευμα
382 3258 467 3331 κατὰ
483 3267 542 3349 τής
558 3267 755 3350 βασιλίσσης
772 3261 970 3346 συνέθεντο,
996 3257 1054 3328 καὶ

80 3361 142 3433 τόν
173 3370 348 3454 πατρίκιον
379 3361 578 3452 Νικηφόρον
607 3364 665 3433 καί
695 3361 829 3451 γενικόν
859 3361 1054 3451 Λογοθίτην

81 3463 334 3555 παραλαβόντες
359 3469 501 3554 βαθείας
524 3463 647 3546 νυκτός
670 3456 780 3554 ήλθον
804 3469 852 3546 είς
877 3461 940 3552 τήν
958 3470 1052 3534 Χαλ-
