2558 3820
232 159 294 224 316
542 159 614 212 LIB.
627 160 675 210 τε.
695 157 774 209 οεΡ,
787 157 894 216 xxm,

233 296 605 390 προκαταστησάμενος,
636 295 838 387 βιασάμενος
866 293 922 366 διὰ
941 299 1019 368 ,τάν
1049 303 1202 386 Τεμπῶν,

233 401 341 491 ὀλίγοι
359 399 422 491 γάρ
442 397 634 489 ἐφρούρουν
651 397 754 486 αύτά,
780 400 834 468 έπλ
858 396 917 468 τὸν
934 399 1069 486 Περσέα
1093 394 1203 488 6666-
1275 483 1276 486 3

234 527 302 576 σεν.
340 505 412 574 έπελ
432 500 463 573 δ’
486 505 612 584 ἐκεῖνος
635 499 694 572 τὸν
707 497 846 572 Ἕλπιον
870 497 1020 588 ποταμὸν
1037 501 1204 590 προσαπέ-
1229 509 1230 514 ’

233 607 362 697 φραξεν
378 601 460 676 ὄντα
478 605 515 674 έν
532 605 641 698 μέσῳ,
666 596 932 693 προκαταλαβολν
949 601 987 694 δλ
1007 601 1063 671 καλ
1080 605 1148 672 πᾶν
1165 595 1211 672 τδ

234 705 357 797 μεταξύ
374 709 435 776 τοῦ
451 733 487 776 τε
502 701 672 795 Ὀλύμπου
690 706 746 774 καλ
764 707 822 793 τῆς
843 699 1016 790 θαλάσσης
1034 707 1232 792 αίμασιαϊςτ
1275 749 1276 752 =

234 811 291 879 καλ
315 803 529 897 σταυρώμασι
559 807 617 876 καλ
640 803 903 895 οἰκοδομήμασιν
932 801 1061 894 ἄπορον
1091 800 1230 894 άπειρ-’
1275 821 1276 896 ᾗ

235 907 377 1000 μάσατο,
398 906 534 1000 ἐθάρρει
554 907 592 978 δὲ
608 910 666 978 καλ
682 909 724 1000 τῇ
738 904 885 998 άνυδρίηι
901 909 962 976 τοῦ
975 903 1097 994 τόπου,
1117 909 1207 976 ἐπεί·
1274 949 1276 954 s

236 1033 317 1136 ρασε
347 1011 410 1101 μὲν
440 1013 497 1080 καλ
527 1005 635 1091 οὕτως
665 1005 683 1079 6
714 1005 840 1089 ὕπατος
867 1013 1035 1096 διελθειν,
1066 1009 1123 1078 καλ
1146 1013 1208 1094 τῆς
1274 1089 1275 1092 ,

235 1109 399 1202 ἀνυδρίας
424 1115 600 1203 έπορίσατο
625 1107 840 1200 ἐπικούρημα
878 1107 1123 1200 διαμησάμενος
1140 1109 1208 1199 γάρ

235 1213 297 1303 τὴν
316 1218 352 1286 ἐν
369 1243 409 1305 τη
395 1211 580 1306 ύπωρεία
602 1218 662 1284 τοῦ
681 1210 849 1302 Ὀλύμπου
873 1207 983 1301 άμμον
1005 1207 1101 1332 6666
1128 1201 1209 1300 εὗρε
1222 1241 1246 1282 ιο
1275 1205 1276 1214 ¹

202 1331 226 1380 D
239 1317 377 1402 δαψιλές
403 1343 439 1386 τε
468 1316 525 1385 καλ
555 1311 704 1438 πότιμρν.
752 1311 817 1384 κάν
838 1311 944 1407 τούτῳ
974 1317 1043 1383 τῶν
1068 1311 1211 1384 Ῥοδίων
1274 1357 1276 1382 ;

237 1415 435 1541 πρέσβεις’
407 1445 465 1541 αρτ
469 1423 580 1486 ίκοντο
598 1411 682 1506 πρὸς
706 1410 811 1538 ρύτὸν
827 1410 892 1484 άπδ
915 1418 973 1546 τῆς
998 1411 1101 1502 αύτης
1119 1426 1211 1504 θρα·
1273 1453 1276 1498 ι

237 1517 379 1607 σύτητος
394 1513 455 1607 66'
477 1506 516 1605 ἧς
540 1519 597 1587 καλ
623 1520 655 1598 ές
678 1514 741 1606 τὴν
760 1511 888 1606 Ῥύμην
911 1518 993 1607 πρὶν
1019 1516 1211 1643 ε’πρεσβεύ-
1273 1507 1276 1626 λ

238 1643 349 1691 σαντο.
391 1613 409 1688 ὁ
436 1618 473 1688 δλ
497 1614 653 1688 ούδενί
622 1617 727 1689 επελν
748 1619 854 1690 πλέον
877 1613 990 1698 αὐτοῖς
1014 1613 1035 1704 6
1059 1615 1109 1688 ὅτι
1132 1615 1207 1706 μετ’

237 1717 352 1809 ὀλίγας
370 1714 532 1810 ημέρας’
512 1717 692 1811 απόκρισιν
716 1717 834 1807 δύσει,
858 1715 1112 1808 άπέπεμψεν’
1072 1717 1209 1800 αυτούς
1223 1713 1276 1808 αλ

238 1817 345 1945 6966
368 1818 592 1912 προσβάλλων
615 1817 696 1891 ούδλ
698 1851 719 1892 ν
743 1823 936 1912 ἐπέραινεν,
969 1827 1075 1910 ἔμαθε
1106 1819 1205 1890 δὲ
1169 1850 1211 1890 τα
1273 1813 1276 1922 3

237 1921 299 2046 ὅρη
316 1919 397 1994 ὄντα
415 1949 482 1994 που
506 1921 711 2014 πορεύσιμα,
728 1925 834 2048 μέρος
857 1951 889 1992 τι
906 1925 968 1991 τού
990 1925 1134 2012 στρατοῦ
1155 1923 1276 2014 ἐπλλ

237 2023 299 2114 την
315 2021 692 2151 δυσπροσοδροτέραν’
650 2029 765 2094 αυτεόν
781 2019 974 2147 δπερβολιλν
992 2030 1131 2112 έπεμψε,
1151 2052 1211 2094 κοι-
1273 2029 1276 2038 ’

236 2125 515 2218 ταληψόμενου
479 2156 520 2197 τα
533 2125 638 2218 ταύτη
653 2129 825 2214 ἐπίκαιρα,
844 2122 949 2196 διά
904 2153 976 2249 μρρ
990 2153 1026 2194 το
1014 2122 1212 2212 δυσπρόσ-
1273 2109 1276 2226 3

238 2258 322 2300 ιτον
329 2231 386 2299 καλ
400 2232 576 2318 ἐλαχίστην
590 2227 658 2318 εἶχε
676 2226 847 2317 φρουράν,
870 2222 969 2309 αύτός
989 2227 1026 2296 δὲ
1038 2254 1084 2319 τιμ
1070 2230 1209 2321 λοιπῷ
1223 2255 1246 2294 6

238 2333 301 2402 τού
327 2327 572 2454 στρατεύματος
595 2331 771 2419 προσέμιξε
793 2333 839 2423 τῷ
857 2332 1042 2419 Περσει,”
1027 2355 1083 2402 ινα
1105 2326 1154 2416 μη
1178 2357 1212 2398 τι

237 2427 450 2518 ὑποτοπήσας
469 2429 626 2519 φυλακὴν
643 2433 712 2501 ττόν
734 2428 825 2522 ὀροῖν
848 2428 1088 2520 ἀκριβεστέραν
1111 2427 1213 2518 ποιη-

239 2554 342 2602 σαιτο.
385 2533 442 2600 καλ
466 2529 548 2622 μετὰ
570 2536 669 2603 τοῦτο
693 2532 979 2622 καταληφθέντων
1003 2533 1072 2600 τοῖν
1095 2529 1214 2622 ἄκρων

136 2629 361 2714 ΡΙιοσνυκτὸς
379 2632 461 2724 πρὸς
478 2629 519 2702 τά
536 2629 597 2725 ὅρη
616 2629 765 2723 ὥρμησε,
788 2634 844 2704 καλ
861 2636 909 2724 66
931 2632 996 2722 μέν
1013 2627 1145 2720 λαθών,
1164 2639 1213 2723 πῇ

240 2735 277 2804 δὲ
299 2731 502 2824 βιασάμενος
525 2733 736 2827 ὑπερέβαλεν
760 2733 855 2806 αὐτά.
898 2729 916 2804 6
938 2729 1061 2823 μαθσλν
1082 2731 1101 2802 6
1120 2743 1249 2821 Περ-ιι

240 2833 338 2926 σεύς,
364 2839 420 2906 καλ
446 2842 561 2918 δείσας
583 2834 629 2926 μὴ
647 2836 730 2907 κατά
747 2835 856 2908 νάτου
880 2831 976 2930 6666·
995 2835 1171 2926 προσπέση
1189 2829 1214 2922 6

239 2939 295 3008 καλ
317 2935 380 3026 τὴν
396 2935 542 3010 Πύδναν
566 2935 797 3030 προκατάσχη,
822 2939 878 3007 καλ
902 2935 966 3026 μιλρ
989 2935 1026 3006 τὸ
1049 2934 1215 3007 ναυτικὸν

238 3037 306 3130 ἅμα
323 3037 361 3110 τὸ
378 3043 446 3111 τολν
459 3037 630 3130 Ρωμαίων
643 3041 821 3130 παρέπλει,
840 3037 878 3109 τό
895 3066 931 3108 τε
945 3045 1053 3129 έρυμα
1069 3032 1107 3107 τὸ
1125 3037 1214 3130 πρδς

238 3143 285 3232 τῷ
302 3167 438 3234 ποταμρι
428 3143 600 3230 ἐξέλιπε,
624 3141 680 3212 καλ
698 3139 780 3228 πρὸς
798 3169 861 3230 την
877 3138 1023 3212 Πύδναν
1041 3139 1214 3228 ἐπειχθεὶς
1273 3223 1276 3286 3

239 3235 385 3327 πρὸτῆς
409 3238 536 3322 πόλεως
567 3240 898 3332 ἐστρατοπεδεύσατο.
952 3242 1008 3312 καλ
1037 3229 1124 3328 ἦλθε
1148 3231 1276 3370 μλμλ
1226 3264 1276 3305 6

240 3333 330 3406 καλ
314 3367 332 3408 ο
350 3347 487 3422 Παῦλος
507 3343 592 3429 έκελ,
611 3338 652 3413 06
670 3345 784 3432 μέντοι
799 3345 857 3414 καλ
871 3347 1071 3436 παραχρῆμα
1088 3344 1214 3434 προσέ-
1274 3337 1276 3418 3

240 3439 356 3528 μιξαν,
375 3435 459 3509 ἀλλὰ
477 3444 532 3511 καλ
551 3442 781 3536 διέτριψαν’
743 3473 807 3515 ουκ
823 3441 937 3534 ὀλίγας
955 3439 1089 3536 ἡμέρας.
1125 3469 1212 3535 προ-
1270 3467 1276 3560 3

1200 3745 1205 3754 ι
1246 3577 1276 3796 1

1177 3787 1181 3795 .
1202 3776 1241 3795 ,ι.“
