2562 3814
109 145 258 210 x182
532 145 852 199 mmmm

196 290 320 377 δρᾶσαι
339 296 472 378 ἴσχυσε,
491 282 651 356 σπεύδων
668 282 730 374 τήν
743 282 870 374 Ῥώμην
888 293 1093 374 καταλαβεῖν
1110 287 1167 356 καί
1221 295 1224 299 ’

197 384 254 458 διά
267 391 326 476 τῆς
340 392 549 479 Τυρσηνίδος
562 383 693 477 παριών
712 381 757 468 ώς
775 385 951 468 κάκείνους
969 384 1166 479 προσλάβοι,

198 491 271 560 ἐπεὶ
289 494 418 579 ἔμαθεν
436 485 559 571 αὐτούς
582 515 619 559 τε
642 503 711 569 τοῖς
723 483 895 577 ΙῬωμαίοις
912 483 1091 578 ὁμολογίας
1108 515 1166 560 πε·
1189 498 1191 507 ⁴

197 592 400 680 ποιημένους
432 593 489 662 καί
518 589 578 661 τόν
606 592 761 681 Τιβέριον
792 585 883 684 αὐτῷ
907 585 1167 679 ἀντιπροσιόντα

196 690 255 763 τόν
272 719 308 762 τε
325 699 510 764 Λαουίνιον
528 689 757 782 ἐφεπόμενον,
782 689 939 790 ἐφοβήθη
955 691 1002 782 μή
1018 687 1082 761 ὑπ’
1103 690 1192 767 αά-ε

196 789 504 884 τώνπανταχόθεν
528 797 565 864 ἐν
596 800 730 883 χωρίοις
754 789 938 882 ἀγνώστοις
969 789 1166 884 ἀποληφθῄ,

84 923 87 928 ’
164 897 255 966 Βκαί
272 897 457 987 περαιτέρω
474 893 516 967 ου’
534 893 778 987 προεχώρησεν.
815 893 860 976 ώς
878 895 917 964 δέ
934 891 1167 986 ἀναχωροῦντι

196 999 252 1067 καὶ
269 999 440 1090 γενομένῳ
458 998 535 1088 περὶ
548 1003 754 1086 Καμπανίαν
771 990 788 1067 5
803 1003 985 1078 Λαουίνιος
1003 993 1166 1086 ἐπεφάνη,
1216 992 1217 996 “

195 1100 253 1168 καὶ
276 1096 313 1168 τὸ
337 1097 525 1188 στράτευμα
549 1098 655 1170 αὐτοῦ
673 1105 786 1192 πολλῷ
803 1107 921 1170 πλεῖον
937 1101 998 1171 του
1015 1097 1167 1189 πρόσθεν

195 1191 255 1290 ήν,
279 1197 385 1290 ὕδρας
409 1206 474 1290 ἔφη
501 1206 601 1289 δίκην
624 1197 664 1296 τά
687 1197 896 1291 στρατόπεδα
913 1205 981 1270 τών
995 1194 1164 1290 Ῥωμαίων
1178 1234 1203 1275 ιο

196 1299 385 1391 κοπτόμενα
414 1299 641 1392 ἀναφύεσθαι.
690 1304 747 1372 καὶ
777 1298 1060 1391 ἀντιπαρετάξατο
1090 1303 1164 1390 μέν,

195 1398 258 1474 οὐκ
282 1405 463 1494 ἐμαχέσατο
490 1407 545 1494 δέ,
577 1401 628 1474 ότι
645 1400 850 1492 ε’κέλευσεν,
879 1401 923 1484 ώς
945 1401 1166 1492 καταπλήξων

196 1503 261 1596 ’πρὸ
293 1509 352 1594 τῆς
383 1508 576 1594 συμπλοκῆς
600 1501 680 1587 τούς
706 1499 901 1594 Ῥωμαίους,
932 1505 1011 1586 τούς
1043 1507 1165 1578 ἑαυτοῦ

196 1603 397 1695 στρατιώτας
420 1606 479 1689 τός
504 1603 649 1689 ἀσπίδας
673 1622 743 1688 τοῖς
770 1603 889 1696 δόρασι
907 1605 1094 1696 πλήξαντας
1112 1609 1164 1676 ἐκ·

126 1738 129 1746 ⁴
195 1713 316 1796 βοήσαι
346 1710 403 1778 καὶ
439 1708 517 1791 τούς
547 1706 751 1797 σαλπιγκτὰς
781 1703 848 1778 καί
868 1707 947 1789 τούς
982 1709 1165 1796 ἐλέφαντας
1179 1739 1204 1781 ιε

196 1812 392 1899 συνηχῆσαι,
413 1813 484 1880 ἐπεὶ
499 1809 537 1880 δέ
554 1807 702 1882 κάκεῖνοι
715 1806 802 1881 πολι)
815 1817 928 1900 μεῖξον
941 1804 1164 1898 ἀντεβόησαν,

24 1979 29 1990 ,
197 1908 244 1993 ώς·
266 1913 472 2000 ἐκπλαγῆναι
503 1909 581 1994 τούς
604 1916 665 1982 τοῦ
689 1909 853 2002 Πύρρου,
880 1909 990 1982 οὐκέτ’
1019 1908 1167 2000 ήθέλησε

39 2043 41 2048 ’
163 2016 374 2102 Οσυμμίξαι,
398 2008 473 2083 ἀλλ’
499 2011 544 2096 ώς
568 2017 737 2104 δνσιερών
761 2010 959 2102 ἐπανήγαγε.
1007 2014 1063 2082 καὶ
1086 2009 1165 2102 ἀφί-
1207 2075 1208 2078 ,

195 2141 272 2184 κετο
291 2117 324 2196 ἐς
341 2111 503 2206 Τάραντα.
532 2121 620 2188 ἐυθα
637 2115 794 2207 πρέσβεις
810 2119 879 2184 τών
888 2113 1059 2202 Ῥωμαίων
1075 2111 1164 2202 ὑπὲρ

195 2221 264 2286 τών
281 2215 500 2306 αἰχμαλώτων
511 2213 678 2307 ’ἀφίκοντο
695 2212 791 2286 ἄλλοι
808 2243 844 2286 τε
861 2217 918 2285 καί
935 2213 954 2285 5
970 2219 1161 2304 Φαβρίκιος.
1176 2244 1204 2286 εο

196 2313 255 2400 οδς
279 2325 461 2407 φιλοτίμως
487 2319 611 2402 ἐξένισε
635 2319 691 2388 καί
710 2314 925 2407 ἐδεξιώσατο,
951 2321 1086 2396 ἐλπίσας
1105 2311 1165 2385 αὖ·
1267 2373 1272 2380 .

195 2418 273 2499 τοὺς
287 2424 494 2490 σπείσασθαι
511 2421 571 2503 καί
585 2417 767 2509 ὁμολογίαν
786 2417 830 2501 ώς
848 2413 1052 2508 ἡττημένους
1069 2415 1165 2506 ποιή-

197 2531 331 2590 σασθαι.
379 2527 441 2590 τοῦ
466 2519 503 2592 δὲ
530 2528 718 2610 Φαβρικίου
742 2519 819 2602 τούς
847 2517 1035 2601 ἑαλωκότας
1061 2521 1099 2590 ἐν
1124 2523 1165 2609 τῇ

1 2709 2 2716 ρ
196 2618 283 2710 μάχη
301 2627 506 2710 κομίσασθαι
530 2629 707 2705 αἰτοῦντος,
726 2624 781 2692 ἐπὶ
804 2620 934 2711 λύτροις
951 2635 1021 2703 τοῖς
1038 2617 1166 2710 ἀμφοῖν

1 2761 3 2768 >
77 2751 79 2756 ·
197 2724 438 2814 σνναρέσονσι,
471 2722 663 2814 διηπορήθη
693 2722 745 2795 ότι
772 2719 817 2814 μή
850 2725 907 2794 καί
929 2723 1007 2813 περὶ
1031 2721 1166 2813 εἰρήνης
1179 2750 1205 2794 ετ

139 2848 140 2856 “
173 2821 400 2914 πρεσβεύειν
426 2833 510 2914 ἔφη,
540 2827 597 2896 καί
627 2831 699 2918 ἰδίᾳ
728 2824 811 2916 μετὰ
839 2823 908 2896 τών
931 2831 1043 2914 φίλων
1067 2826 1165 2912 ἐβου-

149 2973 151 2977 -
197 2925 329 3015 λεόετο,
356 2925 401 3009 ώς
419 2925 551 3017 εἰώθει,
575 2929 653 3018 περὶ
675 2931 735 3015 τής
759 2931 828 2998 τών
846 2923 1064 3016 αἰχμαλώτων
1081 2922 1167 2996 ἀπο-

200 3026 324 3115 δόσεως
339 3031 489 3120 καὶπερὶ
506 3030 731 3119 τοῦττολέμου
748 3030 805 3100 καὶ
822 3027 912 3110 ὅπως
929 3031 1049 3100 τοῦτον
1066 3055 1169 3116 μετα-

196 3137 390 3220 χειρίσηται.
418 3125 512 3220 ὁμέν
526 3121 589 3202 οὖν
602 3137 726 3202 Μίλων
742 3129 826 3222 μήτε
842 3129 920 3212 τούς
938 3126 1168 3220 αἰχμαλώτους

195 3225 390 3300 ἀποδόσθαι
426 3229 508 3322 μήτε
538 3239 742 3304 σπείσασθαι
778 3229 1049 3320 σννεβοόλενεν,
1085 3225 1165 3300 ἀλλ’
1179 3259 1206 3299 ιο

161 3327 263 3420 Βήδη
286 3337 355 3402 τών
368 3329 538 3422 Ῥωμαίων
561 3329 756 3425 ἡττημένων
778 3335 835 3404 καὶ
856 3333 897 3404 τά
915 3329 1014 3404 λοιπά
1032 3333 1167 3426 πολέμῳ

199 3431 575 3526 προσκατεργάσασθαι,
599 3434 617 3506 5
643 3436 680 3506 δὲ
708 3437 829 3518 Κινέας
853 3432 1054 3524 τούναντίον
1077 3429 1171 3504 ἀπαν.
