2546 3822
330 217 401 270 ΜΒ.
420 219 480 272 xv.
501 177 687 273 cAPJxvn.
701 221 802 272 κιαι.
990 219 1051 283 377

82 361 139 430 καὶ
163 359 377 451 προθεμένου
403 357 533 446 βουλήν
556 360 633 450 περὶ
656 365 726 428 τῶν
744 358 825 448 μετά
845 359 1053 451 Βουλνάρων

83 467 242 534 σπονδῶν
260 462 316 530 καὶ
335 467 365 530 εί
382 459 444 551 χρή
464 463 622 530 ἐκδοῦναι
638 464 685 553 τῷ
698 461 848 554 Κροάμῳ
865 461 944 542 τοδς
964 465 1053 531 ἐκεί·

81 575 147 634 θεν
168 561 336 652 Ῥωμαίοις
354 561 668 650 προσπεφευγότας,
692 562 866 632 καὶτοῦτο
885 561 949 653 γάρ
968 562 1053 653 πρὸς

81 679 151 744 τοῖς
176 662 290 744 ἀλλοις
316 664 371 732 ἐπὶ
394 678 467 744 ταῖς
492 668 657 744 σπονδαῖς
682 662 782 751 ἐζήτει
798 659 815 732 6
834 661 1016 756 βάρβαρος,
1035 661 1052 732 6

54 765 144 854 τμὲν
171 763 374 855 πατριάρχης
398 765 456 832 καί
480 769 515 834 oc
537 762 701 854 ἀρχιερεῖς
725 764 975 852 συνεβούλευον
996 767 1155 834 ἐκ-ΡΙΙΙιῚ

81 871 228 954 δοθῆναι
251 865 331 946 τοδς
356 863 568 954 πρόσφυγας,
591 879 750 956 κρεῖσσον
775 872 946 955 κρίνοντες
965 849 1088 936 εἶναιΑ

81 977 208 1036 παθεῖν
235 973 392 1056 μετρίους
419 965 512 1046 τινάς
535 963 557 1054 ή
576 967 691 1055 πλήθη
710 963 851 1054 πάσχειν
869 965 1052 1057 ἀνάριθμα.

81 1072 115 1138 οί
139 1068 177 1138 δὲ
201 1069 279 1158 περὶ
305 1067 366 1136 τδν
389 1071 524 1154 βασιλέα
548 1069 604 1136 καλ
629 1065 646 1138 ὁ
667 1073 857 1156 Σιουδίτης
877 1067 1054 1160 Θεόδωρος

82 1168 143 1250 τάς
169 1167 316 1250 σπονδάς
341 1167 566 1259 ἀπηγόρευον,
593 1170 746 1256 λέγοντες
764 1167 809 1258 μή
828 1174 903 1240 δεῖν
922 1169 1053 1240 ἐκδιδό-

5 1347 9 1354 ,
37 1264 70 1334 ιο
83 1299 139 1340 ναι
162 1268 243 1350 τοδς
267 1269 478 1359 πρόσφυχας.
514 1274 551 1338 αί
573 1269 636 1358 μὲν
661 1260 725 1340 οὖν
744 1268 827 1360 πρὸς
845 1269 925 1351 τοδς
942 1279 1055 1342 Βουλ-

29 1447 35 1454 ,
81 1371 208 1462 γάρους
241 1373 387 1440 σπονδαὶ
418 1373 580 1440 ε’ντεῦθεν
611 1371 812 1440 κεκάλυυτο.
860 1363 905 1460 ήν
935 1371 1000 1463 γάρ
1034 1371 1052 1442 6

5 1509 9 1516 ·
83 1469 301 1561 αὐτοκράτωρ
325 1463 424 1552 οὗτος
448 1468 508 1540 τόν
532 1472 594 1560 μὲν
612 1472 739 1558 τρόπον
757 1470 900 1562 χρηστός
917 1475 975 1542 καὶ
992 1473 1054 1562 τήν

82 1580 196 1643 πίστιν
215 1570 331 1668 ὀρθός,
350 1573 427 1663 περὶ
446 1573 483 1642 δὲ
500 1572 705 1662 πραγμάτων
724 1579 921 1662 οἰκονομίαν
938 1575 1053 1664 νωθής

81 1675 138 1744 καὶ
162 1689 232 1756 τοῖς
256 1671 461 1763 ὑπερέχουσι
483 1677 553 1742 τάν
578 1670 753 1763 ἀρχόντων
778 1673 845 1764 ὅπη
872 1671 917 1743 ἀν
941 1675 1052 1762 ἀγοιτο

35 1797 68 1838 1⁵
86 1781 212 1869 ῥηιδίως
225 1775 401 1864 Ιἑπόμενος.
1116 1825 1118 1830 ,

159 1876 315 1965 Κομήτης
338 1875 380 1968 δὲ
404 1872 508 1965 ἀστήρ
529 1872 637 1963 ἐφάνη
654 1873 728 1945 τότε
746 1878 983 1965 σχηματισθείς
1002 1886 1050 1960 εἰς
1068 1889 1107 1952 18

82 1982 156 2065 είδη
194 1977 357 2068 διάφορα,
397 1969 446 2047 ιόν
481 1979 611 2064 λέγεται
647 1975 733 2046 εἶναι
768 1978 825 2046 καλ
864 1975 1051 2068 ἀνθρώπου

82 2084 192 2168 σχήμα
209 2079 310 2168 χωρὶς
329 2083 486 2166 κεφαλῆς.
523 2083 558 2146 οί
568 2076 758 2167 Βοάλχαροι
775 2079 887 2165 μέντοι
904 2085 962 2166 τῆς
977 2092 1053 2150 Με-

81 2187 246 2270 σημβρίας
275 2179 500 2268 κρατήσαντες
532 2176 640 2247 πολλά
672 2182 709 2246 ἐν
739 2177 844 2268 ταότη
878 2177 1087 2268 εδρήκαστ,Β

30 2311 66 2352 20
81 2279 163 2370 μετά
189 2286 257 2350 τῶν
282 2279 398 2349 ἀλλων
421 2280 460 2349 δὲ
482 2281 617 2350 καὶτοῦ
635 2276 746 2368 όγροῦ
765 2277 873 2368 πυρός
892 2277 956 2348 οὐκ
975 2281 1050 2350 ε’λά-

80 2403 206 2470 χιστον.
232 2381 453 2470 αἰχμαλώτων
468 2379 502 2449 δ’
523 2379 781 2450 ἐπανελθόντων
798 2384 912 2467 τινων,
930 2381 1054 2469 μαθιδν

81 2486 118 2552 ἐκ
142 2482 272 2552 τούτων
297 2480 314 2552 6
337 2479 499 2570 βασιλεδς
522 2480 707 2570 βούλεσθαι
730 2479 788 2551 τόν
806 2486 979 2572 Κροάμον·
992 2482 1054 2570 τήν

82 2583 220 2676 Θράκην
238 2589 432 2670 ληίσασθαι,
459 2585 580 2672 ἐξῆλθε
597 2588 656 2671 τής
675 2581 810 2664 πόλεως.
848 2581 931 2652 ὅθεν
949 2579 1054 2654 οὐδὲν

82 2677 132 2753 τόν
157 2685 293 2773 ἐμελέτα
318 2684 445 2774 δράσας
469 2683 487 2753 ὁ
511 2684 691 2774 βάρβαρος,
717 2681 804 2753 ἀλλά
828 2685 887 2754 καὶ
905 2685 1052 2766 πολλοδς

19 2815 64 2860 ,25
80 2791 151 2854 τάν
169 2792 304 2856 οἰκείων
322 2783 503 2872 ἀποβαλων
526 2784 753 2872 ἀπενόστησε·
785 2786 842 2853 καὶ
860 2782 878 2854 6
895 2785 1052 2872 βασιλεύς

79 2885 140 2967 τάς
161 2884 343 2976 Ῥωμαϊκάς
369 2885 527 2974 δυνάμεις
550 2883 721 2954 πάντοθεν
748 2892 978 2976 συναθροίσας
1005 2893 1052 2967 είς

1 3022 3 3024 ’
81 2987 223 3078 Θράκην
246 2979 347 3067 αὖθις
373 2991 512 3075 ἐξήλθε,
537 2987 768 3074 συνεπομένης
792 2981 886 3078 αὐτῷ
911 2987 969 3056 καί
993 2993 1052 3075 τής

76 3087 284 3176 Αάχοάστας
311 3087 389 3182 άχρι
414 3086 683 3158 τῶνΚιδόκτου.
728 3085 812 3157 ὅθεν
839 3091 1052 3178 δυσχεράναν

76 3188 117 3260 τδ
138 3188 375 3280 στρατιωτικόν
394 3192 594 3280 ἐλοιδορεῖτο
611 3193 659 3280 τῷ
678 3185 912 3279 αὐτοκράτορι,
943 3186 1053 3277 εἷταή

18 3324 65 3367 30
79 3290 145 3381 μὲν
169 3289 352 3378 Αόνονστα
376 3289 646 3378 ἐπανελήλυθεν,
671 3287 688 3358 6
713 3289 752 3358 δὲ
776 3288 914 3378 Μιχαήλ
939 3314 1052 3380 περιε-

78 3389 176 3462 πόλει
192 3391 254 3480 τήν
273 3391 422 3483 Θρᾴκην,
441 3393 547 3480 μηδέν
564 3419 595 3460 τι
619 3389 774 3479 πράττων
794 3389 1052 3480 στρατηγικδνή

78 3521 112 3562 τι
128 3493 211 3562 κατά
229 3499 298 3562 τῶν
313 3496 476 3563 ἐναντίων
490 3491 785 3582 οίκονομοάμενος·
804 3493 860 3561 καί
877 3485 965 3581 ήσαυ
981 3507 1087 3575 τοῖςο
