2546 3822
218 189 282 252 326
509 191 580 240 μιν.
600 191 675 248 x1v;
694 191 772 241 σει).
793 191 891 242 xx1v.

217 338 302 400 νίων
327 333 528 420 προέχοντας
551 335 676 413 ζῶντας
699 330 892 398 κατέκαυσε.
927 329 1002 398 τότε
1027 331 1083 397 καὶ
1102 328 1195 398 κατά

216 438 435 526 τῆςΚιλικίας
446 428 625 518 Ἀγαρηνοί
642 429 919 516 ἐπεστράτευσαν,
933 425 984 511 οἷς
1003 430 1194 519 συμβαλών

218 531 235 601 ὁ
255 538 316 601 τοῦ
334 533 496 620 βασιλέως
514 526 669 620 ὁμαίμων
683 525 873 620 Ἡράκλειος
890 529 971 612 τοάς
987 532 1051 620 μὲν
1069 538 1194 600 πλείο-

216 661 278 714 νας
295 643 461 723 μαχαίρας
480 638 581 721 ἔργον
598 631 789 722 εἰργάσατο,
814 631 893 712 τούς
911 632 949 701 δὲ
967 630 1105 712 λοιπούς
1123 640 1193 716 ζω-

217 734 344 822 γρήσας
367 740 526 822 δεσμίους
553 734 600 826 τῷ
619 739 799 822 κρατοῦντι
817 734 989 821 ἐξέπεμψε.
1026 741 1224 804 Φιλιππι-ε

216 834 279 904 κόν
298 835 336 904 δὲ
361 835 421 904 τόν
443 833 523 904 υίόν
546 840 607 904 τοῦ
624 841 802 923 πατρικίου
821 833 1020 923 Νικηφόρον
1038 841 1195 921 βασιλει-

219 942 320 1024 ῶντα,
339 936 390 1005 ότι
408 934 482 1004 κατ’
502 935 587 1022 όναρ
606 940 698 1018 ἔδοξε
715 935 777 1020 τὴν
795 932 902 1004 αὐτοῦ
920 929 1072 1023 κεφαλὴν
1090 935 1195 1004 σκιά-

103 1083 106 1088 ,
218 1046 332 1120 ζεσθαι
376 1030 444 1106 άπδ
486 1034 608 1123 άετοό,
654 1043 701 1117 είς
736 1043 977 1124 Κεφαλληνίαν
1021 1035 1194 1124 ἐξώρισεν.
1265 1049 1269 1058 ’

214 1135 450 1218 Ἰουστινιανδς
475 1137 513 1207 δέ
539 1141 574 1207 έν
602 1143 772 1227 Χερσώνι,
798 1131 845 1216 ὥς
869 1148 1012 1226 είρηται,
1039 1163 1195 1226 περιορι-

183 1246 329 1325 Βσδείς,
355 1237 512 1328 ἠδυνήθη
537 1244 714 1326 διαδράναι
738 1234 870 1307 ἐκεῖθεν
887 1239 944 1306 καὶ
960 1244 1008 1330 τῷ
1028 1238 1197 1326 Χαζάρων
1210 1269 1236 1308 ιο

208 1339 355 1433 άρχηγςό
376 1340 522 1433 Χαγάνφ
548 1349 752 1428 προσελθεῖν
770 1339 826 1408 καὶ
845 1341 977 1427 δεχθεὶς
995 1337 1078 1426 παρ’
1100 1341 1196 1409 ἐκεί-

218 1469 281 1511 νου
294 1441 535 1530 ,φιλοτιμότατα
552 1440 614 1529 τὴν
632 1437 787 1529 άδελφην
805 1437 912 1509 αὐτοῦ
931 1448 1034 1529 ἔγημε
1053 1435 1195 1510 Θεοδό-

219 1570 301 1630 ραν,
332 1545 388 1612 καὶ
419 1538 492 1632 μετ’
520 1540 638 1629 ὀλίγον
663 1545 795 1611 ἐκεῖθεν
819 1539 980 1610 άπελθών
1006 1547 1052 1621 είς
1084 1540 1222 1630 άλλην1

219 1643 336 1733 χάραν
365 1643 448 1733 μετά
478 1649 538 1731 τῆς
570 1641 677 1712 αὐτοῦ
708 1644 849 1730 διέτριβε
879 1642 1050 1729 γυναικός,
1082 1643 1142 1710 καί
1174 1637 1195 1711 ὁ

217 1743 403 1834 Ἀψίμαρος
427 1746 629 1832 διεπέμψατο
653 1743 738 1833 πρός
763 1742 823 1812 τόν
842 1743 1013 1830 Χαγάνον,
1038 1743 1195 1832 χρήματα
1210 1772 1237 1812 τε

116 1843 355 1914 σΙΙΙνδδόσειν
373 1843 462 1938 αὐτῷ
476 1844 583 1914 πολλά
601 1843 881 1934 ὑπισχνούμενος,
900 1851 932 1913 εί
948 1852 1104 1914 στείλειεν
1122 1841 1195 1914 αά-

216 1950 263 2038 τῷ
281 1945 344 2033 τὴν
361 1951 422 2015 τοῦ
438 1941 683 2017 Ἰονστινιανοῦ
701 1945 859 2034 κεφαλήν.
885 1947 940 2014 καί
958 1943 996 2028 ὃς
1014 1945 1190 2032 συνέθετο,

217 2048 275 2117 καὶ
307 2047 370 2117 δόο
401 2047 494 2129 τινάς
524 2054 593 2117 τῶν
624 2046 842 2141 μ’κειωμέυων
872 2045 965 2138 αὐτῷ
996 2052 1120 2124 στείλας
1153 2047 1195 2115 ἐν

218 2148 420 2239 ἀπορρήτοις
440 2154 623 2220 ἐνετείλατο
648 2148 708 2219 τόν
731 2146 970 2219 Ἰουστινιανόν
995 2145 1145 2241 άνελεῑν·
1175 2145 1196 2217 ὃ

219 2249 274 2319 διά
293 2251 422 2322 δούλου
439 2258 599 2342 μαθοῦσα
618 2249 638 2339 ἡ
654 2249 815 2336 Θεοδάρα
827 2256 874 2341 τῷ
888 2247 990 2339 άνδρὶ
1003 2250 1195 2336 καταγγέλ-
1209 2278 1236 2317 ευ

218 2361 278 2422 λει.
297 2347 369 2423 όδὲ
382 2351 466 2434 τοός
482 2354 705 2434 ένταλδέντας
723 2349 828 2421 αὐτόν
841 2348 975 2420 άνελεῖν
995 2357 1067 2441 ίδίηι
1085 2370 1198 2439 προσ-

193 2453 450 2552 Οκαλεσάμευος
468 2457 608 2522 ἕκαστον
630 2451 760 2544 άγχόνη
780 2459 944 2542 στερίσκει
966 2457 1028 2522 τοῦ
1046 2457 1120 2540 ζῆν,
1139 2454 1202 2521 καὶ
1268 2533 1269 2544 ,

218 2551 280 2639 τὴν
303 2553 366 2640 μὲν
385 2553 566 2642 Θεοδάραν
591 2559 639 2635 είς
665 2563 834 2642 Χαζαρίαν
860 2555 1062 2644 ἐξέπεμψεν,
1090 2551 1206 2636 αὐτός

220 2653 258 2722 δὲ
277 2661 324 2733 είς
343 2651 465 2723 άλιάδα
486 2653 675 2744 έμβεβηκεός
695 2654 899 2742 άπίπλενσε,
924 2655 1008 2746 πρός
1031 2657 1208 2744 Τέρβελιν
1266 2731 1267 2744 ,

221 2752 334 2826 άπιοόν
351 2754 412 2826 τόν
431 2763 501 2827 τῶν
518 2756 727 2852 Βονλγάρων
746 2757 936 2846 ἐξάρχοντα.
960 2753 1141 2838 κλύδωνος
1161 2758 1208 2828 δὲ
1221 2784 1246 2825 τε

220 2856 371 2948 μεγάλου
389 2858 626 2948 κατειληφότος
650 2856 757 2928 αὐτόν
776 2862 813 2928 έν
830 2864 877 2951 τῷ
896 2858 1023 2946 πλέειν,
1041 2865 1210 2928 καταδῦ-

219 2987 275 3027 ναι
292 2957 329 3028 τδ
349 2958 521 3047 πλοιάριον
541 2959 768 3030 ἐκινδύνευσε.
805 2965 874 3028 τεόν
892 2959 931 3029 δὲ
949 2959 1212 3048 συμπλεόντων

221 3062 485 3146 ἐπαγγείλασθαι
508 3067 555 3154 τςό
578 3067 650 3152 θεῷ
681 3059 986 3149 συμβουλευόντων
1016 3057 1137 3153 αὐτῷ,
1176 3070 1215 3133 εί

220 3274 290 3337 τοῖς
314 3261 389 3330 κατ’
409 3261 517 3332 αὐτοῦ
537 3265 728 3351 γενομένοις
752 3265 955 3350 ἐπενεγκεῖν,
981 3265 1125 3351 ἐκεῖνος,
1147 3260 1215 3336 “el

220 3364 377 3446 φείσομαι
405 3360 558 3432 τούτων’
590 3370 654 3452 ἔφη
682 3358 811 3450 “τινός,
843 3362 965 3434 αὐτίκα
989 3391 1214 3438 καταποντι-

222 3462 343 3540 σδείην
367 3459 457 3528 ὦδί.”
495 3463 695 3551 περισωθείς
719 3457 784 3533 οὖν
807 3465 863 3533 καὶ
880 3471 929 3557 τῷ
946 3470 1016 3535 τῶν
1032 3469 1213 3556 Βουλγά-
