2546 3822
229 130 292 196 382
549 132 622 184 Lm.
642 132 701 182 xv.
721 129 801 182 σεο.
819 128 894 182 mx.

228 273 344 362 μα’χοις
362 271 556 360 αλρεσιιόπῆς
575 271 758 360 ἐτύγχανεν
777 266 835 340 ῶν.
868 268 957 362 δόλῳ
973 274 1092 339 τοίνυν
1112 271 1211 338 ἐκεῖ·

228 400 286 454 νος
310 371 371 442 τόν
396 374 526 443 Λέοντα
549 374 688 461 μέτεισι,
719 379 779 440 καί
806 399 882 440 τινα
909 369 1059 460 μοναχὸν
1091 371 1208 462 ἑαυτῷ

228 473 406 563 γινώσκων
429 471 613 563 ὁμόδοξον,
638 472 747 566 τούτῳ
773 471 1000 566 συνεβούλευε
1028 468 1207 542 κοινῶσα-

229 586 312 646 σθαι
327 575 390 663 τῆν
407 573 589 663 ὑπόθεσιν,
608 575 665 644 καὶ
682 571 760 644 δῶν
774 575 902 656 ἐκεῖνος
915 570 1099 662 ὑπόθηται,
1118 579 1206 643 τοῦ·

228 703 265 747 το
289 683 440 764 ποιῆσαι·
476 673 561 746 εἶναι
584 674 651 766 γὰρ
674 673 736 745 τόν
761 673 871 764 ἄνδρα
899 672 1025 763 μεστόν
1052 681 1233 763 χαρίτωυι

228 783 465 866 πνευματικῶν
489 778 546 846 καὶ
570 782 769 867 προορῶντα
792 774 833 846 τοὶ
858 778 1022 865 μέλλοντα
1038 777 1099 846 καὶ
1116 801 1208 866 προ-

229 881 380 966 λέγοντα.
417 877 462 960 ῶς
479 871 544 948 οὖν
563 877 633 954 εἶδε
649 877 711 950 τόν
724 878 855 949 Λέοντα
871 878 1011 965 βασιλέα
1028 879 1208 966 συνθέμε-

228 1008 291 1050 νον
313 995 384 1062 τοῑς
408 980 521 1068 λόγοις
545 978 666 1068 αύτοῠ,
691 977 804 1050 ἄπεισι
826 978 911 1070 πρὸς
934 977 995 1050 τόν
1011 977 1169 1066 μοναχὸν
1188 976 1208 1048 6

126 1080 408 1168 ΡΠΙθΟΘεόδοτος,
426 1082 483 1150 καὶ
501 1081 656 1171 προλέγει
673 1077 767 1174 αύτῷ
784 1079 849 1168 τῆν
867 1078 913 1162 ῶς
931 1075 1038 1150 αύτόν
1054 1085 1120 1150 τού
1137 1085 1208 1167 βα-

194 1161 420 1262 Ασιλεύοντος
444 1185 481 1252 έν
506 1181 642 1254 ἰδιώτου
661 1181 801 1272 σχῆματι
817 1178 941 1270 ἄφιξιν,
965 1181 1021 1250 καὶ
1038 1179 1123 1250 ὅπου
1141 1181 1208 1270 χύ-
1221 1205 1244 1245 ιο

230 1311 283 1372 ριν
301 1281 483 1371 ἐλεύσεται,
501 1285 558 1352 καὶ
575 1299 793 1372 μυσταγωγεῖ
815 1288 937 1354 τούτου
955 1281 1019 1353 ὅσα
1036 1287 1085 1374 τῷ
1103 1289 1207 1370 βασι-

229 1393 284 1454 λεῖ
298 1386 490 1468 διαλέξεται.
518 1383 589 1454 εἶτα
606 1383 731 1468 νυκτός
749 1383 881 1456 ἄπεισιν
898 1381 916 1454 6
934 1381 1098 1471 βασιλεύς
1117 1385 1209 1475 πρός

228 1485 289 1556 τόν
311 1485 462 1574 μοναχόν
487 1485 812 1575 μεταμφιασόμενος,
834 1490 893 1555 ἵνα
909 1483 955 1574 μῆ
974 1489 1209 1576 διαγνωσθείη

230 1584 278 1658 ῶν
296 1586 468 1676 βασιλεύς·
498 1592 679 1677 συμπαρῆν
697 1589 739 1656 δέ
753 1592 788 1656 οἱ
803 1587 860 1656 καὶ
878 1585 896 1655 6
916 1585 1090 1668 Θεόδοτος.
1128 1585 1148 1656 6
1168 1588 1207 1658 δὲ

228 1686 374 1778 μοναχὸς
388 1689 526 1776 ἐκεῖνος,
540 1683 595 1758 οἷα
608 1691 716 1776 δῆθεν
729 1689 939 1779 προμνῆθελς
958 1689 995 1756 ἐκ
1011 1693 1074 1758 τού
1093 1689 1204 1760 πνεύ-
1220 1707 1240 1750 ὓ

228 1816 330 1878 ματος
360 1789 398 1860 ιδ
429 1789 677 1878 πλαττόμενον,
709 1787 754 1870 ῶς
784 1790 923 1877 βασιλέα
953 1803 1119 1878 προσεῖπε
1143 1790 1208 1860 τόν

228 1890 378 1976 Λέοντα,
415 1890 472 1958 καὶ
497 1887 564 1979 “μῆ
596 1889 721 1979 κρύπτε
750 1887 839 1960 σου”
867 1896 955 1980 φησί
978 1884 1040 1960 “vd
1070 1889 1206 1980 ἀξίωμα

228 1988 308 2080 μηδ’
335 1988 468 2061 ἀπατᾶν
491 1993 573 2062 θέλε
596 1989 659 2080 τῆν
681 1989 778 2080 ἡμῶν
801 1986 1021 2080 ον’θενότητα.
1066 2002 1144 2064 λ’σθι
1166 1993 1205 2062 δὲ

228 2092 273 2183 μῆ
292 2093 370 2183 περὶ
388 2090 426 2164 τό
445 2094 544 2181 σέβας
562 2089 677 2184 ὀρθῶς
696 2098 914 2181 διακείμενος,
941 2091 1020 2164 ἄλλ’
1040 2091 1204 2184 ἄντικρυς

229 2199 485 2286 εἰδωλολατρῶν
509 2195 566 2264 καὶ
590 2189 693 2276 αύτὸς
717 2195 775 2264 καὶ
799 2193 891 2263 ἅπαν
914 2215 966 2264 σοι
982 2193 1019 2264 τό
1036 2192 1236 2283 ύπῆιιοον.υ

193 2302 262 2374 Βεί
283 2296 346 2384 μὲν
369 2289 432 2366 οὖν
455 2295 676 2386 περιαιρήσεις
699 2293 741 2364 τό
765 2299 890 2366 εἴδωλα
914 2301 984 2365 τῶν
1003 2297 1203 2385 ἐκκλησιῶν,

230 2403 321 2466 ἔσται
344 2416 396 2467 σοι
423 2399 480 2467 καὶ
504 2395 525 2486 ῆ
544 2395 607 2485 ζῶῆ
626 2397 682 2466 καὶ
700 2394 721 2486 ῆ
738 2403 890 2484 βασιλεία
907 2397 1072 2486 πολυετῆς
1091 2399 1204 2468 τεκαὶ

229 2495 389 2584 εὐτυχής·
425 2504 459 2567 εἰ
478 2498 518 2566 δὲ
540 2497 586 2586 μῆ
610 2505 723 2585 τούτο,
746 2495 821 2568 ἄλλ’
847 2503 954 2582 έλπιζε
978 2513 1119 2588 ταχεῖαν
1140 2498 1204 2586 τῆν

229 2599 385 2687 στέρησιν
409 2599 466 2666 καὶ
492 2595 639 2688 ἀμφοῖν,
662 2599 719 2670 καὶ
744 2597 829 2689 πρός
852 2598 959 2689 ταύτῃ
988 2619 1025 2670 σε
1048 2599 1204 2681 κολάσεις

228 2698 358 2769 αἰῶνιοι
375 2694 610 2784 διαδέξονται.”
647 2700 703 2770 καὶ
720 2697 738 2769 6
756 2699 820 2789 μὲν
846 2711 958 2791 εἴρηκε
974 2706 1092 2770 ταῦτα.
1127 2699 1147 2771 6
1165 2701 1235 2770 66¹⁵

228 2802 327 2874 Λέων
349 2798 531 2892 θαυμάσας
557 2800 616 2872 τόν
639 2800 788 2890 μοναχόν
817 2808 879 2890 τῆς
909 2807 1018 2890 δῆθεν
1044 2802 1203 2890 προγνῶ-

229 2925 324 2990 σεεος,
343 2900 425 2974 ούδὲ
442 2903 508 2991 γὰρ
526 2909 613 2990 ἔγνω
630 2908 693 2974 τού
708 2901 876 2974 Θεοδότου
894 2900 931 2973 τὸ
949 2901 1112 2993 τύρευμα,
1130 2901 1203 2992 ῆλω

228 3019 297 3086 τοῖς
317 3006 449 3074 ἐκείνου
473 3005 585 3092 λόγοις
610 3003 769 3074 καὶκατὰ
787 3010 856 3074 τῶν
873 3011 980 3076 θείαν
998 3004 1201 3094 έκτυπομύ-

228 3133 296 3176 ιων
314 3105 527 3196 σφοδρότατα
545 3111 701 3194 ἔπνευσε,
720 3105 859 3196 δόγματι
876 3105 1007 3176 τούτων
1024 3105 1201 3177 πάντοθεν

227 3213 429 3296 καθαίρεσιν
452 3207 775 3297 καταψηφισάμενος.
810 3207 914 3296 ῆθελε
932 3208 1047 3298 μέντοι
1062 3207 1200 3278 καὶτὸν
1211 3233 1233 3276 ει

228 3308 435 3398 πατριάρχην
465 3316 552 3398 ἔχειν
582 3307 772 3398 ὁμόψηφον.
813 3306 832 3379 6
864 3309 903 3380 δέ
932 3309 989 3378 καὶ
1019 3306 1201 3396 ἀντέλεγεν

230 3411 392 3496 ἰσχυρῶς,
418 3411 475 3478 καὶ
497 3409 615 3498 ἀσεβές
639 3411 792 3500 έξῆλεγχε
815 3410 853 3480 τό
880 3410 988 3500 δόγμα
1014 3411 1069 3480 καὶ
1087 3410 1200 3498 λόγοις
