2562 3814
86 285 93 292 .
193 225 254 292 166
496 223 856 281 L1B.v11.cA1³.xxV1‘

188 363 256 437 ἀλλ’
278 362 314 448 ῦς
331 360 374 438 ἀν
391 374 519 458 μᾶλλον
536 364 657 438 ἑαυτὸν
672 369 790 462 έπιδςῦ·
809 367 866 436 καλ
879 365 969 457 παρά
982 382 1051 448 τοῖς
1064 364 1157 455 πράέ
1259 450 1263 456 ¹

103 543 110 549 ,
188 497 256 550 τοις
280 471 341 539 τοῦ
363 471 591 558 στρατοπέδω
621 465 942 558 έδικαιολοχῆσαντο.
984 470 1041 538 καλ
1064 470 1157 551 τέλος

188 568 288 660 ῆρεσε
314 577 411 660 σφίσι
434 569 493 641 τὸν
515 571 577 660 μέν
601 572 656 640 έπλ
681 573 741 641 τοῦ
765 575 877 654 δεξιοῦ
879 571 1028 696 Ηκέρως,
1040 568 1101 642 τὸν
1118 572 1157 641 δλ

190 674 244 743 έπλ
261 699 322 744 του
308 676 439 742 λαιοῦ
455 669 727 798 παρατάξασθαι,
750 669 839 744 καὶ*
824 669 986 763 οπότερον
1007 668 1052 742 ἀν
1070 675 1157 743 έκεί-

195 802 265 846 νων
284 772 518 865 έλαττωθῆ,
485 803 544 845 τον
563 771 611 844 ἐπ’
626 771 717 868 αύτῳ
704 775 937 864 τεταγμένον
954 772 1154 845 ἀποθανεῖν.
1169 803 1182 843 5

85 852 194 970 WHB⁹
195 875 341 965 τοσαύτη
364 866 437 946 δ’
417 903 461 965 ην
483 881 653 966 φιλοτιμία
676 871 790 956 αύτοϊς
814 875 953 966 περὶ
915 905 978 964 την
1003 881 1157 947 ἐπίδοσιν

190 977 234 1060 ὥς
267 974 427 1068 εῦχεσθαι
457 981 599 1048 ἕκαστον
621 981 690 1048 των
711 975 850 1048 ῦπάτων
873 975 1115 1100 ῆιτηθῆναι,”
1099 1007 1156 1048 ινα

187 1077 271 1171 τύχη
294 1083 352 1169 τῆς
377 1078 557 1161 ἐπιδόσεως
580 1081 635 1149 καὶ
660 1082 718 1167 τῆς
744 1074 897 1162 εῦκλείας
914 1083 972 1168 τῆς
992 1083 1024 1163 έξ
1043 1077 1155 1169 αῦτῆς.

188 1178 417 1271 συμβαλόντες
437 1182 473 1250 δὲ
491 1197 559 1263 τοῖς
577 1187 664 1252 Λατί
663 1209 734 1262 νοις
751 1182 847 1270 μέχρι
864 1181 927 1272 μέν
945 1185 1069 1252 πολλοῦ
1088 1188 1156 1253 ίσο-

187 1286 300 1364 παλῦς
322 1279 550 1371 ῆχωνίσαντο,
575 1281 646 1352 εἶτα
669 1281 705 1354 τὸ
729 1282 811 1354 κατά
835 1283 894 1354 τὸν
911 1284 1036 1354 Δέκιον
1058 1285 1156 1373 κέρας
1170 1311 1195 1348 10

186 1382 308 1474 μικρόν
324 1412 356 1453 τι
373 1399 442 1465 τοῖς
455 1389 613 1466 Λατίνοις
632 1386 811 1456 ἐνέκλινεν.
847 1380 867 1454 ῦ
883 1384 984 1472 χνοῦς
1002 1383 1019 1454 ὁ
1038 1389 1157 1466 Δέκιος

187 1482 308 1556 ἑαυτὸν
328 1487 525 1556 ἐπιδέδωκε·
561 1488 617 1555 καὶ
639 1483 680 1556 τά
703 1483 790 1556 ῦπλα
815 1485 914 1566 ἐκδύς
943 1485 1005 1574 τῆν
1031 1490 1157 1575 ἐσθῆτα

188 1588 287 1658 ένέδυ
305 1584 367 1676 τῆν
385 1584 648 1678 περιπόρφυρον.
674 1589 729 1657 καλ
747 1591 781 1658 oc
795 1587 858 1678 μὲν
875 1585 961 1658 οὕτω
979 1590 1086 1677 φασίν
1105 1584 1155 1677 ἐφ’

187 1691 292 1760 ἵππον
322 1685 538 1777 ἀναπηδῆσαι
568 1685 671 1759 αῦτῦν
695 1691 751 1759 καὶ
779 1687 949 1760 είσελάσαι
972 1689 1054 1780 πρὸς
1077 1687 1156 1772 τούς

187 1797 366 1879 πολεμίους
385 1793 440 1860 καλ
457 1786 512 1860 ὑπ’
533 1795 672 1862 ἐκείνων
690 1789 890 1878 ἀποθανελν,
908 1796 943 1861 ολ
959 1791 997 1861 δέ
1013 1789 1078 1883 ὑπὸ
1095 1812 1154 1860 συ·
1170 1815 1195 1856 ιε

186 1889 389 1981 στρατιύτου
414 1895 587 1975 πολιτικοῦ
611 1895 791 1982 σφαγῆναι.
833 1895 913 1974 τέως
944 1894 981 1962 δὲ
1004 1889 1156 1980 τελευτῆ·

153 2003 307 2074 ὕσαντος
331 1997 392 2063 τοῦ
414 2001 542 2064 Δεκίου
565 2008 633 2076 τοῖς
652 1992 821 2084 Ῥωμαίοις
847 1991 868 2083 ἡ
891 2002 969 2082 νίκη
998 2001 1156 2084 καθαράς

186 2097 396 2186 συνηνέχθη,
423 2097 478 2164 καλ
502 2099 537 2165 oc
557 2105 696 2166 Λατῖνοι
723 2093 845 2177 πάντες
874 2094 1080 2185 ἐτράπησαν,
1112 2094 1154 2166 οῦ

186 2195 319 2278 πάντως
345 2197 382 2267 δέ
407 2196 463 2266 διά
486 2196 545 2268 τὸν
569 2196 720 2268 θάνατον
741 2202 801 2268 τοῦ
818 2203 960 2268 Δεκίου·
996 2201 1065 2278 πῶς
1089 2193 1153 2286 γάρ

186 2294 230 2368 ἀν
247 2327 296 2380 τις
314 2297 524 2370 πιστεύσειεν
543 2301 575 2382 έξ
595 2296 671 2381 ἑνδς
694 2296 817 2388 ἀνδρὸς
840 2301 974 2369 τοιάσδε
998 2303 1153 2388 τελευτῆς
1166 2324 1194 2364 νο

185 2403 347 2469 τοσοῦτον
364 2401 494 2486 πλῆθος
512 2395 705 2488 ἀνθρώπων
723 2399 759 2469 τδ
772 2401 835 2490 μέν
852 2405 1042 2492 φθαρῆναι,
1060 2397 1097 2470 τῦ
1115 2400 1154 2470 δὲ

187 2504 341 2588 σωθῆναι
359 2502 415 2569 καλ
433 2503 566 2590 νικῆσαι
583 2506 793 2591 περιφανῦς;
813 2508 848 2572 ολ
862 2503 924 2592 μέν
937 2493 1001 2571 οῦν
1014 2513 1154 2572 Λατῖνοι

186 2596 291 2682 οὕτως
314 2595 471 2691 ῆττηντο,
496 2605 514 2672 ὁ
541 2606 582 2672 δέ
602 2631 641 2691 γε
664 2602 893 2692 Τουρκουάτος
917 2606 972 2674 καὶ
996 2602 1055 2674 τὸν
1077 2603 1155 2673 υλὸν

186 2699 384 2784 ἀποκτείνας
398 2706 527 2775 καὶτοῦ
540 2701 764 2796 συνάρχοντος
776 2701 976 2794 τεθνηκότος
987 2702 1155 2796 έάρτασεν

186 2799 275 2893 ὅμως
291 2802 331 2874 τά
351 2808 506 2876 ἐπινίκια.
1166 2831 1194 2871 ²⁶

261 2903 330 2978 Εἶτ’
351 2896 455 2988 αῦθις
473 2902 594 2989 αύτούς
611 2935 647 2978 τε
663 2907 742 2990 τοῦς
761 2915 930 2988 Λατίνους
948 2906 1153 2979 ἐπαναστάν-

183 3035 242 3089 τας
259 3011 542 3135 κατεπολέμησαν,
560 3012 617 3080 καλ
633 3013 730 3098 ἕτερα
743 3017 829 3099 έθνη
842 3007 962 3100 μάχαις
975 3009 1153 3098 ὑπέταξαν,

185 3110 265 3179 ποτέ
282 3107 379 3196 μέν
360 3107 499 3192 υπάτοις
516 3113 732 3202 κεχρημένοι,
757 3113 836 3182 ποτέ
859 3113 897 3182 δέ
922 3109 1152 3202 δικτάτωρσιν.

150 3220 177 3271 D
187 3199 236 3280 ύν
254 3201 340 3290 εἷς
318 3239 362 3298 ην
379 3213 435 3282 καλ
443 3210 589 3295 Δουκιος
597 3212 808 3338 Παπείριος
793 3241 811 3284 ο
825 3216 881 3284 καλ
896 3210 1093 3304 Κούρσωρ’
1078 3241 1154 3284 ονο·

185 3307 365 3400 μαξάμενος
384 3311 441 3383 διά
458 3340 494 3384 τε
510 3314 572 3434 τῆν
589 3305 710 3403 ἕξιν,
688 3343 732 3404 ην
744 3312 807 3439 γάρ
823 3312 1077 3405 δρομικωτατος,
1096 3317 1153 3391 καὶ
1167 3337 1193 3378 εο

186 3409 296 3481 διά
259 3441 321 3501 την
334 3412 477 3503 ἀσκησιν
489 3443 549 3485 τον
538 3415 699 3506 δρόμου.
724 3441 806 3507 μετα
793 3416 859 3486 δέ
871 3421 975 3486 ταῦτα
989 3413 1154 3508 δικτάτωρ

183 3510 394 3604 ὁΠαπείριος
403 3517 455 3584 ἐπὶ
464 3514 717 3600 τοῦςΣαυνίτας
725 3521 917 3609 ἐξεπέμφθη
929 3513 1154 3609 μετάΦαβίου
1269 3559 1271 3564 ·
