2546 3822
361 154 432 204 τεο.
454 119 525 204 ειν.
546 152 624 202 off.
643 153 741 205 xxlv.
762 152 847 202 xxv.
1024 151 1086 214 327

15 287 16 292 ἵ
119 319 189 382 ρων
208 290 343 380 ἄρχοντι
356 290 555 378 προσελθων
570 292 627 358 καὶ
640 299 778 362 πλείστα
792 291 986 382 παρασχόν,
1001 289 1088 360 ἀλλα

117 397 231 482 μέντοι
252 393 309 461 καὶ
333 395 490 482 παρέχειν
515 391 805 480 ἐπαγγειλάμενος,
830 398 862 460 εί
878 390 958 482 παρ’
979 390 1121 464 αότοῦΙ)

118 501 300 582 καταχθείη
325 491 409 582 πρός
432 492 496 581 τήν
520 491 726 582 προγονικὴν
743 499 927 580 βασιλείαν,
951 494 1008 561 καὶ
1024 493 1088 580 τήν

117 596 291 683 θυγατέρα
309 593 402 686 αύτῷ
421 597 574 678 συζεῦξαι
587 593 898 684 καθυποσχόμενος,
914 593 981 664 σόν
1000 595 1087 664 ἐκεί-

10 779 11 782 ,
91 719 167 788 ενςο
185 695 267 784 μετά
290 702 495 785 βαρβαρικῆς
518 702 655 786 βαρείας
680 693 854 784 δυνάμεως
885 693 948 782 τήν
979 693 1087 783 ύπερ-

118 797 274 885 κειμένην
298 796 488 885 κατειλήφει
509 803 579 866 τόν
602 795 735 866 πόλεων
758 797 815 864 καὶ
841 794 906 885 πρὸ
931 802 1001 865 τῦν
1018 823 1087 865 τει-

119 902 190 986 χῦν
214 897 582 994 στρατοπεδευσόμενος
607 895 807 988 ἀπεπειρᾶτο
831 903 900 966 τῦν
926 903 1086 984 πολιτῶν,

117 995 237 1078 αότοῖς
265 1002 300 1067 ἐκ
325 1005 388 1070 τοῦ
406 1007 537 1087 τείχους
555 999 808 1086 προκόπτουσιν
826 992 961 1087 ὁμιλῶν.
997 1003 1033 1068 οί
1048 999 1088 1068 δὲ

8 1117 10 1124 ’
118 1097 160 1170 ού
179 1099 284 1187 μόνον
310 1097 417 1169 αότδν
439 1099 480 1168 ού
505 1106 694 1190 προσίεντο,
714 1095 800 1168 ἀλλά
818 1100 874 1168 καὶ
891 1099 1005 1188 ῦβρεις
1023 1097 1086 1168 αό-
1131 1123 1134 1131 ’

80 1229 107 1268 ιο
119 1207 181 1270 τοῦ
198 1202 356 1289 κατέχεον
373 1209 585 1290 πλημμελελς.
619 1193 823 1280 νυκτὸςοῦν
842 1199 897 1268 διά
915 1206 977 1270 τοῦ
995 1197 1088 1287 ἀγω-

119 1307 184 1388 γοῦ
203 1301 318 1382 είσδός
338 1301 432 1383 ἕντδς
446 1300 552 1372 ἀνέδυ
570 1307 630 1389 τῆς
650 1299 779 1381 πόλεως
797 1301 854 1370 καλ
871 1301 993 1389 ταύτης
1013 1304 1088 1388 ἐγί-

28 1427 30 1431 ’
119 1429 195 1472 νετο
226 1403 396 1492 ἐγκρατής.
440 1401 458 1472 ὃ
489 1403 528 1472 δὲ
550 1401 733 1492 Ἀψίμαρος
764 1408 811 1482 είς
839 1399 1090 1471 Ἀπολλωνιάδα

120 1503 242 1592 φυγεδν
259 1503 464 1592 κατελήφθη.
657 1587 660 1592 1

202 1611 257 1698 Τῷ
274 1605 337 1693 μὲν
355 1597 418 1674 οῦν
434 1604 721 1692 τῦνΒουλγάρων
739 1603 875 1692 ἀρχοντι
892 1609 984 1693 δῦρα
1002 1613 1086 1672 πολ·
1101 1613 1144 1677 25
1172 1680 1176 1691 ,

82 1731 108 1771 15
121 1706 163 1774 λά
193 1705 378 1794 παρασχόν
407 1705 463 1773 καὶ
494 1705 669 1792 συνθήκας
700 1704 836 1793 είρήνης
866 1703 942 1793 μετ’
979 1699 1086 1774 αότοῦ
1097 1699 1195 1816 {¹¹9⁵

121 1807 344 1895 ποιησάμενος
363 1805 527 1880 ἀπελθεῖν
544 1803 649 1899 αὐτόν
668 1805 929 1892 παρεσκεύασεν.
964 1811 1030 1874 τοῦ·
1049 1805 1089 1874 δὲ

118 1905 303 1997 Ἀόιμάρον
327 1907 384 1975 καὶ
403 1904 603 1994 Ἡρακλείου
630 1911 692 1976 τοῦ
710 1905 860 1995 ἀδελφοῦ
879 1903 986 1977 αότοῦ
1004 1905 1091 1995 πρὸς

122 2007 228 2078 αύτὸν
246 2005 441 2096 ἀχθέντων,
468 2005 553 2075 ἀλλά
578 2005 645 2094 μήν
669 2009 805 2077 καὶτοῦ
823 2015 1004 2094 Λεοντίου,
1031 2006 1092 2076 τὸν

53 2139 56 2142 ·
119 2103 316 2196 Ἡράκλειον
341 2106 408 2177 σόν
426 2104 538 2188 ἀλλοις
556 2115 707 2176 πλείοσιν
725 2110 761 2175 ἐν
779 2106 891 2200 ξύλοις
910 2107 1001 2196 παρὰ
1019 2123 1090 2188 τοῖς

83 2236 110 2275 ω
123 2215 265 2296 τείχεσιν
295 2206 496 2298 ἀπηόρησε,
523 2207 584 2276 τὸν
610 2205 795 2295 Ἀψίμαρον
821 2209 863 2276 δέ
885 2235 924 2294 γε
950 2208 1007 2275 καὶ
1033 2205 1100 2277 τὸν

124 2308 287 2380 Λεόντιον
312 2315 472 2398 δεσμίους
495 2306 551 2378 διά
568 2314 627 2396 τής
643 2306 781 2398 Ἀγοράς
800 2307 1018 2398 περιαγαγών
1036 2309 1094 2376 καὶ

121 2417 305 2500 θεατρίσας
333 2416 474 2479 ίππικοῦ
503 2407 690 2498 ἀγομένου,
723 2410 882 2499 ῥιφέντας
912 2403 981 2478 όπδ
1012 2409 1093 2489 τούς

122 2513 229 2592 πόδας
247 2509 354 2582 αότοῦ
372 2511 456 2581 κατδ
478 2517 546 2580 τῦν
563 2508 739 2600 τραχήλων
757 2510 937 2598 πεπάτηκε,
955 2511 1013 2578 καλ
1030 2510 1093 2580 οῦ-

122 2641 186 2693 τως
206 2615 411 2702 ἐκτμηθῆναι
427 2611 487 2692 τάς
505 2610 621 2680 αότῦν
639 2611 788 2700 κεφαλάς
807 2615 844 2681 ἐν
861 2617 909 2703 τῷ
927 2619 1093 2704 Κυνηγίω

84 2739 112 2780 25
125 2716 339 2801 προσέταξεν,
359 2713 439 2782 ἑπτά
456 2717 520 2784 τού
539 2711 723 2802 Ἀψιμάρου
743 2711 917 2793 ἐνιαυτούς
934 2711 1092 2800 βασιλεύ-

125 2833 253 2893 σαντος.
298 2812 358 2882 τὸν
390 2814 428 2882 δὲ
458 2813 665 2903 πατριάρχην
695 2821 900 2884 Καλλίνικον
931 2813 1095 2901 πρότερον

126 2911 230 2984 αὐτοῦ
249 2913 408 3002 πηρόσας
431 2912 472 2982 τά
490 2913 621 3002 ὄμματα
640 2920 688 2994 είς
702 2911 830 3001 Ῥώμην
849 2919 945 2982 ἔθετο
962 2907 1095 3002 ῦπερό-

126 3042 209 3105 ριον.
228 3021 347 3100 Κῦρον
365 3016 407 3083 δέ
420 3042 494 3083 τινα
510 3015 661 3103 μοναχὸν
679 3020 870 3102 ἔγκλειστον
886 3013 1095 3104 πατριάρχην

125 3113 348 3204 προυβάλετο,
369 3112 406 3196 ὃς
433 3111 526 3208 αύτῷ
546 3115 609 3204 τήν
627 3121 675 3196 είς
692 3115 755 3203 τήν
772 3121 945 3204 βασιλείαν
963 3113 1128 3183 ἀποκα-Β
1240 3150 1243 3158 ·

85 3216 284 3285 ωτάστασιν
307 3223 543 3306 προεφοίβασε.
579 3215 667 3286 πολύ
695 3217 734 3287 δὲ
757 3223 888 3304 πλῆθος
913 3222 949 3285 ἔκ
975 3243 1011 3286 τε
1034 3221 1095 3286 τοῦ

126 3323 308 3405 δημοτικοῦ
326 3318 382 3387 καλ
400 3323 460 3388 τοῦ
475 3323 712 3406 στρατιωτικοῦ
730 3317 804 3386 τότε
822 3317 1014 3406 διέφθειρεν
1032 3310 1096 3386 οῦ-

124 3446 181 3499 τος
199 3415 217 3488 ὁ
235 3417 405 3507 βασιλεύς,
423 3418 502 3499 τούς
519 3418 581 3506 μὲν
595 3425 762 3508 φανερός,
779 3421 890 3502 ἐνίους
902 3419 1016 3508 μέντοι
1034 3419 1091 3489 καλ
