2546 3822
214 165 279 229 330
466 167 537 220 Lm.
556 167 630 218 αττ,
650 166 727 222 οΑΡ,
745 169 830 218 xxv.
850 141 947 216 ml.

216 312 275 399 κςό.
330 305 567 393 καταλειφθεὶς
598 313 717 374 τοίνυν
749 305 839 394 παρά
874 313 943 375 τῶν
973 312 1196 395 στρατιωτῶν

210 405 448 487 Ἰονστινιανός
473 413 640 494 χειροῦται
663 408 720 476 καί
745 408 862 494 χερσὶν
885 413 1021 487 οἰκείαις
1039 403 1194 488 εύθύςὸ

215 504 330 587 Ἠλίας
349 506 469 596 ἀφεῖλε
485 506 551 595 τήν
568 505 676 576 αότοό
695 506 856 595 κεφαλήν.
881 506 899 577 ὁ
919 509 957 577 δὲ
969 507 1091 579 τούτου
1105 523 1196 590 παῖς

217 607 235 678 ὁ
259 612 406 696 Τιβέριος
432 607 512 696 μετά
534 615 593 696 τῆς
617 607 702 697 πρός
724 608 849 698 μητρός
865 608 1006 697 ,μάμμης
1020 606 1196 680 Ἀναστοι-
1262 641 1263 648 “

218 717 305 796 σίας,
323 707 343 798 ή
362 709 426 798 γὰρ
444 709 551 798 μήτηρ
570 707 678 778 αύτού
698 711 858 794 Θεοδύρα
877 717 967 797 ἔφθη
984 720 1118 796 θανεῖν,
1141 720 1220 805 τῷν

181 881 183 886 .
218 815 255 880 έν
272 812 478 898 Βλαχέρναις
495 816 567 902 ναῷ
586 810 797 899 προσφυχιδν
815 813 928 880 είσέδυ
946 811 984 880 τό
1002 821 1098 880 θεῖον
1114 822 1193 882 θυ-
1261 839 1263 866 ι

218 911 424 998 σιαστήριον,
452 913 509 980 καὶ
531 910 599 981 ύπὸ
624 911 687 988 τήν
711 918 846 1000 παναγῆ
864 911 1040 1000 γενόμενος
1058 912 1194 1000 τρόπε·
1261 879 1263 1016 ή

216 1023 286 1100 ζαν,
303 1011 377 1093 ἑνός
390 1019 459 1082 τῶν
477 1013 603 1100 ταύτην
621 1010 811 1101 ἀνεχόντων
829 1021 1020 1082 στυλίσκων
1038 1019 1194 1102 δεδραγ-

182 1116 318 1202 Βμένος
351 1115 478 1182 ίκέτευε
508 1113 553 1202 μή
586 1124 718 1182 θανεῖν.
772 1111 847 1183 ἀλλ’
874 1119 908 1182 οί
930 1117 1106 1194 σταλέντες
1141 1123 1194 1198 είς

217 1215 348 1302 ζήτησιν
374 1213 481 1284 αύτού
506 1215 741 1298 ἐξελκύσαντες
768 1221 831 1284 τοῦ
856 1223 1103 1304 θυσιαστηρίου
1127 1217 1195 1287 τόν
1208 1247 1231 1285 ιο

217 1321 324 1386 παῖδα
348 1323 496 1406 μαχαίρᾳ
518 1315 642 1385 τούτου
665 1313 727 1388 τόν
751 1313 872 1405 λαιμόν
903 1314 947 1396 οδς
977 1317 1193 1406 βοσκήματος

217 1415 382 1504 ἀπέτεμον
401 1416 546 1504 ἀπηνεῖς.

162 1518 204 1583 26
287 1517 376 1604 Ἤδη
394 1519 432 1586 δὲ
449 1523 509 1604 τής
526 1523 698 1605 βασιλείας
715 1511 863 1605 τυχτδνὸ
886 1518 1084 1598 Φιλιππικός
1101 1519 1191 1588 κατά

217 1625 275 1708 τής
294 1623 387 1706 ἕκτης
405 1624 639 1706 οίκουμενικής
652 1619 800 1688 συνόδου
816 1613 997 1704 ὦπλίσατο,
1012 1620 1069 1687 καλ
1083 1620 1192 1689 σύνο-

219 1727 280 1790 δον
298 1716 463 1808 ἀθροίσας
482 1718 499 1788 ὁ
518 1719 656 1806 μάταιος
674 1717 851 1808 ἠκύρωσεν
875 1719 958 1788 ὅσον
974 1719 1011 1788 τό
1029 1716 1102 1788 κατ’
1122 1720 1189 1791 αό-
1205 1749 1230 1788 ιι

218 1820 279 1889 τόν
303 1817 347 1888 δι’
377 1819 483 1906 αότής
509 1819 573 1906 τήν
591 1814 693 1906 ἀχίαν
713 1823 846 1906 έκείνην
864 1820 1022 1892 σύνοδον.
1056 1823 1192 1906 λέγεται

219 1919 286 2008 χάρ
305 1919 379 2008 ἀρτι
396 1927 457 1989 τοῦ
476 1927 638 1991 Λεοντίου
656 1927 726 1991 τόν
745 1921 925 2009 σκήπτρων
945 1922 1187 2008 ἐπειλημμένον

220 2026 488 2110 χρησμοδοτήσαι
513 2021 620 2114 τούτῳ
646 2021 688 2109 δή
708 2027 755 2113 τῷ
775 2029 965 2116 Φιλιππικῷ
983 2021 1040 2110 τήν
1057 2027 1103 2102 είς
1121 2021 1190 2092 τὸν

219 2131 390 2212 βασίλειον
406 2122 537 2212 θρόνον
550 2121 731 2210 ἀναγωγήν
745 2123 895 2211 μοναχύν
906 2152 981 2193 τινα
1000 2130 1193 2210 έχκλειστον
1262 2187 1263 2192 ,

116 2224 319 2298 w111806'vw
334 2228 370 2294 ἐν
381 2231 423 2315 τῇ
436 2231 499 2294 τού
514 2222 765 2312 Καλλιστράτου
782 2231 882 2314 μονή,
895 2227 952 2293 καλ
965 2231 1025 2312 τής
1038 2225 1192 2314 προρρή-
1206 2255 1233 2293 εο

223 2348 307 2406 σεως
325 2333 462 2412 αἰτήσαι
478 2324 603 2415 μισθόν
620 2323 686 2412 τήν
702 2331 761 2412 τής
780 2329 875 2414 ἕκτης
893 2326 1044 2395 συνόδου
1063 2321 1193 2414 ἀθέτη-

222 2447 288 2510 σιν,
307 2418 351 2512 ήν
369 2425 433 2514 γάρ
451 2433 509 2514 τῆς
527 2432 595 2494 τῶν
613 2432 852 2513 μονοθελητῶν
866 2424 883 2496 ό
897 2427 1043 2515 μοναχός
1063 2430 1195 2508 ἐκεῖνος

117 2549 212 2599 Ρ1198
222 2526 392 2612 αἱρέσεως,
416 2526 474 2593 καὶ
497 2525 556 2596 τόν
573 2525 793 2614 ὑποσχέσθαι.
829 2526 891 2615 τήν
908 2530 971 2615 μὲν
989 2521 1055 2596 οὖν
1074 2535 1197 2598 οἰκου-

185 2617 359 2716 Αμενικήν
377 2627 476 2714 ἕκτην
495 2625 644 2696 σύνοδον
661 2626 847 2717 ήκύρωσεν,
867 2626 911 2708 ὡς
931 2628 1049 2697 ἐδόκει.
1086 2628 1199 2712 αύτὸς

222 2727 259 2797 δὲ
277 2726 408 2816 σωρούς
430 2727 611 2818 χρημάτων
631 2733 666 2797 ἐκ
689 2731 917 2818 παλαιοτέρων
934 2733 1200 2819 θησαυρισθέν-
1212 2761 1236 2799 25

220 2857 278 2910 τας
304 2825 563 2918 αὐτοκρατόρων
589 2833 625 2899 ἐν
642 2845 712 2911 τοῖς
730 2837 908 2918 βασιλείοις
927 2829 1042 2918 εύριόν
1061 2837 1112 2911 είς
1132 2831 1199 2902 ού-

221 2931 281 2999 δὲν
304 2932 384 2999 δέον
410 2930 540 3010 τούτοις
563 2932 769 3020 χρησόμενος
792 2930 833 2999 τά
857 2940 961 3001 πλείω
980 2931 1204 3022 διεσκόρπισε

223 3029 279 3100 διά
304 3032 445 3120 βραχέος
471 3038 605 3121 καιρού·
632 3033 689 3101 καὶ
718 3032 799 3120 τύχα
816 3034 874 3100 καλ
891 3031 1205 3122 όπαντακατηνά-

222 3140 330 3200 λωσευ
348 3128 403 3218 ἀν,
422 3138 455 3200 εί
472 3135 525 3200 ἐπὶ
544 3135 648 3202 πλέον
665 3138 707 3222 τῇ
725 3139 878 3224 βασιλείᾳ
896 3135 1133 3223 προσέμεινεν.
1166 3141 1207 3206 ἐν

220 3231 283 3317 μὲν
301 3229 430 3323 γὰρτῷ
449 3235 558 3320 λέγειν
573 3233 681 3303 ἐδόκει
696 3234 959 3323 ῥητορικτότατος
976 3233 1021 3322 μή
1040 3233 1234 3327 ἀμοιρῶντ

220 3356 256 3396 τε
291 3333 476 3419 συνέσεως,
514 3336 550 3401 ἐν
581 3335 619 3402 δὲ
649 3341 696 3427 τῷ
727 3335 883 3424 πράττειν
911 3328 956 3422 ήν
987 3336 1209 3423 ξυμπάντων

221 3425 468 3520 ἀσυνετώτερος
492 3435 549 3500 καὶ
573 3435 714 3522 πάμπαν
740 3433 881 3519 ἀδέξιος.
923 3441 1042 3526 Κῦρον
1066 3437 1112 3506 δὲ
1138 3440 1208 3510 τόν
