2566 3812
185 199 248 265 m
509 199 828 254 mmmm

185 342 303 424 θέντες
327 337 358 411 δ’
379 347 414 412 οί
429 336 581 430 Ῥωμαίοι
607 346 768 410 Σικελίαν
789 341 852 430 μὲν
874 335 920 421 ὥς
942 335 1009 428 ήδη
1033 339 1154 428 σφετέ-
1277 303 1279 400 λ

83 467 252 534 ΡΙυεοραν
274 433 381 515 οὖσαν
415 442 610 529 κατέλιπον,
636 448 677 534 τῇ
703 441 741 512 δέ
759 439 872 533 Λιβύη
901 443 942 533 τχή
963 467 999 511 τε
1017 449 1154 531 Καρχη-
1278 443 1279 448 ’

187 543 263 616 δόνι
299 547 506 635 ἐπιχειρήσαι
543 541 736 632 ἐτόλμησαν.
795 537 939 631 ἡγοῦντο
969 543 1006 612 δέ
1039 539 1155 612 αότοόν

185 644 205 716 ὅ
226 674 262 716 τε
275 644 448 736 Ῥηγοῦλος
479 643 497 715 ὁ
515 643 657 738 Μάρκος
680 645 737 716 καί
755 642 899 728 Λούκιος
918 641 1088 732 Μάλλιος,
1121 647 1154 726 ἐξ

186 743 306 840 όρετής
330 749 579 838 προκριθέντες.
615 749 726 816 καλοί
747 747 809 836 μὲν
835 753 882 829 είς
905 744 967 836 τήν
993 752 1183 817 Σικελίανι

187 847 393 931 πλεύσαντες
410 847 451 919 τιὶ
469 851 540 919 ἐκεί
554 875 591 918 τε
608 855 781 919 καθίστων
807 849 863 918 καὶ
887 845 946 918 τόν
965 851 998 930 ἐς
1015 845 1078 935 τήν
1095 857 1154 918 Λι-

187 948 276 1041 βύην
300 947 495 1076 ηύτρέπιζον
521 953 647 1038 πλοῦν,
676 947 903 1040 Καρχηδόνιοι
928 949 966 1019 δέ
990 943 1053 1019 ούκ
1076 945 1156 1018 ιἰνέ-

187 1080 308 1143 μειναν
325 1048 449 1136 αύτούς
467 1055 665 1122 ἐπιπλεῦσαι
683 1057 812 1140 σφίσιν,
834 1047 919 1122 ιἰλλδ
937 1071 1154 1141 παρασκευα-

188 1151 326 1245 σάμενοι
349 1153 431 1246 πρὸς
456 1160 618 1226 Σικελίαν
641 1149 863 1242 ἠπείχθησαν.
917 1154 972 1224 καλ
1001 1150 1091 1244 παρὰ
1114 1155 1155 1244 τῇ

180 1253 435 1347 Ηρακλειιότιδι
459 1257 491 1338 ἐς
508 1271 621 1346 χεῖρας
639 1251 794 1345 ἀλλήλοις
811 1244 929 1343 ήλθον.
970 1251 1154 1377 ἰσορρόπου
1168 1282 1194 1322 ιο

188 1360 226 1428 δέ
243 1385 302 1448 της
320 1362 505 1448 ναυμαχίας
524 1358 579 1428 ἐπὶ
591 1353 678 1426 πολὺ
696 1359 884 1480 χινομένης,
902 1357 994 1438 τέλος
1011 1350 1156 1446 ύπερέσ-

188 1488 248 1549 χον
260 1455 428 1550 οῬωμαῖοι
466 1454 621 1548 Ἀμίλκας
640 1453 714 1528 δέ’
695 1461 888 1547 αντιστήυαι
906 1451 1020 1540 αύτοίς
1043 1453 1156 1527 ούκέτι

189 1559 320 1650 ἐτόλμα,
332 1558 490 1635 ’Ἄννωνα
513 1559 551 1629 δέ
574 1556 656 1648 πρός
680 1555 803 1642 αύτούς
828 1567 977 1650 ἐπεμψεν
1000 1557 1045 1641 ὡς
1067 1553 1155 1649 ὑπὲρ

154 1685 176 1736 Β
191 1659 337 1751 είρήνης,
354 1659 557 1751 βουλόμενος
574 1657 634 1732 τόν
650 1657 768 1753 καιρόν
785 1669 928 1752 τρίβειν·
964 1657 1079 1750 ήλπιζε
1091 1659 1155 1750 γὰρ

189 1760 379 1854 στράτευμά
400 1767 437 1832 οί
456 1759 721 1852 πεμφθήσεσθαι
750 1773 896 1836 οίιιοθεν.
939 1759 1073 1834 ’Ἁννων
1104 1763 1193 1850 δέ,“ιι

189 1861 349 1954 βοώντων
371 1870 474 1936 τινῶν
496 1871 680 1953 συλλαβεῖν
703 1859 807 1936 αύτδν
830 1861 880 1936 ότι
904 1865 960 1934 καὶ
977 1860 1156 1954 Καρχηδό-

188 1994 255 2037 νιοι
284 1961 393 2058 ύπύτη
425 1965 614 2054 συνέλαβον
643 1965 702 2037 τὸν
726 1963 932 2056 Κορνήλιον,
958 1959 1029 2036 “oh
1058 1971 1155 2036 τοῦτο

188 2063 369 2158 ποιήσητε”
395 2065 500 2158 εἶπεν,
526 2063 652 2138 ’ὀόδὲν
676 2074 724 2138 ἔτι
741 2075 911 2159 κρείττους
933 2069 1001 2138 τοῖν
1018 2064 1156 2156 Λιβύων

190 2166 345 2241 ἐσεσθε.”
400 2175 527 2251 ἐκεῖνος
549 2171 611 2259 μὲν
641 2160 705 2241 οὖν
730 2167 951 2261 εὐκαιρότατα
975 2165 1155 2252 θωπεύσας

170 2269 293 2342 οὐδὲν
311 2277 450 2360 ἔπαθεν,
469 2275 503 2342 οί
520 2271 557 2342 δὲ
574 2272 631 2342 καί
649 2262 751 2354 αὖθις
773 2277 833 2342 τού
851 2271 998 2361 πολέμου
1017 2279 1153 2360 είχοντο.
1169 2297 1193 2339 εο

190 2375 298 2444 καὶί
263 2401 281 2443 ο
284 2373 374 2462 ίμδν
390 2369 511 2442 ὕπατοι
530 2374 566 2441 ἐκ
583 2375 641 2461 τῆς
654 2369 837 2463 Μεσσήνης
855 2377 986 2462 ἔπλεον,
1003 2367 1156 2461 Ἀμίλκας

191 2475 228 2544 δλ
258 2402 335 2544 καὶμ
336 2469 469 2544 Ἀννων
501 2475 727 2565 διαιρεθέντες
761 2470 1004 2565 ἀμφοτέρωθεν
1033 2471 1156 2556 αὐτούς

189 2589 361 2698 περισχεῖν
380 2576 552 2664 ἐμελέτων.
598 2571 674 2646 ἀλλ’
693 2573 816 2666 ὁμέν”
812 2589 934 2652 Αννων
951 2572 1012 2665 οὐχ
1028 2569 1156 2667 ύιιέστη

189 2672 389 2800 προσιόντας
413 2673 554 2765 αὐτούς,
580 2671 879 2767 προκαταπλεόσας
903 2675 935 2747 δ’
957 2684 1005 2760 είς
1022 2686 1157 2768 Καρχη-

191 2774 274 2848 δόνα
295 2777 423 2868 ταύτην
446 2776 651 2868 ἐφύλασσεν
693 2774 790 2850 ὁδέ’
787 2787 937 2870 Αμίλκας
963 2777 1156 2902 πυθρμενρς
1168 2800 1194 2843 ¹⁶

188 2882 288 2953 τούτο
306 2879 391 2952 κατὰ
409 2877 523 2972 χύραν
541 2886 670 2970 ἔμενεν.
708 2879 863 2970 ἐκβάντες
888 2879 919 2950 δ’
942 2887 989 2963 είς
1013 2877 1075 2969 τήν
1092 2882 1157 2968 χήν

156 2986 226 3059 σοί
241 2977 393 3072 Ῥωμαῖοι
424 2983 478 3053 ἐπί
509 2980 571 3071 τήν
591 2978 732 3054 Ἀσπίδα
761 2982 824 3072 τήν
849 2979 949 3054 πόλιν
975 2982 1155 3073 έχιίρησαν.

191 3080 250 3164 οὓς
269 3081 400 3165 ἰδόντες
417 3081 616 3175 προσιόντας
638 3089 674 3155 οί
695 3083 864 3180 ἐπιχύριοι
881 3087 1155 3176 προϋπεξήλθον·

190 3185 246 3253 καλ
263 3181 383 3275 ιἰμαχελ
401 3182 621 3276 κατασχόντες
638 3183 747 3276 αύτήν
764 3191 800 3257 οί
814 3181 967 3276 Ῥωμαῖοι
984 3189 1045 3257 τού
1061 3185 1157 3256 πολέ-

190 3312 255 3373 μου
272 3279 476 3377 ὁρμητήριον
499 3284 922 3378 ἐποιήσαντο,·κιἰντεῦθεν
944 3285 1007 3377 τήν
1029 3315 1066 3358 τε
1092 3290 1194 3375 χήνιο

191 3382 363 3473 ἐπόρθουν
396 3389 453 3458 καί
480 3385 592 3472 πόλεις
616 3388 676 3471 τδις
701 3389 764 3480 μέν
793 3393 1009 3479 ἐθελουσίως,
1034 3388 1093 3471 τὰς
1118 3388 1156 3459 δέ

190 3483 289 3580 φόβφ
307 3493 548 3578 προσεκτῶντο,
572 3495 667 3562 λείαν
690 3518 726 3562 τε
743 3488 871 3582 πολλήν
889 3488 1078 3581 ἐλάμβανον
1100 3491 1156 3560 καί
