2580 3816
419 173 490 229 Lm.
508 173 582 225 x1v.
600 173 678 258 CA?-
696 175 769 226 x1v.
1019 174 1082 240 303

116 321 174 404 της
191 317 299 393 αἰτίοις
318 310 336 382 ὁ
355 319 504 402 Πρίσκος
521 311 681 392 δεδοικῶς
699 314 777 402 περὶ
799 321 840 404 τῇ
859 321 937 405 ζωή,
956 315 1024 404 άμα
1042 316 1082 386 δέ

116 417 173 485 καί
196 413 260 502 τήν
283 411 366 484 κατά
388 412 525 483 πάντων
547 418 610 482 τοὺ
630 419 732 484 Φωκά
756 420 944 504 τυραννίδα
961 423 1080 504 μισῶν,

116 516 217 605 ἐζήτει
246 519 430 584 καταλῦσαι
453 513 514 584 τόν
542 513 722 603 τύραννον.
776 513 825 586 ῶν
851 515 889 586 δὲ
915 513 933 586 ὁ
960 523 1082 599 Φακᾶς

116 615 366 706 γυναικομανής
383 641 418 686 τε
436 615 492 684 καί
509 615 660 704 μέθυσος
677 617 736 684 καὶ
753 613 826 705 ῶμδ
832 645 848 698 ς
866 618 923 686 καί
941 623 1083 706 αίμοχα-

90 719 189 808 ερής,
213 717 357 806 ἐμισήθη
379 714 471 806 παρά
498 716 645 786 πάντων.
680 718 738 786 καλ
761 724 1027 808 στρατηγοῦντος
1045 722 1083 788 ἐν

1 815 5 824 ’
112 819 251 910 Ἀφρική
269 819 327 888 καί
341 817 451 907 Λιβύη
466 815 666 908 Ἡρακλείου
683 825 745 887 τοὺ
763 818 889 909 πατρός
906 823 967 888 τοὺ
985 827 1081 908 βασι.-
1188 859 1191 865 ·

100 917 299 1002 Ιλεύσαντος
322 920 494 1008 μετέπειτα
515 915 712 1008 Ἡρακλείου
743 924 779 988 οί
802 925 861 1010 τῆς
892 921 1081 1008 συγκλήτου

115 1023 173 1112 καί
203 1017 307 1102 αὑτός
337 1017 354 1090 δ
382 1015 532 1106 Πρίσκος
562 1017 581 1089 δ
612 1020 837 1110 στρατηλάτης
862 1023 1082 1111 διεπέμποντο

116 1121 200 1213 πρός
225 1119 350 1209 αύτόν,
376 1119 529 1210 δεόμενοι
552 1117 787 1210 ἀπαλλαγῆναι
803 1127 862 1210 τῆς
879 1127 1082 1211 τυραννίδος

77 1247 103 1288 ιο
119 1229 230 1296 Φωκᾶ.
282 1215 326 1310 ήν
356 1221 395 1291 δέ
423 1227 470 1314 τῷ
502 1221 666 1315 εἰρημένῳ
698 1228 872 1315 στρατηγῶ
896 1222 1115 1318 ἩρακλείφΒ

113 1323 368 1413 ὑποστράτηγος
392 1327 569 1413 Γρηγοράς
591 1350 641 1403 τις
669 1329 740 1393 τῶν
765 1321 947 1412 ἐπισήμων.
987 1317 1082 1395 οὑτοι
1111 1398 1114 1406 ,

106 1431 203 1513 ’γοῦν
221 1424 322 1515 άμφω
341 1423 629 1512 συμπνεύσαντες,
648 1425 824 1495 στέλλουσι
841 1423 1005 1502 κατάτοῶ
1021 1452 1082 1494 τυ-

116 1526 245 1615 ράννου
276 1523 357 1607 τοὺς
390 1529 498 1606 ίδίους
529 1523 695 1616 υίούς,,ὁ
726 1525 789 1614 μέν
809 1523 999 1615 Ἡράκλειος
1022 1525 1082 1596 τόν

112 1626 308 1719 Ἡράκλειον
331 1633 472 1708 πολλαῖς
496 1626 600 1695 ναυσὶ
623 1626 680 1696 καὶ
711 1631 842 1716 πλῆθος
873 1633 1082 1718 στρατιωτῶν

77 1749 103 1794 1⁵
118 1729 352 1819 πλωϊζόμενον,
377 1725 395 1796 ὁ
414 1726 452 1796 δὲ
470 1732 640 1816 πατρίκιος
658 1733 833 1816 Γρηγορῶς
850 1727 911 1798 τόν
929 1727 1082 1817 Νικήτου

116 1835 366 1918 πεζοπορούντα
393 1826 460 1898 σύν
479 1827 635 1908 ίππόταις
652 1836 788 1910 πολλοῖς
805 1829 862 1898 καὶ
879 1836 960 1921 πεζή
977 1850 1080 1920 στρα-

115 1935 188 2023 τιή,
214 1931 269 2000 ἐπὶ
295 1929 481 2018 συνθήκαις
508 1932 569 1998 τοὺ
600 1925 664 1998 τόν
694 1931 991 2019 προκαταλαβόντα
1019 1927 1082 2020 τήν

116 2031 361 2123 ὑπερκειμένην
384 2038 453 2100 τῶν
477 2029 610 2100 πόλεων
633 2031 691 2098 καὶ
715 2031 905 2102 καθελόντα
929 2031 990 2105 τόν
1019 2031 1081 2102 τύ-

1 2148 2 2207 3
117 2161 245 2221 ραννον
267 2137 326 2221 τῆς
351 2137 522 2220 βασιλείας
540 2128 800 2218 άξιωθήσεσθαι.
835 2137 943 2200 ταῦτα
960 2131 1083 2220 μαθῶν

75 2233 135 2305 ωδ
156 2240 276 2315 Φωκᾶς
298 2231 362 2321 τήν
385 2237 447 2302 τού
467 2230 666 2320 Ἡρακλείου
689 2233 814 2321 μητέρα
836 2231 893 2300 καί
916 2230 978 2320 τήν
994 2260 1082 2321 μνη-

1 2366 3 2384 ²
117 2331 203 2424 στήν
218 2333 408 2422 Εύδοκίαν,
431 2330 477 2420 ἣν
503 2335 536 2415 ἐξ
552 2328 710 2422 Ἀφρικής
729 2331 994 2421 ἐμνηστεύσατο,
1012 2342 1082 2402 θυ-

1 2436 2 2495 s
116 2438 241 2526 γατέρα
266 2429 377 2506 ούσαν
399 2439 461 2504 τοῶ
484 2440 544 2522 τής
562 2432 673 2522 χῶρας
692 2437 820 2523 ἐκείνης
838 2433 1082 2524 πρωτεύοντος,

116 2537 293 2627 κατασχῶν
310 2536 520 2606 κατέκλεισεν
539 2537 576 2604 ἐν
593 2541 691 2626 μονή.
721 2536 948 2626 προκατέλαβε
964 2542 1116 2609 τοίνυνο

113 2637 307 2726 Ἡράκλειος
331 2638 387 2708 καὶ
411 2636 624 2726 προσῶρμισε
647 2641 696 2728 τῶ
720 2638 826 2726 λιμένι
843 2642 912 2707 τῶν
930 2643 1083 2726 Σοφιῶν,
1160 2652 1162 2657 ’

77 2741 174 2810 τεκαὶ
191 2737 297 2827 μάχης
315 2744 601 2828 συγκροτηθείσης
623 2734 787 2828 ὑπερέσχε
803 2742 873 2808 τῶν
889 2743 951 2807 τοὺ
970 2743 1083 2808 Φωκῶ.

94 2858 96 2862 ’
118 2837 309 2928 συνήργητο
325 2836 466 2928 γάρκαὶ
484 2835 553 2908 ὑπό
566 2842 628 2908 τοὺ
643 2844 799 2926 Κρίσπον
816 2835 880 2924 τήν
896 2842 957 2906 τού
977 2837 1081 2926 ἐπάρ-

117 2967 179 3029 χου
197 2939 272 3008 τότε
288 2938 459 3028 μετιόντος
477 2936 593 3029 άρχήν.
622 2937 749 3019 Φῶτιος
763 2938 802 3008 δὲ
818 2943 887 3008 τῶν
905 2940 1082 3026 ἐπιφανῶν

116 3039 292 3130 ὑπάρχων,
319 3032 362 3110 οὑ
384 3037 448 3128 τήν
465 3057 612 3127 γυναῖκα
630 3036 648 3110 ὁ
666 3037 832 3129 τύραννος
850 3045 909 3130 βίη
928 3041 1082 3128 ἐμοίχευ-

1 3202 2 3205 ,
117 3164 166 3230 σε,
186 3141 254 3213 σὺν
271 3140 394 3230 πλήθει
412 3145 625 3232 στρατιωτῶν
641 3139 844 3228 καταλαβῶν
859 3138 900 3208 τά
918 3136 1082 3227 βασίλεια,

1 3319 2 3324 ,
75 3273 103 3315 οο
116 3244 303 3314 κατέσπασε
326 3247 386 3314 τοὺ
410 3241 542 3332 θρόνου
566 3240 627 3311 τόν
649 3239 833 3331 τύραννον·
862 3244 901 3313 ,οί
920 3239 1080 3330 γάρπερὶ

116 3342 224 3415 αύτόν
253 3341 459 3432 ἀπογνόντες
489 3347 559 3412 τῶν
588 3348 769 3430 βασιλείων
802 3339 1080 3430 ὑπανεχύρησαν,

1 3525 2 3536 ,
117 3446 170 3515 καὶ
192 3443 364 3528 άποδύσας
380 3443 444 3534 τήν
461 3448 656 3534 πορφυρίδα
673 3441 778 3533 φαιῶν
797 3445 923 3533 έσθήτα
943 3443 1081 3514 ἐνέδυσε
