2510 3834
202 139 243 204 53
490 138 878 192 mmmmm

204 288 253 352 ἔτι
280 283 383 370 μετῆν
413 275 544 368 ίσχιίος,
581 283 670 368 ἔχειν
699 275 857 366 ἐδόκουν,
891 273 942 362 οἷς
972 277 1004 348 δ’
1031 276 1169 368 έξετάκη
1249 285 1251 292 ”

203 379 244 454 τά
268 379 423 471 σοι’ματα,
446 379 690 470 παρωδεύοντο.
728 386 759 451 εί
782 380 823 450 δέ
843 408 893 462 τις
916 375 1082 469 εὐπόρησε
1104 406 1172 452 πυ·

204 486 274 575 ράν
291 479 313 572 ἢ
330 486 467 572 κριθῆς,
491 487 708 562 κατακλείσας
725 481 788 571 τὴν
806 487 918 552 οίκίαν
934 477 1050 572 ἤσθιε·
1080 482 1168 562 τινες

168 582 236 658 D6’
256 583 324 656 ὑπὸ
349 591 425 673 βίας
448 587 505 672 τῆς
522 587 583 653 τοῦ
607 585 709 672 λιμοῦ
730 585 788 652 καὶ
811 577 1017 674 ἀνέργαστον
1038 579 1099 654 τόν
1114 599 1167 654 σί-

203 714 262 759 τον
287 692 480 776 προσίεντο·
513 685 570 754 καὶ
598 679 793 775 ἀφήρπαζον
818 685 851 767 έξ
876 681 981 754 αὐτοῦ
1009 686 1069 756 τοῦ
1092 682 1194 756 στό-ε

203 815 305 877 ματος
322 785 382 868 τὰς
400 782 526 877 τροφάς
544 787 681 876 μητέρες
699 789 848 876 βρεφῦυ,
867 789 986 868 παῖδες
1003 786 1168 876 πατέρων,

202 903 363 978 γυναικες
394 883 539 979 ἀνδρῶν.
588 889 644 958 καὶ
673 883 761 959 οῦτω
793 884 825 958 δ’
859 889 1049 976 ἐσθίοντες,
1078 884 1169 976 ὅμως

204 988 281 1072 τοῦς
305 987 505 1070 στασιαστὰς
533 985 598 1058 οῦκ
630 985 828 1060 έλάνθααον.
858 985 945 1060 ὅπου
976 987 1014 1058 δὲ
1043 996 1169 1062 κεαλει·

204 1092 332 1182 σμένην
362 1097 473 1161 οίκίαν
497 1094 665 1160 κατίδοιεν
690 1087 712 1178 ἢ
737 1088 868 1160 καπνὸν
891 1086 1167 1180 ἀποθρώσκοντα,

204 1208 344 1282 σημεῖον
372 1189 468 1262 ταῦτ’
503 1194 675 1311 έμωοῦντο
705 1195 764 1264 τοῦ
793 1189 872 1273 τοῦς
901 1189 993 1272 ἐντὸς
1026 1193 1204 1278 ἐσθίειν,ω

204 1295 260 1362 καὶ
284 1291 465 1384 ῥήσσοντες
492 1283 551 1374 τάς
574 1289 683 1416 θύρας
712 1295 751 1363 ἐκ
772 1297 842 1363 ταῖν
855 1289 1027 1415 φαρῦγωυ
1055 1287 1169 1364 αῦτοῖν

203 1391 370 1516 ἀνέφερον
399 1389 457 1475 τάς
485 1392 627 1485 τροφάς
667 1389 750 1466 οὐδέ
769 1421 818 1475 τις
848 1383 891 1482 ἦν
920 1387 1079 1475 οἴκτος”
1059 1421 1080 1482 η
1109 1419 1168 1464 πο-

203 1501 276 1578 λιάς
300 1523 322 1584 η
345 1493 508 1583 νεότητος.
550 1510 620 1576 τοῖς
651 1494 689 1565 δὲ
717 1493 873 1584 φθάσασι
895 1496 1169 1586 προβεβρωκέναι

203 1597 240 1668 τό
265 1593 465 1685 ἐσθιόμενον
489 1593 599 1676 δεινός
624 1593 796 1686 έπῆγου”
773 1624 817 1677 ως
835 1591 991 1667 ἀδικοῦσι
1010 1593 1102 1666 ταδ’
1084 1622 1168 1686 απη-

101 1712 275 1778 ΡΙεοσνεσς
291 1703 467 1786 τιμωρίας,
485 1693 616 1786 ὀρόβοις
628 1695 706 1780 τοῦς
722 1704 761 1768 αί
747 1702 864 1768 ίδοίων
881 1694 1005 1787 πόρους
1023 1695 1167 1787 έμφράτ-
1181 1724 1207 1768 ω

202 1825 316 1879 τουτες
346 1799 403 1868 καὶ
431 1795 489 1880 τοὶς
517 1801 617 1888 ἕδρας
645 1797 781 1889 ῥάβδοις
809 1796 930 1882 ὀξείαις
959 1795 1056 1888 ὠμός
1085 1795 1171 1870 ἀνα-

203 1907 384 1990 πείροντες.
427 1895 469 1968 τά
485 1899 607 1989 φρικτά
629 1901 665 1970 δὲ
684 1901 741 1970 καὶ
764 1899 879 1980 ἀκοαῖς
903 1900 1028 1990 ἔπασχέ
1046 1927 1096 1982 τις
1118 1907 1169 1982 είς

203 2000 277 2082 ἑνός
300 1997 403 2091 ἀρτου
427 1999 679 2090 ἐξομολόγησιν,
704 1996 725 2090 ἢ
749 2006 806 2073 ἵνα
832 1998 939 2091 δράκα
961 2007 1044 2090 μίαν
1068 1996 1169 2090 ἀλφί-

202 2130 270 2173 των
298 2117 368 2184 τοῖς
397 2111 535 2192 λησταῖς
563 2099 799 2193 καταπρόηται.
835 2097 917 2173 καθ’
942 2105 1083 2174 ἕκαστον
1106 2103 1170 2191 μὲν

203 2193 265 2274 οῦν
284 2206 449 2287 ἐπεξιέναι
466 2201 506 2274 τά
523 2201 597 2274 τότε
614 2201 778 2294 γενόμενα
797 2204 956 2294 δυσχερὲς
973 2199 994 2292 ἢ
1012 2205 1067 2274 καὶ
1084 2200 1168 2276 ἀδῦ-
1182 2234 1209 2276 το

202 2332 315 2392 νατον,
341 2301 525 2384 συνελόντα
549 2300 580 2374 δ’
601 2311 727 2394 εἰπεῖν,
751 2301 834 2393 μήτε
856 2303 954 2375 πόλιν
977 2301 1082 2394 ἀλλην
1098 2332 1169 2377 τοι·

203 2409 287 2476 αῦτα
306 2415 432 2474 παθεῖν
451 2401 533 2494 μήτε
557 2405 653 2493 γένος
678 2407 797 2496 ἕτερον
813 2408 846 2490 έξ
871 2412 991 2490 αἰῶνος
1010 2407 1170 2494 γενέσθαι

204 2509 320 2586 κακίας
337 2501 571 2595 γονιμώτερον.

148 2607 189 2671 21
286 2609 431 2676 Τοιαῦτα
448 2606 510 2694 μὲν
527 2596 589 2677 οὖν
606 2611 752 2698 ἔπασχον
764 2606 938 2697 Ἰουδαίου,
967 2613 1054 2702 Τίτςο
1073 2608 1109 2678 δὲ
1127 2607 1170 2677 τοὶ

203 2702 338 2796 χοίματα
355 2703 561 2794 προύκοπτε,
581 2715 689 2780 καίτοι
705 2710 923 2799 κακουμένων
940 2705 1006 2780 ἀπὸ
1024 2737 1084 2780 του
1070 2711 1213 2780 “mc

202 2833 281 2896 γους
298 2809 367 2877 τῦν
385 2813 604 2899 στρατιωτῶν.
636 2815 671 2893 οί
686 2811 724 2880 δὲ
740 2809 823 2902 πρός
840 2807 1008 2902 συλλογην
1026 2807 1170 2894 ἐξιόντες

4 2913 9 3038 ρ
167 2921 189 2972 Β
203 2937 329 3000 τροφης
343 2901 613 3000 ένηδρεῦοντο,
591 2932 680 3000 ησαν
694 2911 785 2982 δὲ’
745 2940 786 2984 ου
801 2908 996 3002 δημόται’
952 2941 1070 3002 μονον,
1083 2905 1173 2981 ἀλλὰ

203 3011 343 3080 καὶτῶν
361 3017 515 3102 μαχίμων
531 3009 676 3094 τινὲς’
637 3015 749 3084 οοκέτι
765 3030 838 3095 ταῖς
858 3008 1024 3104 ἁρπαγαῖς
1042 3010 1172 3104 ἀρκοῦ-

202 3137 315 3199 μενοι,
333 3113 389 3180 καὶ
408 3111 754 3238 συλλαμβανόμενοι“
734 3111 801 3186 υπὸ
818 3117 887 3186 τῦν
899 3109 1068 3204 Ρωμαίων
1085 3114 1173 3210 μετὰ

202 3213 316 3282 πᾶσαν
328 3205 477 3300 βάσανον
491 3212 555 3304 πρὸ
565 3243 625 3286 του
614 3215 798 3305 τείηοος’
778 3222 1054 3307 ἀνεσταυροῦντο.
1078 3221 1171 3311 Τίτφ
1187 3245 1216 3287 ω

201 3359 404 3372 —ss-u-

270 3441 337 3510 Gap.
349 3445 391 3498 21.
419 3445 531 3510 Iosephi
543 3445 615 3496 Belli
627 3446 737 3520 Ιαδείεὶ
754 3449 782 3508 δ,
797 3450 904 3500 11-13.
943 3498 948 3508 ,

4 3043 7 3128 λ
