2566 3812
199 177 262 243 190
520 177 684 231 L1ss.v111.
703 177 782 232 σεε.
796 179 845 230 v1.

133 345 136 350 ’
198 343 304 408 ραντα
327 315 546 407 άνεκομίσθη.
595 321 705 399 κακῶς
736 316 775 387 θλ
803 316 987 407 πάσχοντες
1009 312 1076 388 ὑπὸ
1091 315 1167 388 Ῥω·

197 426 308 510 μαίων
344 423 380 489 oc
406 429 574 490 Σαυνῖται
610 421 829 508 ἐξαναστῆναι
860 414 965 490 αάτόν
996 421 1166 507 ἐποίησαν.

96 517 319 597 ἮΙΙσοέλθαλν
337 521 374 591 δὲ
392 527 440 604 είς
458 523 654 611 ἐπικουρίαν
670 517 784 591 αιἰτιὸν
809 517 942 611 ἐτράπη.
978 523 1167 612 τρωθέντος

199 622 263 715 γάρ
286 619 402 693 πάλον
426 622 605 715 ἐλέφαντος
629 625 686 692 καλ
703 619 971 712 άποσεισαμένου
988 620 1066 705 τούς
1084 619 1165 694 άνα·
1280 711 1281 714 ¹

198 721 302 814 βάτας
325 723 625 815 περιπλανωμένον
647 751 684 794 τε
701 722 784 794 κατά
802 721 937 817 ζήτησιν
953 727 1011 812 τῆς
1028 722 1163 815 μητρός,
1178 754 1192 795 ι
1279 722 1282 790 λ

198 821 358 915 κάκείνης
382 827 445 896 ’ἐπὶ
474 823 581 920 τοάτφ
616 831 841 917 ταραχθείσης
871 828 928 896 καὶ
957 831 1026 896 τῶν
1056 823 1168 896 ἄλλων

174 925 399 1018 Οέλεφάντων
430 927 721 1017 θορυβηθέντων,
762 925 901 1019 φάρβην
934 923 1169 1018 ἀνεμίχθησαν

198 1026 339 1100 ἅπαντα.
374 1030 467 1112 τέλος
485 1028 523 1098 δέ
540 1034 576 1099 oc
586 1023 740 1119 Ῥωμαίοι
758 1026 1000 1119 ἐπεκράτησαν,
1019 1028 1167 1120 συχνοάς

198 1129 454 1211 ἀποκτείναντες
477 1131 533 1200 καλ
556 1128 643 1256 ὀκτρλ
668 1127 798 1214 ἑλόντες
822 1130 1024 1220 ἐλέφαντας,
1049 1132 1106 1201 καλ
1130 1130 1166 1200 τό

197 1231 380 1322 χαράκωμα
404 1229 630 1321 κατέσχον’
587 1261 712 1304 αυτων.
753 1229 771 1302 6
797 1232 835 1303 δὲ
852 1230 990 1325 Πύρρος
1014 1230 1081 1304 σάν
1097 1228 1164 1302 ὀλί-
1180 1263 1205 1304 ιο

197 1361 269 1422 γοις
290 1337 427 1405 ἱππεῦσι
452 1335 671 1459 θιέφυγενί
638 1363 654 1406 ε
670 1363 687 1416 ς
704 1361 763 1404 τον
785 1331 958 1458 Τάραντα,
976 1337 1111 1405 ἐκεῖθεν
1129 1335 1166 1404 δὲ

198 1442 246 1518 είς
276 1433 338 1524 τήν
352 1432 516 1525 Ἤπειρον
545 1433 757 1507 ἀπέπλευσεν
787 1431 831 1517 ὥς
855 1426 956 1517 αὖθις
980 1433 1166 1524 ἐπανήξων,

199 1536 259 1608 τὸν
276 1542 421 1607 Μίλωνα
439 1533 521 1625 μετά
538 1542 689 1628 φρουράς
708 1544 757 1620 είς
780 1538 946 1628 Τάραντα
952 1544 1166 1656 καταλείψας,
1257 1595 1260 1600 .

199 1637 280 1720 θοάς
298 1633 413 1720 αὐτοῖς
433 1643 557 1728 δίφρον
581 1642 696 1728 ἱμᾶσιν
715 1642 752 1708 ἐκ
768 1667 829 1710 του
817 1639 1008 1730 δέρματος
1025 1641 1086 1710 τοῦ
1103 1648 1166 1712 Νι·

197 1744 274 1810 κίον
298 1741 335 1808 ἐν
328 1734 579 1828 δεδεμένον,“
559 1767 600 1810 ον
626 1742 746 1810 ἐπὶ
704 1769 745 1831 τη
771 1746 936 1836 προδοσία
959 1738 1163 1812 άπέκτεινεν
1179 1768 1204 1809 ιι

197 1837 256 1911 τὸν
273 1831 393 1929 μὲν
353 1868 418 1912 ουν
434 1847 562 1911 Νικίαν
579 1839 685 1925 οὕτως
704 1841 943 1934 ἐτιμωρήσατο,
968 1849 1167 1926 νεανίσκους

199 1943 239 2012 δέ
259 1969 352 2025 τινας
377 1945 414 2012 ἐν
430 1949 613 2038 συμποσίω
637 1942 837 2029 σπείσαντας
860 1942 964 2015 αὐτὸν
980 1942 1166 2036 τιμωρήσα-

197 2055 280 2115 σθαι
298 2050 454 2134 ἔμελλεν,
473 2043 640 2137 ἐρωτήσας
659 2042 696 2115 δ’
716 2043 839 2127 αὐτους
858 2044 914 2118 διά
931 2052 967 2116 τί
981 2053 1166 2132 ἔσκωπτον,

198 2146 270 2216 ἐπεὶ
288 2143 558 2236 άπεκρίθησαν”
539 2176 589 2218 οτι
608 2142 718 2219 “πολῦ
741 2155 820 2218 πλεί
819 2177 846 2220 ω
806 2149 927 2218 ίιιαλ
953 2144 1165 2238 χαλεπώτερα

163 2267 189 2318 D
203 2243 444 2374 είρήκειμεν”
421 2277 467 2320 αν
497 2255 529 2320 εί
556 2245 602 2338 μή
638 2247 657 2318 6
694 2243 840 2330 οἶνος
820 2252 907 2339 ημᾶς
946 2245 1219 2372 ἐπιλίλοιπε,”ιο

197 2347 375 2437 γελάσας’
358 2353 492 2438 αφήκεν
509 2345 640 2430 αὐτούς.

275 2447 411 2539 Πύρρος
441 2442 573 2539 μὲν
533 2479 597 2522 ουν
622 2454 883 2541 ἐπιφανέστατος
908 2455 945 2524 ἐν
968 2465 1165 2542 στρατηγοῖς

197 2548 377 2640 γενόμενος
403 2553 460 2621 καλ
485 2551 596 2641 φόβον
609 2553 723 2625 πολλάν
739 2569 809 2636 τοῖς
822 2549 992 2644 Ῥωμαίοις
1010 2551 1165 2643 ἐμβαλών

196 2653 253 2722 καλ
271 2653 408 2747 πίμπτςο
427 2660 492 2724 ἐτει
509 2653 572 2743 τήν
584 2652 729 2726 Ἰταλίαν
746 2653 854 2726 λιπάν
872 2657 929 2726 καὶ
948 2657 1003 2726 ἐτιλ
1019 2653 1082 2744 τήν
1094 2653 1163 2726 Ἐλ-

68 2764 70 2770 ’
196 2751 284 2824 λάδα
309 2752 513 2846 στρατεύσας
536 2754 578 2827 οὐ
603 2761 716 2851 πολλῷ
738 2754 882 2849 ὕστερον
906 2760 944 2828 ἐν
953 2754 1065 2850 ’Ἀργει
1081 2753 1163 2828 άπί·
1177 2780 1202 2821 2⁶

196 2867 292 2928 θανε.
324 2854 412 2946 γυνή
429 2855 494 2948 γάρ
510 2884 579 2947 τις,
597 2855 644 2940 ολς
661 2856 758 2948 λόγος
776 2865 861 2949 ἔχει,
880 2856 1044 2950 παριόντα
1062 2855 1166 2929 αὐτον

198 2964 287 3030 ίθεῑν
309 2954 374 3030 άπὸ
397 2962 459 3030 τοῦ
481 2961 600 3048 τέγους
625 2957 863 3051 ἐπιθυμήσασα
890 2957 1018 3050 ἐσφάλη
1035 2962 1092 3030 καὶ
1111 2963 1165 3050 ἐμ·

196 3063 346 3130 πεσοῦσα
372 3061 570 3152 διέφθειρεν
593 3058 707 3135 αὐτόν.
750 3065 787 3134 ἐν
811 3062 849 3133 δὲ
874 3068 922 3156 τῷ
947 3057 1037 3155 αὐτῷ
1063 3059 1166 3132 ἔτει-ὅ

196 3185 232 3230 τε
247 3166 431 3251 Φαβρίκιος
447 3163 504 3232 καλ
521 3157 552 3232 6·
563 3161 707 3246 Πάππος
725 3161 944 3255 ἐτιμήτευσαν
967 3165 1023 3233 καὶ
1041 3160 1164 3244 ἄλλους

197 3289 232 3331 τε
257 3267 325 3333 τῶν
350 3264 482 3335 ἱππίων
505 3259 697 3354 άπήλειψαν
720 3267 776 3336 καλ
792 3269 868 3344 ,τάν
890 3271 1084 3354 βουλευτῶν
1107 3267 1204 3334 καὶιο

94 3360 456 3453 ΡῑςγςτὸνῬουφϊνον,
473 3371 594 3458 καίπερ
609 3365 919 3459 θικτατωρεάσαντα
933 3368 989 3438 καλ
1009 3368 1061 3448 δὶς
1077 3364 1164 3436 άπα-

198 3461 372 3536 τεάσαντα.
409 3475 518 3538 αίτιον
542 3465 574 3536 δ’
602 3464 653 3538 ὅτι
671 3466 776 3558 σκεάη
792 3465 924 3560 άργνρά
939 3472 1064 3559 λιτρῶν
1082 3465 1164 3538 δέκα
