2538 3824
486 149 557 204 LIB.
570 149 618 204 XI.
643 147 722 203 CAP.
735 150 771 206 11.
1095 149 1114 212 7

142 288 290 379 ὄλεθρον
314 293 352 362 ἐκ
375 287 496 360 τούτου
520 289 580 359 τού
601 281 762 381 Δρούσου
785 287 1113 380 προεμαντεύσαντο·
1150 299 1152 302 ’

143 391 185 464 ού
208 389 272 483 γάρ
298 396 389 462 ἔστιν
411 387 502 474 ὅστις
524 394 593 462 τοῖν
616 388 946 462 συνυπατενσάυτιον
964 387 1056 485 αύτῷ
1073 387 1113 463 ού

62 491 65 496 ’
143 501 263 584 βιαίοις
280 489 441 566 ἀπέθανε.
480 492 562 583 μετά
579 498 682 566 ταῦτα
698 491 762 584 γάρ
781 491 945 587 φαρμάκῳ
965 492 1111 564 διώλετο.
1179 523 1181 527 ·

144 593 294 686 Σηιανὸς
317 592 381 684 γάρ
404 622 454 676 τις
477 595 562 684 μέγα
586 592 676 683 παρά
702 601 749 689 τῷ
779 600 922 689 Τιβερίῳ
950 597 1113 684 δυνηθεὶς
1204 658 1206 666 .

113 699 201 770 εκαλ
218 691 403 788 ὑπέρογκος
420 691 578 786 γεγονώς,
596 693 660 780 πύξ
678 692 768 790 αύτῷ
786 721 865 768 ποτε
884 699 1032 778 ἐντείνας
1050 692 1113 766 κάκ

143 797 264 870 τούτου
290 801 403 880 δείσας
425 795 584 870 κάκείνου
608 797 747 868 καὶτὸν
769 800 938 888 Ίλβίριου,
964 795 1031 888 ἅμα
1055 801 1111 869 καλ

144 897 394 990 προσδοκήσας,
418 895 462 972 ἀν
484 895 544 970 τόν
561 903 719 991 Δροῦσον
742 897 1000 989 κατεργάσηται,
1028 903 1145 992 ῥᾷονῦ

142 1008 438 1092 μεταχειρίσασθαι
456 1000 516 1072 τὸν
534 1003 700 1092 Τιβέριον,
714 997 893 1091 φάρμακόν
905 1029 936 1071 τι
950 996 1041 1096 αύτῷ
1055 999 1112 1071 διά

142 1131 247 1174 τινοιν
269 1099 491 1193 θεραπόντων
514 1100 619 1188 αύτου
644 1104 701 1172 καλ
720 1099 774 1172 διά
790 1105 849 1191 τής
866 1101 1041 1192 γυναικός,
1068 1097 1113 1192 ήν

102 1235 129 1276 ιο
138 1202 294 1293 Ἰουλίαν,
308 1206 414 1295 ἕτεροι
424 1204 461 1275 δὲ
469 1211 593 1294 Λιβίαν
601 1201 781 1294 γράφουσι,
795 1205 851 1274 καὶ
860 1203 924 1296 γάρ
939 1207 1112 1296 ἐμοίχευεν
1154 1245 1158 1254 -

142 1303 270 1395 αὐτήν,
295 1311 431 1377 ἔδωκεν.
466 1304 566 1396 ὁμὲν
582 1295 645 1376 οὖν
661 1301 768 1388 οὕτως
787 1303 943 1394 διάλετο,
969 1300 987 1376 δ
1012 1307 1051 1376 δέ
1072 1333 1111 1394 γε

147 1400 300 1502 Τιβέριος
330 1413 378 1492 είς
407 1405 444 1478 τό
474 1409 655 1497 συνέδριον
683 1405 884 1498 ἀφικόμενος
915 1404 1045 1478 ἐκεῖνόν
1074 1435 1111 1476 τε

141 1504 344 1598 ἀνωδύρατο
370 1511 426 1580 καλ
455 1509 514 1580 τὸν
539 1509 686 1599 Νέρωνα
710 1507 770 1580 τόν
792 1535 829 1578 τε
851 1511 1009 1599 Δρούσου
1031 1507 1111 1594 τοὺς

126 1615 203 1682 ’τοῦ
220 1613 431 1701 Γερμανικοῦ
455 1616 578 1693 παιδος
603 1613 646 1702 τή
668 1617 829 1704 γερουσία
846 1613 1110 1703 παρακατέθετο,

104 1713 199 1783 τεκαὶ
223 1709 261 1782 τὸ
285 1717 380 1801 σῶμα
403 1718 462 1784 τοῦ
480 1709 641 1805 Δρούσου
658 1713 830 1802 προυτέθη
849 1713 903 1784 ἐπὶ
920 1715 981 1784 τοῦ
999 1708 1110 1802 βήμα-

140 1831 210 1896 τος·
251 1815 307 1884 καί
331 1811 349 1884 ὁ
368 1823 491 1904 Νέρων
514 1812 662 1905 γαμβρὸς
686 1809 789 1886 αὐτοῦ
808 1807 857 1885 ἀν
875 1817 1034 1896 ἐπαίνους
1053 1810 1106 1884 ἐπ’

143 1912 235 2009 αὐτῷ
253 1913 356 1986 εἶπεν.
398 1913 417 1985 ὁ
442 1915 491 1989 δὲ,
505 1914 546 2004 δή
564 1913 711 1996 θάνατος
728 1913 833 1986 αὐτοῦ
850 1923 988 1998 πολλοῖς
1005 1924 1109 1998 αίτιος

141 2011 294 2088 θανάτου
318 2017 450 2106 ἐγένετο
473 2013 519 2098 ὥς
544 2018 722 2106 ἐφησθεῑσι
745 2019 786 2106 τῇ
813 2011 962 2108 ἀπωλείᾳ
991 2013 1144 2086 αύτού.1)

140 2125 262 2190 πολλοί
281 2145 318 2189 τε
340 2117 403 2208 γάρ
426 2119 483 2188 καὶ
506 2115 601 2189 ἀλλον
619 2115 780 2188 διείλοντο
797 2119 853 2186 καὶ
870 2114 1109 2206 ήἈγριππῑνα

101 2248 128 2290 ει
141 2218 223 2310 μετά
240 2225 308 2290 τῶν
324 2225 459 2290 παίδων
476 2215 590 2309 αὐτῆς,
607 2225 668 2290 τοῦ
682 2215 851 2290 νεωτάτου
863 2225 975 2308 χειρίς.
1003 2215 1111 2286 πολλά

141 2319 205 2411 γάρ
229 2317 302 2392 κατ’
329 2315 431 2411 αύτής
453 2315 637 2410 δΣηιανός
660 2315 838 2411 παρύξυυε
859 2317 919 2390 τὸν
942 2320 1108 2408 Τιβέριον,

141 2419 376 2512 προσδοκήσας
391 2425 529 2511 ’ἐκείνης
554 2419 636 2513 μετά
658 2426 727 2491 τῶν
749 2424 877 2492 τέκνοιν
901 2417 1110 2510 ἀπολομένης

137 2527 181 2616 τῇ
205 2551 243 2595 τε
267 2529 372 2617 Λιβίᾳ
396 2521 611 2612 συνοικήσειν
632 2529 674 2614 τῇ
697 2526 758 2595 τοῦ
774 2521 936 2614 Δρούσου
960 2529 1121 2613 γυναικί,

140 2615 181 2714 ής
204 2621 289 2715 ήρα,
312 2627 369 2696 καὶ
392 2625 429 2696 τδ
453 2623 571 2713 κράτος
596 2627 699 2714 ἕξειν,
731 2624 874 2715 μηδενὸς
897 2628 943 2720 τῷ
967 2630 1108 2717 Τιβερίῳ
1155 2649 1158 2654 ·
1229 2712 1231 2716 .

100 2755 134 2800 ιε’
144 2724 304 2818 διαδόχου
326 2725 561 2817 τυγχάνοντος·
602 2723 661 2799 τδν
684 2725 748 2817 γὰρ
772 2731 911 2808 υίιδούν
934 2730 1040 2814 ἐμίσει
1064 2721 1109 2807 οἱς

100 2846 102 2850 ’
140 2831 198 2900 καί
214 2833 391 2919 μοιχίδιον.
427 2831 483 2899 καὶ
500 2825 622 2911 ἀλλους
641 2828 678 2898 δὲ
696 2826 839 2908 πολλοὺς
854 2828 907 2896 ἐπὶ
921 2823 1038 2906 ἀλλαις
1051 2827 1108 2895 καὶ

140 2927 255 3012 ἀλλοις
274 2936 407 3020 αίτίαις,
425 2947 498 3012 ταῖς
517 2933 557 3001 δι’
571 2957 611 3019 γε
627 2935 759 3009 πλείοσι
772 2928 1033 3016 πεπλασμέναις,
1051 2928 1108 2996 καὶ

141 3029 354 3121 ἐφυγάδευσε
371 3033 427 3103 καλ
445 3032 635 3122 διέφθειρε,
654 3035 715 3100 καί
727 3057 803 3100 τινα
820 3025 870 3098 ὅτι
887 3027 928 3098 τά
943 3028 1004 3098 τού
1026 3033 1118 3098 Καί-ν

11 3201 14 3211 ,
140 3153 243 3225 σαρος
260 3135 317 3206 καί
334 3132 375 3204 τά
391 3137 450 3204 τοῦ
469 3129 671 3223 Αὐγούστου
689 3129 861 3222 ίστόρησε,
889 3135 996 3200 καίτοι
1012 3125 1058 3220 μή
1075 3157 1107 3198 τι

100 3263 128 3306 ιο
141 3230 216 3306 κατ’
242 3237 382 3308 ἐκείνων
406 3231 680 3325 συγγεγραφότα,
705 3229 860 3322 ἐκόλασε,
884 3232 941 3302 καὶ
964 3228 1000 3301 τὸ
1024 3227 1210 3319 σύγ-ΡΙεσο

140 3365 276 3428 γραμμα
306 3334 393 3408 ὅπου
424 3335 466 3427 δή
496 3337 552 3406 καὶ
583 3332 709 3427 εὑρέθη
740 3335 962 3422 κατέκαυσεν,
992 3329 1042 3404 ὅτι
1060 3331 1106 3423 μή

142 3439 291 3523 ἐκείνους
318 3441 488 3530 ἐσέμνυνε.
532 3444 689 3520 πλείονας
713 3435 751 3507 δὲ
776 3433 820 3520 ιδς
837 3431 940 3507 αύτόν
957 3439 1108 3524 βλασφη·
