2580 3816
454 170 524 248 mn.
543 169 616 225 ειν.
636 168 716 224 cAP.
734 169 781 222 1v.
1041 167 1104 233 263

137 319 319 394 λυπεῖσθαι
341 307 522 400 ύπεκρίθη.
568 307 737 400 ἐρομένων
762 308 800 378 δέ
822 313 892 378 τῶν
911 299 1104 402 ἐπισκόπων

20 449 24 459 ·
134 409 216 482 ότου
242 410 338 500 χάριν
364 413 565 499 συγκέχυται
587 410 644 478 καὶ
666 415 702 478 τί
723 406 767 478 όιν
792 407 899 498 είητό
920 407 1101 500 άγγελθέν,

136 513 264 592 ἐκεῖνος
288 517 352 600 ἐφη
377 507 585 600 ἀγγελθῆναι
608 508 702 603 αύτῷ
727 509 789 580 τόν
806 507 1017 601 άρχάγγελον
1033 520 1102 579 θα-

1 679 3 685 ,
134 626 210 682 νεῖν
228 613 373 701 Μιχαήλ.
408 617 477 701 τοῖν
495 611 534 682 δὲ
551 615 662 700 ψευδῆ
680 609 742 699 τήν
759 607 921 699 ἀγγελίαν
939 615 1102 698 διατεινο-

126 713 247 802 ,μένων
268 713 463 803 τυγχάνειν,
488 711 659 804 ἀδύνατον
682 711 749 803 γάρ
775 711 861 782 εἶναι
889 722 1012 782 θανεῖν
1041 711 1103 782 τόν

132 809 361 906 άρχάγγελον,
387 812 572 903 ύπολαβοδν
594 811 612 883 ὁ
636 812 809 904 φύλαρχος
834 811 929 904 εἶπεν
953 809 1016 882 “εί
1036 805 1102 883 ούν

133 913 274 1002 ἄγγελος
292 913 333 985 ού
350 915 503 1007 θνήσκει,
521 917 593 997 τοῖς
606 911 686 984 καθ’
707 912 796 1004 ὑμᾶς
813 911 834 1003 ή
851 913 972 1003 θεότης
993 917 1105 984 ἔπαθέ

132 1023 168 1086 τε
191 1015 376 1107 καὶιέθανε
398 1023 441 1108 τῇ
464 1017 564 1109 σαρκὶ
588 1025 820 1105 συγκραθεῖσα
850 1016 907 1086 καὶ
937 1021 986 1096 είς
1008 1022 1205 1104 μίανῖῖῐΙΙιι

133 1114 240 1208 φύσιν
258 1112 554 1202 άποτελεσθεῖσας”
577 1115 707 1198 τούτοις
724 1121 759 1186 οί
775 1119 950 1187 ἐπίσκοποι
969 1119 1134 1188 ἐκεῖνονυ

95 1249 121 1290 ιο
133 1217 196 1308 μέν
214 1215 413 1306 ἐθαύμασαν
429 1225 489 1308 τής
507 1220 691 1308 συνέσεως·
714 1211 813 1288 αύτολ
837 1216 873 1287 δ’
898 1215 1101 1310 ἀπογνόντες

54 1391 55 1394 ,
135 1316 180 1400 ὡς
205 1316 270 1388 ούκ
294 1315 337 1388 άν
360 1345 441 1390 ποτε
464 1332 676 1446 μετενεγκεῖν
706 1316 814 1388 αύτὸν
836 1323 1021 1408 δυνηθεῖεν
1053 1323 1101 1402 είς

73 1483 74 1488 ,
134 1418 198 1489 τήν
216 1415 381 1502 δόξαν’
336 1448 465 1508 αυτων,
482 1417 717 1512 ύπεχύρησαν.
752 1425 822 1490 τῶν
840 1419 879 1489 δέ
895 1419 1102 1514 Βουλγάρων

133 1513 305 1602 αύθιςτδ
267 1518 522 1612 τοἸλλυρικόν
555 1518 839 1612 καταδραμόντων
880 1515 1102 1603 ἀντετάξαντο

131 1621 261 1703 τούτοις
278 1621 366 1703 τινὲς
382 1629 452 1692 τοῖν
464 1621 636 1712 Ῥωμαίων
653 1621 839 1712 ταξιάρχων
855 1619 941 1710 μετά
955 1627 1024 1690 τῶν
1041 1617 1097 1690 ύιί
1225 1622 1226 1626 ’

96 1755 121 1794 15
135 1719 260 1804 αύτούς
277 1722 464 1812 ταγμάτοιν.
501 1725 640 1793 ἐκείνων
658 1722 696 1792 δὲ
715 1724 862 1816 ἐπῳδαῖς
879 1723 1101 1816 χρησαμένων

132 1824 189 1892 καὶ
213 1831 396 1912 γοητείαις,
423 1821 615 1912 ἡττήθησαν
633 1829 781 1914 αἰσχρῶς
800 1828 835 1892 ολ
847 1820 1016 1912 Ῥωμαῖοι,
1043 1822 1100 1891 καὶ

133 1923 222 2013 πλήν
240 1920 368 2012 ὀλίγων
385 1925 531 2006 ἅπαντες
549 1923 795 2018 διεφθάρησαν.
821 1916 950 2012 οἷντήν
962 1922 1100 2014 φθοράν

132 2024 278 2114 κομήτης
302 2024 409 2116 ἀστήρ
433 2024 647 2116 προεμήνυσε
672 2025 729 2092 καὶ
752 2023 894 2114 κόρακες
912 2024 1100 2115 πορευομέ-
1161 2117 1164 2121 s

1 2132 14 2166 '¹
131 2153 203 2195 νων
221 2125 333 2198 αύτοῐν
349 2124 613 2217 ύπεριπτάμεηοί
632 2152 669 2194 τε
691 2125 749 2194 καὶ
771 2124 1019 2214 προηγούμενοι
1043 2125 1100 2192 καὶ

95 2260 122 2301 το
135 2231 171 2296 οί
186 2229 385 2316 σαλπιγκταὶ
408 2223 486 2299 άντλ
503 2230 663 2298 ἐνυοιλίου
688 2222 775 2314 ήχής
792 2224 976 2314 περιπαθές
993 2250 1025 2292 τι
1041 2224 1100 2292 καὶ

0 2399 1 2402 ,
55 2417 65 2423 δ
131 2333 308 2418 θρηνῶδες
330 2327 523 2418 ήχήσαντες.
558 2332 619 2398 τού
643 2323 679 2394 δ’
699 2325 836 2396 ἄνωθεν
854 2324 1018 2415 ῥηθέντος
1040 2333 1099 2418 Τι-

130 2431 259 2518 μοθέου
284 2429 393 2499 πολλοὶ
418 2443 488 2510 τοῖς
517 2425 714 2519 όρθοδόξοις
745 2425 980 2516 ε’νδειξαμένου
1011 2424 1202 2504 κακάΡΠετ

131 2531 188 2600 καλ
200 2530 460 2620 τελευτήσαντος
469 2527 627 2617 Ἰωάννης
640 2523 898 2616 ὁΚαππαδόκης
910 2532 969 2617 τής
983 2520 1133 2615 duzan-A

133 2637 208 2712 σίας
235 2633 442 2722 ἐνεχειρίσθη
468 2629 529 2720 τήν
552 2635 782 2758 προστασίαν,
805 2635 863 2718 ἐτη
887 2627 956 2698 δύο
974 2628 1099 2716 ταύτης

93 2762 120 2804 τε
133 2729 289 2818 προστάς.
322 2732 518 2820 τέθνηκεδέ
530 2759 620 2820 καιη
608 2729 763 2820 βασιλὶς
773 2725 940 2820 Ἀριάδνη.
970 2730 1100 2815 λέγεται

1 2910 3 2913 y
133 2829 208 2920 δὲ’
190 2856 228 2899 εν
244 2845 314 2912 τοῖς
327 2831 459 2922 χρόνοις
471 2839 531 2921 τής
544 2838 714 2920 βασιλείας
724 2829 908 2900 Ἀναστασί
906 2857 946 2898 ου
964 2824 1100 2918 ἄγαλμα

131 2935 190 3019 τῆς
212 2927 323 3021 Τύχης
339 2937 399 3021 τῆς
416 2933 545 3014 πόλεως
562 2935 600 3003 ἐν
622 2936 716 3002 εῖδει
727 2929 888 3018 γυναικός
913 2931 950 2998 ἐκ
971 2934 1099 3017 χαλκού

130 3035 373 3124 πεποιημένον,
397 3033 546 3126 θάτερον
567 3035 637 3104 τῶν
654 3037 771 3102 ποδῶν
789 3029 881 3112 ἐντός
898 3028 979 3118 νηός
998 3029 1093 3118 ἐχού-

131 3155 192 3260 σης
216 3131 281 3227 πρό
300 3133 405 3226 αύτής
424 3135 571 3224 έστοόσης
594 3133 652 3204 καὶ
675 3125 796 3222 όμοίας
818 3130 904 3225 ύλης
927 3132 1098 3221 ἐξειργασ-

92 3267 119 3310 ιο
130 3236 250 3325 μένης,
274 3241 440 3307 ίστασθαί
459 3260 525 3306 που
542 3242 601 3324 τής
620 3233 757 3315 πόλεως.
792 3231 916 3303 τούτου
934 3236 1018 3320 δῆτα
1035 3237 1098 3302 τού

1 3431 2 3435 ¹
130 3342 189 3424 τής
206 3335 288 3426 νηός
306 3335 583 3428 είκονίσματος’“
562 3365 619 3428 η
604 3364 651 3430 τω
669 3334 780 3430 χρόνω
798 3333 1006 3424 μογήσαντος
1024 3360 1044 3421 η
1030 3329 1166 3414 ἐξ

132 3439 311 3527 ἐπιβουλῆς
328 3441 412 3531 μέρη
430 3467 505 3508 τινα
493 3405 785 3529 θραυόθέντα’
765 3435 950 3528 αφήρηντο.
986 3429 1099 3506 ούκέτι
