2546 3822
415 163 729 218 mmmm
990 159 1048 226 w

89 306 285 390 ἐπείθοντο,
316 314 450 394 πικραῖς
480 301 637 374 κολάσεσι
665 303 723 372 καὶ
752 307 871 390 βιαίοις
896 301 1055 383 θανάτοις

7 493 9 498 ,
86 411 149 474 τοῦ
174 409 232 492 ζήν
257 407 497 491 ἐστερέσκοντο.
533 400 587 474 ὅτε
605 403 662 474 καὶ
680 401 698 472 ὁ
716 403 821 490 μέγας
840 405 877 474 ἐν
895 401 1055 492 ἀσκητοῖς

87 507 142 574 καλ
169 507 206 575 ἐν
231 499 397 593 ἀθληταῖς
422 504 618 594 περιβόητος
636 505 824 592 Στέφανος,
841 501 887 593 μή
904 505 1054 584 πεισθεὶς

87 605 129 676 όν
147 608 275 688 ἐκεῖνος
302 606 410 676 ἐκάλει
422 606 531 694 τόμον
548 606 714 688 δέξασθαί
734 632 769 674 τε
787 605 844 674 καί
860 606 1053 692 βεβαιῶσαι,

41 725 44 728 ’
61 705 195 778 τπολλά
213 706 337 778 παθόν
353 708 447 790 τέλος
465 703 614 810 ἀνῄρητο
630 705 780 794 ἀπηνῶς,
793 707 850 776 καί
868 705 1054 795 συρόμενος

88 812 124 878 ἐκ
140 815 200 896 τής
223 813 285 878 τοά
309 813 517 899 πραιτωρίαν
541 813 671 898 εἱρκτῆς
694 807 772 899 άχρι
794 812 864 878 τόν
882 813 1054 894 Πελαγίον

88 913 158 980 ἐκεῖ
172 908 255 999 μετά
273 915 342 980 τόν
359 916 569 1000 κατακρίτων
587 911 720 1000 ἐρρίφη,
744 904 833 980 ὅπου
857 909 993 998 τέμενος
1010 900 1054 995 ήν

7 1011 8 1014 “
86 1016 147 1082 τοῦ
171 1011 341 1101 μάρτυρος
360 1017 546 1098 Πελαγίον,
572 1007 592 1080 ὃ
609 1009 767 1080 καθελιόν
785 1008 803 1079 ὁ
822 1008 979 1098 μισόθεος
997 1009 1055 1078 καὶ

86 1111 217 1204 βόθρον
250 1107 373 1202 ἀράξας
406 1109 603 1200 βαθύτατον
638 1114 709 1182 ἐκεῖ
740 1109 820 1190 τούς
853 1115 1055 1190 καταδίκους

7 1297 8 1300 ¹
46 1244 74 1284 10
88 1217 278 1304 ῥιπτεῖσθαι
301 1215 491 1303 προσέταξε.
527 1211 675 1294 πολλοός
698 1212 737 1282 δέ
755 1212 811 1282 καὶ
828 1215 897 1280 τόν
915 1214 952 1282 ἐν
969 1212 1055 1280 τέλει

8 1409 9 1414 ¹
86 1316 143 1384 καί
165 1320 235 1386 τοῖν
256 1319 316 1403 τῆς
341 1314 531 1403 συγκλήτου
555 1319 680 1402 βονλής
703 1312 759 1384 διά
782 1311 846 1401 τήν
869 1311 968 1401 τιμήν
985 1316 1055 1380 τοῖν

87 1413 194 1502 ἀγίων
219 1415 363 1488 εἰκόνων
388 1416 622 1506 ἐτιμωρήσατο,
645 1417 703 1486 καὶ
729 1414 832 1503 ὅρκον
855 1416 892 1484 ἐκ
915 1412 1154 1493 πάντωνΡΠςῃ

7 1527 8 1530 ’
87 1515 237 1608 ἀπήτησε
260 1517 306 1606 μή
331 1543 404 1586 τινα
428 1519 529 1605 σέβας
551 1518 666 1606 νέμειν
689 1531 763 1600 ταῖς
787 1521 896 1596 θείαις
913 1507 1088 1600 είκόσιν,Δ

86 1617 246 1691 ἀλλὰκαὶ
264 1620 297 1702 ἐξ
319 1615 427 1688 αὐτον
444 1623 506 1688 τοῦ
525 1623 801 1702 Κωνσταντίνον,
819 1613 860 1686 όν
877 1612 979 1696 αὐτὸς
996 1619 1055 1702 τής

6 1797 9 1802 ,
46 1748 73 1792 ιτ
88 1723 263 1807 ἐκκλησίας
286 1721 490 1809 προέστησε,
522 1717 582 1788 τόν
614 1715 717 1806 ὅρκον
744 1723 867 1787 τοῦτον
891 1713 1054 1806 ἀπήτησε,

6 1829 8 1832 ’
86 1821 144 1890 καὶ
162 1818 200 1902 ὃς
219 1822 257 1890 έν
274 1827 322 1912 τῷ
339 1817 469 1910 ἀμβωνι
486 1817 614 1906 ἀναβάς
633 1817 752 1907 άμοσε.
796 1816 880 1888 κατά
896 1814 1053 1905 Βονλγά-

88 1949 158 2013 ρων
183 1921 221 1992 δέ
244 1920 325 2008 μετά
351 1920 474 1990 στόλον
498 1925 628 1990 πολλοό
647 1919 796 2002 ἐξελθών
814 1925 863 2001 είς
877 1916 1055 2008 Ἀγχίαλον

6 2065 7 2070 1
87 2021 147 2104 τάς
172 2028 256 2112 νήης
274 2021 499 2111 προσάρμισε,
523 2021 580 2090 καὶ
597 2019 806 2100 πνεύσαντος
822 2018 949 2108 ἀνέμου
968 2040 1054 2106 σφο-

6 2121 9 2128 ’
87 2127 174 2212 θροῦ
193 2129 439 2212 συνετρίβησαν
448 2120 575 2209 σχεδόν
588 2121 728 2208 άπασαι,
742 2121 799 2190 καί
816 2119 930 2208 πλήθη
947 2118 1054 2188 πολλά

46 2252 74 2292 το
87 2225 151 2293 του
175 2249 211 2292 τε
233 2228 396 2293 ναυτικοῦ
419 2223 477 2292 καὶ
492 2228 554 2292 τοό
572 2226 808 2310 στρατιωτικοῦ
826 2214 1000 2290 ἀπόλοντο
1019 2221 1056 2288 ἐν

87 2339 158 2405 τοῖς
175 2321 313 2394 ὕδασιν·
333 2323 417 2394 ὅθεν
435 2322 605 2414 άπρακτος
623 2325 823 2410 ἐπανῆλθεν.
857 2317 1055 2410 έκμαινόμε-

88 2453 145 2508 νος
161 2426 276 2516 μέντοι
292 2425 376 2496 κατά
394 2430 465 2496 των
481 2430 653 2514 μοναχάν,
667 2429 871 2510 λππηλασίας
889 2419 1056 2510 ἀγομένης

11 2521 15 2524 ’
89 2531 126 2597 ἐν
151 2533 199 2621 τῷ
222 2525 375 2621 θεάτρῳ,
400 2525 547 2606 πολλοὺς
570 2523 687 2596 αὐτόν
711 2521 889 2613 κατασχόν
915 2522 1055 2612 ἐθριάμ-

88 2635 189 2713 βευσε
207 2627 261 2698 διά
284 2634 346 2698 τοό
369 2627 517 2717 θεάτρου
535 2625 763 2717 περιαγαγάν,
780 2623 909 2714 ἀσεμνα
928 2626 966 2694 ἐν
982 2639 1055 2705 ταῖς

47 2753 76 2796 τι
88 2728 205 2816 χερσὶν
229 2731 428 2816 κατέχοντας
445 2728 578 2815 γόνατα.
613 2734 674 2798 καί
686 2753 780 2807 τινας
797 2730 867 2796 τῶν
884 2724 1056 2813 ἐπισήμων
1079 2735 1087 2751 ’

87 2826 261 2918 ἀρχόντων
277 2827 359 2910 τούς
376 2828 439 2917 μέν
456 2829 578 2922 φθόνςο
595 2827 641 2898 δι’
662 2825 848 2917 ἀραιότητα
864 2826 921 2894 καὶ
939 2828 1088 2914 §mua-B

88 2929 238 3018 λεότητα,
255 2928 332 3010 τούς
345 2929 384 3000 δὲ
394 2928 444 3001 ὅτι
455 2929 513 3010 τάς
527 2928 761 3019 ἀρρητοποιίας
775 2922 1056 3016 αότοῦμοναχοίς

89 3031 303 3122 ἐξηγόρευον,
321 3030 580 3120 συκοφαντήσας
604 3029 649 3112 ὥς
666 3024 744 3100 κατ’
765 3025 873 3100 αὐτοῦ
890 3034 1055 3115 βονλευο-

87 3135 224 3222 μένους,
253 3130 317 3202 θάο
346 3132 409 3222 μὲν
439 3137 509 3202 τάν
539 3133 787 3220 ἐπισημοτέραν
817 3127 877 3210 τάς
907 3128 1055 3218 κεφαλάς

47 3260 75 3302 ao
90 3235 230 3324 ἐξέτεμε,
256 3247 326 3315 τοῖς
350 3233 389 3304 δὲ
413 3239 543 3315 λοιποῖς
567 3231 712 3316 ἐκκόψας
737 3231 778 3302 τά
801 3227 934 3320 όμματα
960 3254 1055 3319 περι-

88 3349 250 3424 γραπτοις
261 3329 389 3416 αότοός
402 3332 508 3425 ὁρίοις
520 3335 744 3422 συνέκλεισεν,
754 3337 840 3402 ένθα
852 3329 926 3401 κατ’
943 3333 1057 3401 ένιαν-

89 3437 150 3509 τόν
167 3438 308 3528 πέμπων
326 3435 445 3508 ἑκατόν
461 3436 661 3526 βουνεόροις
672 3435 783 3527 ᾔιιιζεν
800 3435 952 3506 ἕκαστον.
970 3429 1054 3502 ἀλλά
