2546 3822
218 215 282 281 332
507 217 577 271 τεο,
597 215 670 272 x1v.
692 215 770 272 σεε.
790 217 903 272 xxvu.

218 345 299 438 λους
318 363 366 438 είς
383 356 447 445 τὴν
469 363 577 445 νῆσον
594 363 734 446 κατάραι
746 356 871 444 Ῥόδον,
892 356 992 428 κάκεί
1003 360 1188 446 ἑνωθῆναι,

217 460 274 528 καί
298 459 406 539 οῦτως
425 459 607 528 ἐκπλεῦσαι
629 457 713 529 κατά
730 465 800 528 τῶν
818 458 993 546 ἐναυτίων,
1013 457 1187 549 προβαλό-

217 587 318 650 μενος
337 557 483 650 άρχοντα
500 565 562 629 τοῦ
581 559 702 629 στόλου
721 559 848 640 παντός
868 557 1030 648 Ἰωάννην
1046 562 1104 646 τῆς
1121 565 1190 628 τοῦ
1205 610 1210 621 .

217 669 304 731 θεοῦ
321 661 468 750 μεγάλης
487 664 663 748 ἐκκλησίας
682 659 839 732 διάκονον
856 661 912 730 καί
930 661 1065 748 χευιιιόν
1083 670 1189 747 λογο*
1269 719 1270 732 ,

215 766 332 851 θίτην.
357 763 495 832 πάντων
512 755 576 831 οῦν
593 769 642 842 είς
654 761 718 849 τὴν
731 759 847 832 Ῥόδον
864 763 1217 852 συναθροισθέντωνε
1269 799 1270 802 ¹

218 863 236 935 6
255 863 410 946 διάκονος
431 862 588 951 Ἰωάννης
605 863 690 952 πρὸς
709 868 857 933 ἔκπλουν
873 863 1064 953 ἡτοίμαστο,
1089 868 1126 932 οί
1147 863 1190 932 δὲ

217 973 278 1036 τοῦ
292 967 427 1054 στόλον,
441 966 639 1054 καὶμᾶλλον
657 969 693 1034 οί
706 971 768 1034 τοῦ
785 967 931 1054 ,θέματος
946 971 1007 1035 τοῦ
1022 965 1189 1053 Ὀρεστῶν,

218 1066 282 1138 οῦκ
307 1060 396 1155 ἦσαν
419 1067 599 1155 πενθῦνιω,
625 1061 668 1136 οῦ
691 1065 757 1156 γάρ
781 1071 892 1148 καλός
916 1067 1002 1156 πρός
1024 1065 1083 1136 τόν
1100 1094 1189 1155 κρα-

216 1175 343 1238 τοῦντα
368 1169 546 1254 διέκειντο,
572 1167 644 1236 ἐπεί
667 1165 746 1256 μηδ’
777 1171 905 1248 ἐκεῖνος
927 1175 968 1258 τῇ
1000 1173 1189 1258 πλευστικῇ
1268 1195 1270 1256 ss

218 1275 355 1360 στρατιᾷ
372 1271 573 1358 κεχρημένος
590 1261 635 1356 ἦν
652 1273 778 1352 δεξιῶς.
806 1268 852 1351 ῦς
870 1271 909 1339 δὲ
922 1269 1007 1359 πρός
1020 1267 1083 1357 τὴν
1098 1271 1188 1338 ίκεί-
1202 1297 1226 1336 ιο

193 1463 194 1466 ¹
217 1399 288 1440 νων
312 1369 490 1440 ἀπείθειαν
515 1369 534 1439 6
557 1370 712 1452 διάκονος
735 1369 959 1463 άρχικοίτερον
978 1371 1113 1495 διετέθη
1129 1371 1190 1439 καὶ

218 1472 429 1640 δριμύτερονὶ
440 1470 555 1552 αῦτοῑς
578 1474 857 1563 προσεφέρετο,ε
841 1480 889 1553 είς
914 1472 1030 1542 στάσιν
1046 1472 1190 1552 τούτους

115 1569 355 1702 ΡΠ99ηρὲθισε
372 1573 429 1642 καὶ
445 1569 504 1642 τόν
516 1576 655 1661 βασιλέα
667 1573 966 1702 δυσφημήσαντες
967 1571 1074 1642 αῦτόν
1091 1569 1189 1642 άνετ-

183 1653 280 1744 Αλον
304 1673 421 1754 εῦθῦς.
452 1674 592 1743 καὶτοῦ
617 1675 732 1760 πρόσω
756 1691 879 1764 χωρεῖν
897 1671 1057 1764 άφίμενοι
1074 1679 1109 1744 οί
1123 1674 1190 1762 μὲν

217 1773 371 1864 άπήεσαν
388 1781 515 1862 οίκαδε,
533 1780 569 1846 oi
583 1775 622 1844 δε
640 1775 724 1865 πρός
749 1775 787 1845 τό
806 1776 990 1860 Βυζάντιον
1008 1775 1185 1865 ὥρμησαν
1200 1801 1225 1842 ιε

217 1877 323 1946 καί’
306 1903 343 1944 εν
373 1881 420 1966 τῷ
449 1871 660 1968 Ἀτραμυτίςο
690 1877 866 1966 γενόμενοι
898 1875 1080 1947 Θεοδόσιόν
1108 1902 1185 1944 τινα
1269 1931 1270 1978 ,

218 1975 390 2065 πράκτορά
425 1981 494 2044 τεῦν
530 1981 701 2066 δημοσίων
734 1984 860 2066 τελῶν,
898 1978 1035 2066 ίδιεότην
1060 1976 1181 2063 άνδρα,
1269 1979 1270 2064 J

115 2077 358 2152 Wn1816uovva
376 2075 550 2165 λαβόντες,
563 2076 799 2169 ἀνηγόρευσαν
815 2077 1054 2170 αῦτοκράτορα.
1076 2082 1189 2146 ταῦτα
1268 2077 1270 2118 ³

219 2175 341 2268 μαθων
372 2177 391 2249 6
418 2178 584 2270 Ἀρτέμιος
615 2181 735 2250 στόλον
758 2179 919 2270 ἡτοίμασε
943 2183 1001 2249 καὶ
1025 2185 1067 2270 τῇ
1091 2178 1191 2248 πόλει

220 2283 379 2368 ἐπέστησε
409 2281 578 2369 φυλακήν,
609 2280 711 2362 αῦτδς
743 2281 776 2351 δ’
807 2285 843 2350 ἐν
871 2289 1000 2372 Νικαίηι
1026 2287 1121 2368 διῆγε
1144 2285 1191 2370 τῇ
1205 2309 1230 2350 ει
1268 2341 1270 2350 ,

218 2382 421 2471 μητροπόλει
446 2389 706 2453 τῶνΒιθυνῦν.
742 2383 838 2452 οίλδδ
862 2383 1060 2452 στασιασταὶ
1077 2381 1135 2450 διά
1155 2410 1194 2452 τε
1269 2463 1270 2470 χ

218 2489 280 2570 γῆς
311 2483 368 2550 καὶ
397 2483 572 2568 θαλάσσης
599 2480 762 2568 άφίκοντο
794 2491 841 2564 είς
865 2483 1100 2574 Χρυσόπολιν,
1130 2484 1193 2552 καὶ
1269 2479 1270 2500 ³

217 2585 313 2670 μέχρι
330 2583 393 2668 μέν
405 2609 495 2662 τινος
509 2591 692 2671 νανμαχίαι
709 2589 872 2672 ἐγίνοντο,
897 2584 968 2654 εἶτα
986 2587 1195 2673 περαιωθείς

219 2687 266 2762 είς
286 2681 423 2772 Θράκην
449 2675 467 2750 6
487 2683 665 2764 Θεοδόσιος
688 2685 742 2754 διά
767 2691 828 2755 τοῦ
852 2693 982 2774 τείχους
1007 2691 1077 2754 τῦν
1095 2694 1193 2756 Βλα-

218 2789 349 2872 χερνῦν
375 2786 411 2853 ἐκ
435 2789 617 2872 προδοσίας
646 2793 693 2867 είς
715 2785 780 2874 ’νῦν
804 2788 1028 2876 μεγαλόπολιν
1056 2789 1196 2877 είσελή·
1210 2815 1236 2856 ιε

184 2911 207 2962 Β
222 2893 319 2972 λυθε,
338 2886 473 2954 καὶτοῦ
492 2886 558 2956 σῦν
577 2882 670 2980 αῦτῷ
689 2894 850 2958 ναυτικοῦ
867 2890 977 2958 τεκαὶ
994 2910 1198 2978 στρατιωτι-

217 2992 281 3056 κοῦ
307 2989 499 3074 είσρυέντος
525 2990 562 3057 ἐν
585 2989 691 3080 ταότη
709 2987 815 3058 πολλά
834 2995 904 3059 τῦυ
922 2992 960 3079 ἐν
975 3004 1049 3070 ταῖς
1067 2996 1199 3074 οίκίαις

218 3088 397 3176 χρημάτων
420 3085 630 3176 ἡρπάγησαν.
667 3089 748 3171 τοῦς
772 3090 811 3158 δὲ
828 3089 915 3180 ὑπὲρ
930 3089 1106 3180 Ἀρτεμίου
1125 3089 1197 3162 άν-

217 3191 419 3275 τεχομίνους
449 3195 519 3258 τόν
550 3185 725 3278 άρχόντων
757 3192 1002 3281 συλλαβόμενοι
1035 3193 1094 3260 καὶ
1129 3194 1200 3265 τὸν

217 3288 425 3376 πατριάρχην
450 3290 625 3378 Γερμανόν
651 3291 920 3381 παραλαβόντες,
952 3289 1110 3380 ἀπῆλθον
1144 3303 1197 3377 είς
1211 3323 1238 3364 ω

218 3393 385 3471 Νίκαιαν,
409 3391 600 3472 δεικνύντες
623 3397 671 3484 τῷ
692 3390 904 3486 Ἀρτεμίω
884 3421 934 3464 οτι
955 3421 977 3518 η
1002 3392 1098 3476 πόλις
1124 3395 1199 3485 ἤδη

218 3483 419 3572 παρελήφθη
443 3490 560 3555 καὶ
523 3517 563 3557 τα
586 3462 669 3576 βαόί
668 3500 747 3562 λεια.
796 3491 914 3576 καλός
937 3493 975 3563 τό
1000 3497 1199 3584 μοναδικόν
