2546 3822
397 148 470 202 Lm.
489 147 546 199 xv.
565 146 643 200 οεΡ.
662 148 735 201 xlv.
991 144 1053 210 371

80 291 159 377 τέλη
184 287 265 368 τοός
289 285 520 377 εὐποροῦντας
543 285 819 376 εἰσπράττεσθαι,
844 282 865 356 δ
888 281 1054 375 ἀλληλέγ-

80 419 167 480 γνον
186 387 380 478 ῶνομάσθη.
414 384 562 468 ἐπόπτας
579 386 822 476 προνβάλλετο,
843 387 1055 476 ἐπισκήπτων
1149 445 1151 449 ,
1254 385 1255 390 ’

82 489 239 573 ἐπαόξειν
256 495 345 576 σφᾶς
362 488 403 558 τά
424 487 586 577 δημόσια,
604 486 820 558 ἀπαιτεῖσθαι
837 488 876 558 δὲ
893 490 951 558 καὶ
967 487 1054 579 ὑπὲρ

81 595 294 683 χαρτιατικοό
321 591 376 660 ἐπὶ
399 595 447 682 τῷ
471 597 649 680 νομίσματι
674 589 738 660 δάο
761 589 905 680 κεράτια.
942 598 978 660 οἳ
998 593 1055 660 καὶ

55 723 68 765 ε
82 693 122 766 τά
140 699 279 780 κρείττω
296 695 366 760 τῶν
383 689 549 780 ἀκινήτων
568 694 604 760 ἐκ
617 695 687 761 τῶν
704 696 879 762 δεσποτῶν
893 687 1055 782 ἀφαιρού-

81 822 176 886 μενοι
194 799 242 888 τῶ
260 797 412 886 δημοσίῳ
430 791 608 883 ἀφῶριζον.
643 792 768 862 τοάτου
794 793 851 862 καὶ
874 791 974 882 ἡτοῶ
992 819 1055 862 κα-

85 901 208 967 πνικοῶ
228 898 379 975 ἐπίθεσις
398 893 546 983 ἐννόημα
563 893 732 982 κάκιστον,
751 895 957 982 ἐπαχθέντος
986 910 1056 976 τοῖς

82 1003 152 1067 τῶν
177 999 364 1085 ἐκκλησιῶν
387 996 444 1066 καὶ
470 1003 644 1084 πτωχείαν
673 1003 903 1086 γηροκομείων
934 1023 970 1066 τε
1000 998 1056 1066 καλ

81 1103 318 1190 μοναστηρίων
343 1103 516 1185 παροίκοις
540 1098 597 1166 καὶ
621 1099 723 1167 παντλ
747 1096 830 1185 μήτε
859 1103 924 1186 γην
947 1103 1056 1186 ἔχοντι

44 1232 70 1273 ιο
82 1199 166 1290 μήτε
183 1200 289 1286 τέλος,
315 1199 371 1268 καὶ
389 1196 427 1267 τό
446 1197 524 1280 τοδς
543 1201 576 1281 ἐξ
595 1196 734 1288 ἀπόρων
752 1197 845 1279 ὅπως
863 1198 988 1287 δήποτε
1006 1206 1088 1280 είςΒ
1149 1205 1153 1212 ’

82 1299 249 1390 εὐπορίαν
278 1302 539 1389 μετενεχθέντος
565 1299 718 1390 χρήματα
748 1297 978 1388 ἀπαιτεῖσθαι,
1011 1299 1057 1381 ῶς

82 1399 223 1492 εὑρετάς
246 1394 527 1490 θησανρῶν,’καλ
543 1400 582 1472 τδ
599 1399 680 1482 τοδς
698 1405 768 1471 τῶν
785 1406 879 1489 νηῶν
896 1400 1057 1490 κτητορας

82 1502 331 1591 ἀναγκάζεσθαι
355 1507 422 1591 γῆν
447 1500 610 1574 ἀνεῖσθαι
635 1500 701 1572 ἀπδ
719 1508 780 1572 τοῦ
798 1507 976 1592 δημοσίου,
994 1499 1056 1572 ἀν-

82 1604 246 1694 θράπονς
269 1601 349 1673 οὐδ’
376 1603 440 1691 ό,τι
463 1604 535 1674 ἐστὶ
557 1611 705 1694 γεωργία
730 1603 975 1692 γινῶσκοντας,
1001 1605 1058 1673 καλ

17 1741 19 1746 ’
46 1737 70 1780 ιε
83 1711 186 1777 τοῦτο
205 1704 260 1774 ἐπὶ
278 1710 346 1774 τῶν
365 1709 402 1775 ἐν
415 1719 485 1786 τοῖς
497 1706 643 1792 θέμασιν
656 1704 843 1776 οἰκούντων
856 1704 1058 1794 ναυκλήρων

83 1811 223 1895 ἐγένετο.
259 1807 329 1887 τοῖς
354 1803 388 1876 δ’
419 1808 456 1874 ἐν
473 1805 832 1877 Κωνσταντινοοπόλει
857 1813 951 1894 νηῶν
975 1805 1056 1896 κτη’-

81 1928 178 1999 τορσι
196 1915 432 1998 προσερρίπτει
449 1905 515 1978 ἀνά
534 1907 665 1978 δῶδεκα
683 1913 797 1998 λίτρας
816 1907 955 1996 ἑκάστης
971 1937 1057 1998 χρο-

83 2017 182 2095 σίου,
210 2013 268 2078 ἵνα
284 2009 388 2080 τόκον
404 2005 585 2098 καταβάλοι
602 2016 651 2100 τῶ
669 2016 832 2103 δημοσίῳ,
858 2015 927 2080 τῶν
943 2007 1057 2079 ἀλλων

82 2115 202 2202 βαρῶν
226 2115 295 2179 τῶν
319 2125 389 2192 τοῖς
413 2117 542 2190 πλοίοις
567 2113 785 2199 ἐπικειμένων
803 2111 964 2182 ἐπέκεινα.
1000 2111 1058 2182 καὶ

46 2243 71 2285 ιο
84 2210 147 2294 οδς
165 2209 199 2281 δ’
221 2207 265 2281 ἀν
283 2217 390 2300 ἔμαθε
406 2213 476 2282 τῶν
494 2210 652 2304 ἐμπόρων
669 2209 690 2300 ἢ
711 2215 940 2302 ἐργαστηρίων
957 2227 1058 2300 προλ-

84 2313 260 2403 σταμένων
283 2316 420 2384 πολλῶν
444 2311 623 2404 εὐπορεῖν,
649 2315 797 2383 στέλλων
828 2309 993 2402 ἀφῃρεῖτο
1019 2310 1059 2380 τά

84 2415 256 2506 χρήματα,
281 2414 470 2485 πολλοστόν
494 2441 525 2485 τι
540 2415 641 2504 μέρος
659 2418 798 2496 ἐκείνοις
816 2415 893 2501 ἐῶν,
911 2407 986 2484 οἷον
1003 2413 1059 2481 καὶ

87 2521 146 2588 ἐκί
168 2544 232 2586 τινι
256 2515 367 2606 πράτη
393 2525 522 2606 κηρίων
546 2515 733 2608 εἰργάσατο.
768 2513 892 2605 μαθῶν
915 2510 981 2606 γάρ
998 2513 1091 2596 τδνο

88 2617 197 2707 ἀνδρα
216 2619 348 2687 ἐκεῖνον
365 2616 487 2707 κόριον
504 2614 590 2689 εδναι
606 2618 785 2710 χρημάτων
803 2623 939 2688 πολλῶν
956 2644 1058 2706 μετα-

49 2749 74 2790 εε
88 2718 248 2807 πέμπεται
271 2716 395 2805 αὐτόν,
421 2717 478 2789 καὶ
498 2718 636 2801 “ἐπίθες
654 2718 735 2790 σον”
759 2726 846 2808 φησί
862 2712 946 2805 ’τὴν
962 2732 1057 2806 χεῖρα

88 2824 130 2910 τῇ
154 2827 285 2910 κεφαλῇ
308 2847 393 2909 μου,
420 2821 477 2890 καὶ
500 2814 858 2922 όμοσονκατῖαάτης
881 2818 990 2888 πόσον
1008 2838 1060 2886 σοι

86 2927 229 3012 χρυσίον
248 2918 345 2992 ἐστί.”
371 2925 432 2992 τοῦ
451 2919 490 2991 δέ
507 2923 706 3009 βιασθέντος
722 2925 824 2989 τοῦτο
842 2925 988 3007 ποιῆσαι,
1001 2920 1059 2988 καὶ

88 3021 274 3113 ὀμόσαντος
305 3021 424 3094 ἑκατόν
459 3030 546 3112 ἐχειν
576 3031 703 3112 λίτρας,
728 3019 1059 3110 ἐνεχθῆναιταάτας

86 3123 364 3216 παρεκελεύσατο.
403 3123 448 3206 ῶς
466 3117 531 3196 οὖν
549 3127 791 3214 ἐκομίσθησαν,
805 3119 870 3192 ’ὀά
889 3127 984 3213 χρεία
1007 3141 1060 3190 σοι

47 3259 73 3300 οο
87 3223 275 3296 τοσοότον”
293 3223 373 3296 εἶπε
394 3220 575 3316 “χρνσοῦ.”
611 3228 692 3297 δέκα
715 3231 802 3312 γοῦν
825 3229 940 3313 λίτρας
965 3220 1058 3315 αὐτῷ

69 3329 268 3418 ’ἐπιτρέψας
286 3334 404 3416 λαβεῖν
422 3326 481 3409 τάς
499 3325 616 3408 λοιπάς
635 3326 738 3409 αὐτὸς
757 3325 957 3420 ω’κειῶσατο,
976 3321 1059 3412 ὁμο·

88 3433 217 3502 δίαιτον
230 3426 337 3500 αὐτόν
350 3435 533 3518 τηνικαῦτα
549 3428 751 3518 πεποιηκός,
767 3427 966 3517 ἐνενήκοντα
979 3447 1058 3518 χρυ-

787 3538 854 3604 24*
