2510 3834
214 182 256 246 γρ
517 178 603 234 ‘LIB
616 183 663 238 v1
683 181 761 235 οΑΡ.
774 183 859 235 xxv

211 319 315 414 ήμισυ
332 326 389 411 τῆς
408 320 509 392 πόλαι
527 325 622 411 τιμής
637 320 697 392 τόν
714 319 866 412 σταθμόν
889 350 948 392 του
934 325 1106 413 χρυσίου
1125 349 1179 394 πι-

212 421 433 513 πρόσκεσθαι.

292 531 337 597 Οι
353 521 427 596 δέ’
408 524 473 597 ανδ
484 522 542 596 τόν
553 539 665 615 τοῖχον
676 528 736 595 τοῦ
748 529 843 614 ναοῦ,
862 519 907 607 ώς
921 535 1060 616 εἴρηται,
1078 521 1177 597 ἄνελ-

212 624 333 709 θόντες
351 632 462 718 ίερεῖς,
482 627 536 696 ἐπὶ
555 627 655 698 πέντε
673 621 810 716 ἡμέραις
827 625 1179 717 προσκαρτερήσαντες

213 729 269 798 καὶ
284 726 494 818 λιμώξαντες,
513 729 701 816 κατέβησαν
716 725 920 810 ίκετεῦοντες
937 745 1052 818 τυχεῖν
1069 751 1208 818 στεπη-ε

213 837 297 919 ρίας.
340 825 358 899 6
385 830 422 899 δὲ
452 836 547 911 Τίτος
571 833 626 899 καὶ
656 826 715 900 τόν
743 833 801 917 τῆς
830 828 1030 919 συγγνώμης
1061 830 1181 922 καιρόν

212 941 399 1023 παρελθεῖν
423 938 544 1021 ἔφησε,
569 933 703 1002 καὶτοῦ
724 959 810 1001 ναου
798 933 1008 1020 ὀἰχομένου
1026 934 1083 1002 καὶ
1100 933 1180 1015 τοῦς

205 1037 313 1124 λερεῖς
336 1033 589 1104 συναπολέσθαι
618 1029 713 1102 αῦτιό
737 1039 810 1103 δεῖν
827 1027 941 1103 είπών
969 1041 1180 1152 κολασθῆναι

211 1131 290 1216 τοῦς
307 1131 433 1226 ἄνδρας
453 1136 635 1205 ἐκέλευσεν

292 1241 336 1306 Οί
292 1235 485 1326 Οδέπερὶ
510 1233 588 1318 τοῦς
606 1232 792 1358 τυράννους
816 1238 996 1327 διαδρᾶναι
1018 1235 1064 1326 μή
1083 1236 1181 1326 ίσχῦ-
1196 1271 1224 1310 ιο

179 1355 307 1420 σοντες
330 1343 597 1428 προσκαλοῦνται
620 1335 679 1408 τόν
701 1344 801 1408 Τίτον
825 1343 873 1419 είς
898 1334 1026 1426 λόγους.
1063 1340 1118 1408 καὶ
1141 1335 1180 1422 δς

211 1429 284 1526 ήκε,
303 1441 360 1508 καὶ
377 1439 439 1528 τήν
456 1436 622 1510 ἀπόνοιαν
640 1436 753 1520 αὐτοῖς
766 1440 967 1526 ἐξωνείδισε,
986 1441 1041 1510 καὶ
1059 1445 1181 1532 ρ’ίψασι

211 1539 251 1608 τδι
276 1535 362 1610 ὅπλα
385 1543 442 1610 καὶ
461 1543 653 1631 παραδοῦσι
675 1539 716 1608 τὰ
738 1537 875 1630 σώματα
899 1546 1092 1630 χαρίζεσθαι
1115 1539 1181 1631 τήν

212 1639 300 1727 ζωήν
319 1641 546 1730 ἐπηγγέλλετο.
583 1643 639 1712 καὶ
657 1645 692 1711 οί
706 1644 825 1732 ληστοιὶ
844 1641 956 1725 δεξιδιν
973 1643 1035 1732 μέν
1051 1639 1096 1732 μή
1116 1641 1181 1712 δό-

212 1753 339 1822 νασθαι
356 1740 436 1832 παρ’
459 1737 562 1813 αῦτοῦ
580 1749 697 1830 λαβεῖν
715 1749 863 1832 ἔφησαν,
890 1739 1096 1833 ὀμωμοκότες
1114 1773 1179 1834 μη·
1195 1777 1223 1817 ιε

214 1843 332 1912 δέποτε
349 1847 446 1914 τοῦτο
464 1841 633 1934 ποιήσειν,
659 1848 775 1928 ἔξοδον
798 1843 872 1915 δὲ’
853 1852 994 1936 ητοῦντο
1017 1843 1098 1936 μετὰ
1118 1875 1181 1934 γυ·

212 1947 340 2014 ναιετῶν
358 1973 414 2014 και
402 1945 568 2035 τέκνων,
588 1948 644 2016 καὶ
655 1952 868 2029 καταλείψειν
884 1945 946 2034 τήν
959 1943 1058 2018 πόλιν
1067 1944 1180 2042 αὐτῷ.

210 2039 422 2136 ἠγανάκτησε
445 2045 527 2132 πρὸς
550 2051 655 2117 ταῦτα
679 2043 697 2116 6
721 2057 832 2136 Τίτος,
857 2051 912 2117 καλ
935 2045 1016 2136 μήτε
1035 2046 1181 2136 αὐτομο-

212 2155 284 2217 λεῖν
308 2154 356 2217 ἔτι
379 2144 454 2219 τινόι
477 2151 641 2236 σφώνκ
605 2151 760 2219 ἐκέλευσε
789 2148 870 2238 μήτε
896 2153 1004 2232 δεξιᾶς
1034 2153 1183 2234 ἐλπίζειν

210 2265 336 2338 τυχεῖν,
354 2256 534 2338 φείσεσθαι
552 2249 615 2340 γδιρ
633 2245 784 2339 οῦδενός,
801 2247 969 2339 μάχεσθαι
988 2250 1025 2320 δε
1039 2253 1095 2320 καὶ
1112 2250 1180 2320 σοι’·
1195 2281 1224 2323 εο

211 2357 279 2432 ζειν
297 2347 342 2430 ώς
361 2348 520 2421 δύναιντο
545 2349 693 2432 ἑαυτούς.
730 2365 798 2433 τοῖς
823 2351 862 2422 δὲ
878 2349 1092 2441 στρατιώταις
1119 2356 1182 2442 ἑμ-

172 2468 198 2519 Ι)
211 2455 339 2538 πιπρῦν
356 2449 418 2538 τήν
435 2449 534 2523 πόλιν
551 2455 607 2522 καὶ
626 2450 817 2541 διαρπάζειν
829 2455 1019 2525 ἐκέλευσεν·
1038 2459 1074 2524 οί
1090 2453 1127 2524 δὲ
1140 2453 1181 2525 τό

211 2554 281 2639 πῦρ
295 2555 429 2624 ἐνίεσαν
440 2560 620 2642 πανταχοῦ.
649 2559 685 2623 οδ
699 2557 894 2625 στασιασταὶ
912 2555 950 2626 δέ
968 2557 1022 2625 ἐπὶ
1039 2554 1101 2644 τήν
1116 2563 1182 2644 βα-

196 2650 343 2742 σιλικήν
361 2659 471 2723 οίκίαν
483 2651 700 2743 ὁρμήσαντες,
720 2661 767 2737 είς
785 2651 828 2743 ἣν
841 2653 884 2725 δι’
901 2652 1085 2746 ὀχυρότητα
1097 2665 1182 2728 πολ-

211 2753 264 2822 λοὶ
281 2751 339 2834 τὰς
357 2754 488 2844 κτήσεις
506 2753 685 2850 ἀπέθεντο,
702 2754 780 2840 τοῦς
794 2784 830 2827 τε
843 2755 1021 2850 Ῥωμαίους
1039 2754 1096 2828 ἀπ’
1114 2753 1183 2828 αῦ-
1196 2789 1226 2830 εε

210 2857 270 2942 τῆς
294 2857 471 2947 τρέπονται
500 2857 556 2927 καὶ
585 2855 621 2928 τό
645 2859 936 2948 συνηθροισμένον
965 2855 1088 2930 αῦτόθι
1116 2863 1184 2931 τοῦ

210 2953 320 3046 δήμου
338 2961 405 3029 πᾶν
423 2955 664 3049 φονεύσαντες,
689 2966 736 3041 είς
762 2956 1028 3051 ὀκτακισχιλίους
1052 2963 1107 3031 καὶ
1126 2988 1183 3032 τε·

209 3065 407 3147 τρακοσίους
430 3057 781 3150 ἀριθμουμένους,
743 3089 783 3130 τα
801 3059 951 3152 χρήματα
974 3059 1179 3154 διήρπασαν.

131 3166 133 3169 ’
209 3157 299 3284 τηδ’
321 3160 421 3250 ἑξῆς
421 3171 564 3280 Ρωμμῖοι
587 3161 787 3282 τρεψόμενοι
809 3161 886 3246 τοῦς
910 3163 1032 3256 ληστόις
1058 3167 1094 3236 ἐκ
1117 3171 1183 3254 τῆς

209 3258 298 3332 κάτα
311 3259 450 3351 πόλεως,
468 3291 508 3333 τα
496 3255 616 3388 μέχρι
627 3291 688 3334 του
676 3262 838 3354 Σιλαᾶμ
851 3263 960 3337 πάντα
973 3269 1178 3356 ἐνέπρησαν.
1196 3296 1230 3338 so

209 3365 390 3453 καιομένην
408 3364 498 3432 δέ
462 3392 525 3488 την
542 3363 674 3436 πόλιν’
658 3370 802 3454 ορῦντες
819 3372 855 3436 oc
869 3374 1077 3455 στασιασταί,
1101 3371 1183 3438 ίλα-

209 3479 281 3556 ροῖς
298 3477 367 3544 τοῖς
390 3464 580 3556 προσώποις
604 3463 748 3556 εῦθυμοι
769 3464 832 3556 τήν
854 3469 1012 3558 τελευτήν
1030 3469 1184 3562 προσδέ-
1246 3530 1252 3538 .
