2546 3822
203 189 267 255 374
457 191 529 248 σεε.
542 191 600 243 xv.
620 191 698 244 σεε.
710 190 885 248 xv-xvn.

201 329 219 402 ὁ
238 336 397 422 Κροῦμος
411 333 467 400 καὶ
481 330 543 419 τήν
557 330 707 420 κεφαλήν
722 331 879 422 ἐκτεμών,
894 331 950 420 ἐφ’
969 331 1094 423 ἡμέρας
1112 335 1178 423 μέν

200 460 293 514 τινας
318 431 376 523 ἐφ’
401 429 512 516 ὕψους
538 431 722 524 ἀνήρτησε,
744 441 932 524 θεατρίζων
961 434 1088 522 ταύτην
1118 436 1178 504 καὶ

204 534 430 624 ε’μπομπεώων
446 539 494 628 τῷ
511 533 756 624 κατορθώματι.
794 533 866 604 εἶτα
882 533 920 606 τό
944 541 1003 623 τῆς
1021 542 1178 628 κορυφῆς

202 635 328 708 ὀστοῦν
352 635 543 706 ἀποδιελών
566 637 624 705 καὶ
649 634 832 725 γυμνώσας
849 641 911 706 τοῦ
930 639 1093 729 δέρματος
1111 632 1179 726 ἀρ-

202 737 297 831 γώρφ
314 765 350 807 τε
368 737 560 827 περιδήσας,
576 735 622 818 ώς
635 737 747 807 κώλικι
763 738 873 832 τοώτφ
892 739 1060 830 ἐκέχρητο,
1078 737 1206 809 οίνώνῦ

202 837 233 908 τ’
262 841 389 928 ἐγχέων
411 836 505 932 αὐτῷ
529 848 641 909 πίνειν
665 840 780 909 έδίδου
798 855 869 922 τοῖς
886 833 949 909 ἀπ’
969 838 1083 910 αὐτόν.
1112 837 1180 927 ἀγ-

202 942 384 1027 γελθέντος
403 938 435 1009 δ’
457 943 672 1034 ένΒνζαντίφ
685 942 749 1012 του
764 945 834 1011 τών
842 939 1015 1030 Ῥωμαίων
1027 937 1180 1031 ὀλέθρου

202 1044 259 1111 καὶ
284 1048 341 1130 τής
366 1047 427 1112 τοῦ
451 1043 613 1130 βασιλέως
636 1047 779 1132 σφαγῆς,
797 1049 926 1133 θρῆνος
942 1041 1006 1132 μὲν
1023 1035 1069 1130 ήν
1086 1067 1180 1112 παν-

187 1139 324 1234 ταχόσε
358 1142 466 1226 πολώς
500 1144 558 1212 καὶ
589 1139 759 1228 ώλόλυζον
790 1148 825 1213 οί
851 1159 922 1225 τοῖς
952 1137 1181 1234 ἀνῃρημένοις

202 1243 443 1334 προσήκοντες·
468 1243 658 1334 κουφισμὸν
681 1243 716 1345 δ’
743 1247 847 1315 ἐποίει
870 1249 929 1333 τῆς
954 1251 1132 1335 συμφορᾶς
1159 1245 1219 1334 ἡιο

203 1351 266 1416 τοῦ
285 1351 489 1437 κρατοῦντος
506 1344 665 1434 ἀπώλεια,
684 1347 904 1435 ἐφηδομένων
921 1346 1059 1416 πάντων
1076 1345 1182 1438 αὐτῇ.

154 1461 195 1588 lg
279 1497 315 1570 ‘0
341 1497 405 1587 μὲν
430 1489 495 1567 οὖν
514 1498 712 1589 Νικηφόρος
736 1497 889 1580 κάκιστος
912 1497 1062 1586 γεγονώς
1080 1495 1182 1568 ἀπώ-

206 1608 281 1669 λετο
311 1610 474 1690 αίσχιστα.
523 1597 541 1670 ὁ
573 1601 616 1669 δέ
635 1627 674 1686 γε
700 1599 912 1691 Σταυράιαος
943 1601 1183 1689 πεπληγμένος

204 1701 326 1788 φυγών
365 1707 414 1782 είς
441 1699 719 1791 Ἀδριανοώπολιν
756 1700 965 1789 διασώζεται,
1004 1707 1091 1771 ἔνθα
1121 1703 1183 1771 καὶ

204 1797 378 1892 ἀνερρήθη
397 1799 615 1894 αὐτοκράτωρ
633 1807 702 1872 τών
716 1804 752 1872 έν
766 1799 886 1894 ἀρχαῖς
907 1804 1010 1874 ἐνίων
1028 1807 1181 1894 σπουδή,
1195 1837 1218 1878 α

204 1903 261 1972 καὶ
290 1908 402 1983 κακώς
427 1905 464 1972 ἐκ
493 1908 555 1974 τοῦ
582 1902 771 1994 τραύματος
798 1907 1005 1992 διακείμενος
1042 1909 1091 1985 είς
1116 1904 1183 1993 τήν

204 2003 431 2092 μεγαλόπολιν
449 2005 678 2093 εἰσελήλυθεν.
712 2004 913 2094 ἐπεβούλευε
930 2005 969 2074 δὲ
986 2009 1034 2098 τῷ
1051 2032 1182 2095 κουρο-

205 2106 336 2198 παλάτη
362 2105 509 2197 Μιχαήλ,
535 2099 742 2200 ώῬοιγγαβὲ
764 2105 801 2176 τὸ
826 2105 1016 2196 ἐπώνυμον,
1035 2111 1183 2199 γαμβρῷ

206 2205 314 2278 αὐτοῦ
338 2206 412 2278 ὄντι
439 2211 494 2278 ἐπὶ
519 2215 697 2300 Προκοπίηι
726 2213 769 2299 τή
792 2205 944 2298 ἀδελφή,
969 2207 1181 2296 βουλόμενος

206 2308 268 2398 τήν
284 2316 460 2398 βασιλείαν
477 2315 519 2402 τή
539 2312 661 2380 έαντοῦ
680 2316 813 2402 συμβίφ
831 2316 1037 2379 καταλιπεῖν.
1070 2309 1180 2396 γνόν·
1191 2343 1217 2383 ιο

205 2435 259 2490 τες
277 2410 316 2480 δὲ
337 2409 401 2500 τήν
417 2417 480 2480 τοῦ
498 2418 714 2502 Σταυρακίου
739 2411 880 2500 μελέτην
899 2415 934 2479 οί
948 2415 1006 2499 τής
1026 2410 1181 2498 συγκλή-
1261 2427 1262 2430 ’

203 2536 264 2580 του
285 2517 422 2599 βουλής,
440 2512 497 2580 καὶ
514 2510 596 2594 τούς
614 2513 889 2602 περιλειφθέντας
908 2513 945 2581 ἐκ
961 2516 1032 2580 τών
1048 2511 1183 2600 ταγμά-
1261 2535 1262 2604 j

102 2623 240 2677 WI11102
253 2639 322 2682 των
331 2610 566 2704 ἀθροίσαντες,
575 2611 649 2682 κατ’
661 2611 791 2704 ὄρθρον
800 2609 863 2700 ἤδη
872 2617 930 2700 τής
940 2611 1062 2693 νυκτὸς
1072 2611 1184 2701 οὔσης

204 2709 453 2805 ἀναγορεύουσι
476 2712 538 2784 τδυ
555 2713 826 2806 Κονροπαλάτην
845 2712 981 2802 Μιχαήλ
1005 2711 1184 2804 αάτοκρά-
1260 2725 1261 2754 λ

173 2835 301 2908 οτορα·
328 2817 385 2886 καὶ
411 2813 534 2886 αὐτίκα
558 2815 620 2904 τήν
638 2813 748 2904 κόμην
765 2813 958 2904 κειράμενος
977 2811 995 2882 ὁ
1016 2814 1185 2906 Σταυρά-
1200 2847 1226 2888 2⁵

208 2946 279 3000 κιος
297 2914 477 3009 περιβολήν
497 2919 606 3010 ἑαυτῷ
623 2915 808 3006 μοναχικήυ
825 2918 1009 3006 περιέθετο.

154 3075 192 3142 17
278 3066 314 3140 ‘0
342 3070 380 3139 δὲ
404 3069 542 3160 Μιχαήλ
572 3067 652 3159 μεθ’
687 3067 816 3159 ἡμέραν
850 3074 898 3150 είς
935 3067 998 3156 τήν
1027 3067 1192 3159 μεγάλην

208 3174 388 3258 ἐκκλησίαν
412 3171 683 3262 παραγενόμενος
705 3168 773 3242 ὑπὸ
797 3176 860 3240 τοῦ
885 3168 1093 3261 πατριάρχου
1115 3181 1194 3242 Νι·

206 3271 361 3358 κηφόρου
385 3279 577 3342 τεταινίωτο
593 3278 754 3363 βασιλικῷ
773 3271 960 3362 διαδήματι,
980 3268 1196 3360 ἀπαιτηθελς

206 3365 287 3454 παρ’
307 3367 414 3440 ου’τοῦ
428 3373 593 3463 πρότερον
611 3379 783 3463 ἔγγραφον
798 3376 1000 3462 ἐπαγγελίαν
1012 3377 1076 3442 τοῦ
1090 3375 1146 3464 μή
1162 3405 1197 3446 τι
1210 3407 1233 3448 ω

207 3476 431 3555 παρακινῆσαι
460 3479 530 3541 τών
559 3479 618 3560 τῆς
650 3477 826 3563 ἐκκλησίας
856 3477 995 3566 θεσμῶν
1025 3469 1113 3561 μηδ’
1156 3480 1199 3546 ἐν
