2562 3814
426 135 572 190 L1B.v11.
592 135 672 190 εει).
686 139 764 190 v111.
1016 138 1078 204 105

106 273 159 346 ὅτι
181 273 227 366 μῆ
249 275 319 344 των
344 280 520 364 πρωτείων
548 275 640 364 παρά
668 280 737 346 τῶν
765 284 1007 368 Ταρκυνησίωυ
1032 274 1077 362 ως

107 384 233 466 ἔπηλυς
257 375 457 463 κατηξίωτο,
483 374 566 466 πρὸς
588 373 650 465 τῆν
673 375 801 467 Ῥύμην
824 379 1077 470 μεταναστεύει,

105 485 147 568 τῆ
164 475 262 548 πόλει
281 478 337 548 καὶ
354 473 417 565 τῆν
435 484 554 566 κλῆσιν
572 482 876 568 συμμεταθέμενος,
895 482 949 550 καὶ
967 509 1068 571 μετω-

16 579 18 670 η
106 577 263 669 υομάσθη
288 573 433 660 Λούκιος
461 575 645 672 Ταρκύνιος
674 587 714 650 ἐκ
737 587 795 669 τῆς
819 579 963 671 πόλεως,
994 573 1076 672 ἐνῆ

16 679 18 704 ³
81 677 263 773 επαρρίκει.
301 681 433 768 λέγεται
457 679 495 748 δε
511 684 778 770 μετοικιζομένον
796 679 891 763 ιἰετδς
909 681 1076 766 καταπτὰς

107 776 254 872 ἁρπάσαι
281 778 341 852 τὸν
364 788 464 852 πῖλον
485 775 526 852 δν
551 780 640 872 εἶχεν
664 784 718 852 ἐπὶ
742 787 801 872 τῆς
824 790 989 873 κεφαλῆς,
1018 787 1075 854 καί

107 883 348 972 μετεωρισθείς
375 883 430 951 καὶ
458 879 601 969 κλάγξας
631 883 684 954 ἐπὶ
714 884 801 954 πολὺ
832 873 935 965 αὖθις
967 881 1075 956 αύτόν

105 981 295 1073 ἐφαρμόσαι
312 985 353 1074 τῆ
371 981 478 1054 αύτού
494 991 645 1074 κεφαλῇ,
662 983 707 1065 ὡς
726 988 887 1056 ἐντεῦθεν
900 986 1008 1075 μηδὲν
1026 989 1076 1056 έλ-

104 1091 202 1156 πίσαι
219 1083 341 1174 μικρὸν
365 1085 423 1154 καί
439 1081 625 1175 προθύμως
642 1091 682 1176 τῆ
702 1079 809 1176 Ῥώμη
827 1091 1073 1176 ἐγκατοικῆσαι·

16 1213 18 1218 ·
69 1214 92 1254 ιο
103 1182 190 1257 ὅθεν
207 1201 279 1267 τοῖς
296 1182 440 1272 πράτοις
463 1182 505 1254 ού
530 1183 613 1274 μετά
636 1185 724 1256 πολύ
746 1194 987 1278 συνηρίθμητο,
1027 1193 1074 1282 τῷ

16 1291 18 1298 ’
102 1314 140 1358 τε
156 1284 224 1376 γάρ
248 1283 383 1380 πλούτφ
407 1283 577 1378 χρώμενος
599 1282 858 1376 ἀφειδέστερον,
882 1291 1016 1360 συνέσει
1038 1309 1110 1358 τεΒ

16 1405 20 1428 ’
102 1391 161 1458 καὶ
180 1385 385 1480 εὐτραπελίᾳ
401 1384 481 1469 τούς
500 1387 667 1469 δυνατούς
685 1385 927 1477 οἰκειούμενος,
946 1392 979 1476 ἐς
997 1388 1075 1471 τούς

16 1507 19 1588 ὲ,
107 1489 311 1579 εὐπατρίδας
334 1491 391 1558 καὶ
416 1487 478 1576 τῆν
503 1487 632 1576 βουλῆν
655 1491 840 1578 κατελέχθη
863 1487 953 1581 παρά
977 1499 1071 1579 Μαρ-

16 1603 20 1726 i
108 1596 199 1676 κίον,
217 1592 272 1659 καί
288 1588 470 1680 στρατηγὸς
488 1588 686 1680 ἀπεδείχθη,
705 1591 762 1660 καί
779 1589 841 1678 τῆν
857 1597 925 1661 τῶν
941 1597 1076 1664 παίδων

68 1719 93 1759 ιε
108 1693 240 1761 ἐκείνου
264 1694 478 1782 ἐπιτροπείαν
501 1693 558 1760 καὶ
580 1693 637 1782 τῆς
661 1699 832 1780 βασιλείας
862 1699 1073 1765 πεπίστευτο.

110 1795 262 1862 ἐδείκνυε
284 1790 350 1882 γάρ
375 1789 498 1862 ἑαυτὸυ
525 1785 657 1880 άγαθδν
684 1789 811 1882 άνδρα,
840 1793 1017 1884 χρημάτων
1038 1823 1074 1865 τε

107 1909 176 1974 τοῖς
195 1894 367 1982 δεομένοις
384 1890 584 1982 μεταδιδούς
607 1897 664 1964 καὶ
683 1895 802 1964 ἑαυτὸν
826 1899 957 1984 ἕτοιμον
974 1899 1074 1985 παρέ-

106 2023 176 2083 χων
195 2005 229 2064 εί
241 2021 293 2075 τις
312 1995 419 2064 δέοιτο
437 1992 541 2064 αὐτού
567 1999 613 2076 είς
631 1993 810 2083 βοήθειαν·
836 1999 969 2084 φαύλου
987 2000 1027 2066 δέ
1042 2025 1074 2065 τι

17 2147 18 2160 2
107 2092 177 2166 οὔτ’
205 2102 369 2181 ἔπραττεν
392 2091 463 2165 οὔτ’
491 2101 606 2184 ἔλεγεν
635 2093 762 2165 οὐδενί.
804 2097 861 2164 καί
885 2105 970 2165 εἴτι
993 2093 1076 2186 πρός

72 2220 96 2262 ιο
107 2223 211 2267 τινων
229 2187 268 2268 εὖ
286 2202 447 2285 ἔπασχεν,
473 2198 568 2288 ἐξῆρε
585 2193 622 2268 τὸ
640 2192 837 2284 γινόμενον,
861 2201 893 2264 εί
910 2196 952 2264 δέ
970 2222 1002 2263 τι
1019 2197 1076 2264 καὶ

110 2298 356 2387 ἐπαχθέστερον
373 2293 466 2390 αύτῷ
482 2299 624 2386 γένοιτο,
649 2293 671 2384 ῆ
690 2291 765 2366 οὐδ’
785 2299 946 2384 ἐλογίζετο
963 2291 1000 2366 τὰ
1018 2304 1076 2366 λυ·

107 2401 197 2468 πούν
214 2393 236 2486 ῆ
254 2400 311 2468 καὶ
327 2405 496 2486 φαυλίσας
513 2407 758 2488 παρελογίζετο,
779 2395 821 2468 ού
838 2395 943 2487 μόνου
958 2425 996 2468 τε
1012 2393 1076 2468 οὐκ

107 2494 253 2589 ῆμύνετο
269 2495 329 2568 τδυ
345 2497 572 2588 λελυπηκότα,
598 2497 756 2569 ἀλλὰκαὶ
780 2496 959 2590 εὐηργέτει.
996 2496 1074 2570 τού-

17 2581 20 2708 f
105 2627 176 2682 τοις
195 2594 301 2670 αὐτόν
316 2627 353 2670 τε
369 2596 428 2670 τδν
440 2598 599 2688 Μάρκιον
616 2603 672 2670 καί
687 2598 766 2682 τούς
783 2602 860 2690 περὶ
872 2597 976 2672 αύτὸν
990 2603 1110 2690 ἐχει-(ε

17 2717 19 2792 χ
73 2700 257 2789 ερύσατο,
283 2702 340 2772 καὶ
365 2699 467 2784 δόξαν
488 2697 611 2792 ἀνδρὸς
636 2700 794 2790 ἑκτῆσατο
821 2708 930 2791 σοφοῦ
956 2703 1075 2772 τεκαὶ

110 2798 255 2891 άγαθού.

17 2899 18 2920 ³
178 2899 269 2973 Ἀλλ’
290 2899 332 2972 ού
355 2903 553 2993 προσέμεινε
575 2905 671 2993 μέχρι
693 2905 808 2985 τέλους
832 2898 923 2995 αύτῷ
946 2898 967 2989 ῆ
990 2898 1077 2970 ὑπό-

17 3033 19 3038 ·
107 3013 216 3092 ληφις.
252 3005 314 3072 τού
331 3009 491 3092 Μαρκίου
508 3001 572 3094 γάρ
590 3002 848 3092 τελευτήσαντος
871 3003 981 3084 κακοῖς
999 3002 1075 3090 περί

17 3145 18 3160 2
104 3102 185 3186 τούς
208 3108 341 3176 ἐκείνου
365 3106 500 3193 διετέθη
525 3103 587 3176 δύο
609 3111 712 3194 υίεῑς,
736 3106 792 3175 καί
815 3103 878 3194 τῆν
900 3108 1075 3191 βασιλείαν

72 3229 94 3272 ει
107 3208 355 3296 ἐσφετερίσατο.
397 3212 455 3294 τῆς
480 3233 516 3279 τε
546 3205 609 3298 γάρ
634 3211 759 3294 βουλῆς
788 3207 846 3276 καὶ
875 3207 936 3276 τού
967 3203 1075 3296 δῆμον

106 3305 186 3390 τούς
215 3310 278 3380 τοῦ
304 3314 466 3396 Μαρκίου
491 3313 615 3389 παῖδας
642 3323 845 3398 χειροτονεῖν
872 3303 1076 3396 μελλόντων,

108 3411 236 3491 ἐκεῖνος
258 3411 327 3480 τῶν
353 3413 547 3496 βουλευτῶν
575 3437 611 3480 τε
634 3407 713 3490 τούς
739 3404 992 3484 δυνατωτάτους
1018 3428 1077 3489 με·
