2558 3820
459 154 530 205 τοι.
550 155 584 205 x.
604 155 682 205 oAP.
702 155 744 210 11.⁴
1018 153 1083 219 343

110 291 205 379 τιάν,
236 287 342 362 αὐτόν
365 292 404 362 βλ
428 291 507 382 μεθ’
530 289 604 374 ἑνός
629 291 793 384 τάγματος
816 297 1009 386 περιμένειν
1034 303 1082 377 εἰς

107 389 236 482 Ἰτύκην
265 392 324 463 τόν
357 391 593 484 διαδεξόμενον
622 395 814 485 στρατηγόν.
870 398 923 466 ἐπὶ
953 395 1082 477 τούτοις

110 493 210 578 αύτός
240 495 304 582 μέν
329 491 410 566 καθ’
437 495 558 567 ἑαυτόν
583 493 725 586 ήχθετο,
755 492 773 567 ὁ
802 497 841 567 δὲ
871 495 1010 590 στρατός
1034 506 1081 580 ελς

110 593 302 686 τούμφανές
319 591 505 684 ήγανάκτει.
542 599 597 668 καὶ
615 601 774 678 θέλοντος
792 607 977 688 προελθεῖν
989 609 1081 688 Πομ·
1173 664 1176 670 .

81 706 232 784 επηλον,
257 701 317 767 τοῦ
339 725 377 767 τε
395 697 513 769 Σύλλα
537 702 645 781 κακῶς
671 698 898 789 ἐμνημόνευον
923 699 1082 772 κάκεῖνον

112 793 177 868 ούκ
194 809 273 869 ελων
290 798 462 872 πιστεύειν
480 803 526 894 τῷ
543 797 700 892 τυράννῳ
719 799 847 872 ἑαυτόν.
887 805 943 872 καὶ
960 801 978 891 ό
996 801 1128 892 μένσῖΙΙ
1135 823 1184 875 120

112 902 269 990 ἐπειρᾶτο
292 899 458 988 πραύνειν
482 899 621 988 αὐτούς,
644 906 679 971 ολ
701 903 739 972 δὲ
761 905 876 991 μένειν
900 899 1003 973 αὐτόν
1025 907 1080 974 καὶ

111 999 228 1091 ἄρχειν
265 1004 436 1091 ἐκέλευον,
473 999 567 1092 ἀχρις
603 992 647 1073 ού
676 1004 995 1095 προσλιπαρούντων
1025 1005 1081 1074 καὶ

110 1100 357 1190 καταβοώντων
387 1100 516 1193 ω”μοσεν
546 1101 743 1192 ἀναιρήσειν
774 1103 913 1194 ἑαυτόν,
946 1111 976 1174 εἰ
1006 1103 1081 1193 βιά-

70 1240 97 1280 ιο
113 1212 238 1288 ζοιντο·
266 1205 322 1273 καὶ
339 1203 433 1294 μόλις
449 1201 558 1287 οὕτως
577 1205 773 1276 ἐπαύσαντο.

189 1308 333 1394 Πρωτον
355 1306 419 1394 μὲν
441 1297 506 1376 ούν
528 1302 651 1395 ἠγγέλη
674 1310 720 1400 τῷ
747 1305 866 1397 Σύλλᾳ
891 1302 1114 1396 ἀφεστάναιῖ)

111 1405 309 1497 Πομπήιον,
328 1405 398 1477 εἶτα
416 1406 607 1497 πυθόμενος
625 1405 770 1496 τάληθὲς
784 1405 976 1496 ἀπήντησεν
989 1407 1081 1503 αὐτῷ

111 1506 285 1598 προσιόντι
299 1510 355 1578 καὶ
369 1506 609 1598 δεξιωσάμενος
622 1507 768 1598 Μάγνον
781 1526 941 1598 προσεῖπε
955 1507 1081 1601 μεγάλη

110 1617 228 1702 φωνῇ·
257 1617 412 1700 σημαίνει
431 1611 468 1680 δὲ
490 1612 596 1699 μέγαν
619 1609 637 1680 ό
656 1609 806 1698 Μάγνος.
850 1617 1021 1701 θρίαμβον
1044 1612 1082 1682 δέ

69 1744 96 1785 ιε
112 1717 294 1800 Πομπηίου
312 1714 485 1792 αἰτοῦντος
502 1709 520 1780 ὁ
540 1710 675 1794 Σύλλας
698 1708 876 1801 ἀντέλεγεν
900 1706 945 1795 άς
962 1710 1082 1806 ὑπάτω

110 1807 133 1900 ή
158 1816 332 1905 στρατηγῷ
355 1811 578 1902 θριαμβεύειν
601 1811 812 1902 νενόμισται,
843 1811 933 1908 ἀλλςο
960 1815 997 1885 δὲ
1022 1813 1083 1884 ού·

114 1921 204 1983 θεαί·
233 1920 265 1984 εἰ
282 1913 320 1984 δὲ
338 1913 510 2003 Πομπήιος
528 1909 621 1984 ούπω
639 1908 780 2000 γενειῶν
797 1913 942 2005 ἀκριβως
959 1927 1083 2005 θριαμ-

112 2013 246 2104 βεύσει,
283 2006 311 2108 ᾦ
345 2019 470 2104 βουλῆς
498 2013 556 2109 βιά
585 2013 648 2102 τήν
677 2013 811 2102 ἡλικίαν
842 2012 883 2084 ού
918 2018 1081 2104 μέτεστιν,

112 2120 301 2205 ἐπίφθονος
325 2122 416 2188 ἔσται
447 2113 538 2210 αύτῷ
569 2110 591 2204 ή
619 2113 703 2204 τιμή.
752 2122 856 2184 ταῦτα
881 2121 942 2184 τού
966 2114 1083 2186 Σύλλα

67 2252 97 2292 εο
112 2220 269 2306 λέγοντος
292 2215 310 2286 ό
335 2215 508 2306 Πομπήιος
533 2214 594 2307 οὐχ
617 2215 823 2304 ὑπέπτηξεν,
854 2211 925 2286 ἀλλ’
954 2219 1084 2286 ἐννοεῖν

113 2327 181 2408 ἔφη
199 2325 274 2390 δεῖν
290 2315 338 2388 ὅτι
357 2317 416 2389 τόν
432 2315 528 2406 ήλιον
545 2313 769 2388 ἀνατέλλοντα
787 2324 939 2398 πλείονες
962 2311 984 2406 ή
1004 2315 1081 2388 δνό-

108 2449 217 2510 μενον
234 2425 481 2510 προσκυνοῦσι,
513 2423 626 2508 δηλῶν
650 2421 811 2490 ἐντεῦθεν
835 2417 881 2501 ἀς
906 2417 999 2513 αύτῷ
1023 2419 1084 2508 μὲν
1132 2441 1135 2446 ·

112 2517 133 2610 ή
155 2520 299 2610 δύναμις
316 2518 465 2610 αὔξεται,
485 2525 603 2614 ἐκείνω
621 2521 659 2590 δέ
673 2527 828 2610 μειούτιιί
842 2547 877 2590 τε
895 2523 952 2590 καὶ
965 2529 1083 2610 μαραί-

112 2651 216 2694 νεται.
252 2621 334 2714 πρός
351 2620 490 2693 ταῦταὸ
510 2619 646 2703 Σύλλας
670 2628 909 2710 καταπλαγείς,
935 2625 987 2705 ἃλς
1006 2625 1187 2712 &pe-Hm

69 2758 99 2797 εε
113 2727 173 2812 ξής
187 2719 491 2816 “θριαμβευσάτω”
512 2721 662 2812 ἐβόησεν.
705 2721 750 2805 ὡς
773 2724 811 2794 δέ
835 2729 870 2793 ολ
890 2729 1085 2813 στρατιῶται

115 2831 267 2915 ἐνοχλεῖν
285 2821 465 2913 ἐβούλοντο
483 2827 539 2894 καὶ
557 2832 738 2916 θορυβεῖν,
766 2821 811 2914 μή
835 2823 989 2913 τυχόντες
1013 2823 1085 2911 ήλί·

114 2953 186 2996 κων
204 2924 474 3015 προσεδόκησαν,
492 2925 510 2996 ὁ
525 2924 698 3014 Πομπήιος
716 2923 862 3013 ἀφήσειν
881 2933 944 3012 ἔφη
958 2927 1085 3012 μᾶλλον

113 3027 175 3097 τὸν
191 3035 362 3118 θρίαμβον
379 3023 400 3116 ή
419 3025 636 3098 κολακεύσειν
659 3024 738 3105 τούς
757 3021 966 3111 στρατιώτας.
1003 3024 1086 3112 πρὸς

112 3125 133 3199 ό
147 3138 345 3217 Σερουίλιος
358 3125 443 3217 ἀνήρ
462 3127 627 3218 ἐπιφανής
641 3128 697 3196 καὶ
711 3123 893 3213 ἀντιλέγων
907 3127 991 3214 πρὶν
1003 3125 1086 3214 πρός

71 3229 175 3304 εοτόν
198 3237 369 3320 θρίαμβον
388 3226 511 3318 “νῦν”,
538 3229 621 3318 ἐφη,
646 3223 841 3317 “Πομπήιος
865 3229 921 3298 καὶ
945 3225 1086 3316 Μάγνος

115 3330 255 3421 ἀληθῶς
273 3333 328 3402 καὶ
346 3328 436 3414 ἀξιος
453 3327 714 3420 θριαμβεύσαι”.

195 3430 330 3514 Σύλλας
354 3431 392 3502 δέ
422 3431 539 3520 ήνιάτο
565 3431 627 3520 μὲν
653 3425 743 3521 όρων
774 3435 822 3510 εἰς
845 3426 926 3499 ὅσον
956 3427 1087 3519 πρόεισι
