2562 3814
444 225 516 276 LIB.
531 225 592 276 VII.
613 225 692 276 OAP.
704 224 803 275 XXVI.
1034 223 1095 290 165

120 395 159 438 τε
176 372 306 436 οἰκεῖον
323 363 379 444 καὶ
396 360 434 434 τό
451 365 609 454 τολίμιον
625 366 671 454 μὴ
689 368 793 456 ῥᾷστα
812 363 1094 459 διαγινώσκοντες.

121 470 179 540 καί
199 466 258 536 διὰ
275 469 374 536 τοῦτο
392 480 553 556 προεῖπον
567 473 663 554 σφίσι
680 465 721 535 τά
737 493 773 536 τε
791 462 875 536 ἀλλα
889 487 1129 559 παρατηρεῖνσ

122 569 287 660 ἀκριβῶς,
300 569 357 638 καὶ
368 563 446 638 καθ’
454 565 575 639 ἑαυτόν
586 569 715 656 μηδένα
726 570 846 657 μηδενὶ
860 572 1097 644 τῶνέναντίων

54 691 60 700 ’
126 678 325 761 συμβαλεῖν.
368 673 466 740 τοῦτο
490 667 532 756 δὴ
553 669 589 738 τό
611 667 826 761 παράγγελμα
847 676 882 740 οἱ
896 672 957 760 μὲν
970 669 1097 763 ,ἐτήρη-

103 794 209 860 εσαν,
228 769 245 842 ό
264 772 301 842 δὲ
324 768 559 861 Τουρκουάτου
575 788 673 860 ταῖς,
692 769 955 862 στρατευόμενος
974 778 1097 855 ἐντοῖς

131 877 286 962 ἱππεῦσι,
310 876 367 942 καὶ
391 875 558 962 πεμφθείς
582 871 664 963 πρός
682 871 897 962 κατασκοπὴν
913 877 982 946 τών
1000 878 1096 946 ἐυαν-

125 983 220 1062 τίων,
239 981 401 1065 παρεῖδεν
414 971 476 1044 οὐκ
493 972 673 1066 αὐθαδείᾳ,
691 972 775 1044 ἀλλά
788 977 901 1064 μέντοι
915 983 1095 1069 φιλοτιμίᾳ.
1200 1003 1203 1006 ·

123 1079 198 1148 ἐπεὶ
216 1073 280 1166 γάρ
298 1071 315 1145 ὁ
333 1081 498 1164 ἵππαρχος
516 1081 585 1148 τών
602 1083 757 1148 Λατίνων
777 1075 860 1148 ίδών
874 1075 978 1148 αὐτὸν
996 1103 1097 1170 προο-

122 1177 221 1253 ιόυτα
238 1175 321 1268 πρὸς
344 1185 551 1267 μονομαχίαν
568 1179 829 1266 προεκαλέσατο,
854 1181 910 1250 καλ
936 1179 981 1268 μὴ
1001 1179 1097 1263 δεξά-

87 1311 111 1349 ιο
124 1309 233 1370 μενον
249 1277 376 1367 ταύτην
395 1276 451 1348 διά
467 1279 528 1368 τὴν
546 1277 751 1370 πρόρρησιν,
771 1279 968 1370 παρώξυνεν
992 1279 1097 1353 είπών

118 1378 184 1452 “οά
205 1379 249 1450 σύ
266 1384 379 1470 μέντοι
402 1378 638 1469 Τουρκουάτου
655 1377 728 1461 υἱός
747 1380 779 1451 εί
786 1414 795 1466 ;
819 1377 859 1452 οὐ
877 1379 1033 1470 σεμνύνει
1051 1386 1095 1475 τῷ

122 1487 278 1576 στρεπτῷ
301 1486 362 1552 τοῦ
384 1481 526 1572 πατρός;
551 1477 570 1572 ἢ
596 1479 678 1570 πρός
701 1483 763 1572 μὲν
792 1481 938 1565 Γαλάτας
964 1479 1096 1574 ἀνθρώ·

122 1612 211 1666 πους
234 1582 388 1674 φθόρους
407 1591 559 1674 ἔρρωσθε
582 1587 638 1654 καλ
662 1581 879 1674 ἀνδρίζεσθε,
903 1584 980 1666 τοὺς
999 1585 1037 1656 δὲ
1056 1583 1096 1674 δὴ
1111 1599 1140 1648 D¹

122 1694 294 1767 Λατίνους
305 1681 389 1774 ἡμὰς
403 1692 585 1774 φοβεῖσθε;
599 1693 635 1756 τί
644 1675 829 1778 οόυάρχειν
846 1681 939 1776 ἡμῶν
950 1682 1095 1772 ἀξιοῦτες

85 1816 111 1855 ιε
124 1796 160 1858 τί
177 1785 208 1856 δ’
231 1785 275 1869 ώς
295 1795 441 1879 χείροσιν
458 1785 554 1877 ὑμῶν
568 1785 795 1873 ἐπιτάσσετε;”
815 1799 949 1880 ε’κφροευ
968 1793 1097 1877 ἐγένετο

123 1887 192 1959 ὑπὸ
209 1891 271 1960 τοῦ
287 1893 419 1977 θυμοῦ,
445 1891 500 1964 καί
525 1891 582 1977 τῆς
600 1892 854 1978 παραγγέλσεως
874 1891 960 1960 ἑκών
980 1887 1099 1960 ἐπελά-
1185 1927 1190 1931 ·

127 2002 229 2078 θετο,
254 1991 311 2059 καὶ
328 1987 560 2079 μονομαχήσας
580 1993 729 2078 ἐνίκησε,
747 1994 803 2060 καλ
821 1989 861 2061 τά
885 1997 991 2062 σκῦλα
1014 1994 1098 2079 μίγα

128 2094 265 2182 φρονών
283 2089 416 2179 ἐκόμισε
433 2097 478 2185 τῷ
496 2099 605 2182 πατρί.
632 2093 689 2160 καὶ
707 2085 743 2170 ὃς
761 2088 924 2181 ἀθροίσας
942 2091 979 2161 τὸ
997 2089 1098 2182 στράε

123 2190 431 2282 τευμα“γενναίως
448 2189 532 2280 μέν”
553 2199 616 2281 ἔφη
629 2181 681 2261 “ώ
698 2209 770 2279 παῖ,
791 2193 949 2280 ἐμαχέσω,
968 2193 1024 2263 καὶ
1043 2188 1099 2259 διά

85 2292 225 2366 εοτοῦτό
243 2317 282 2364 σε
300 2292 520 2383 στεφανώσειε·
556 2291 606 2364 ότι
627 2294 665 2364 δὲ
688 2292 725 2362 τὸ
744 2292 957 2382 προσταχθὲν
975 2288 1015 2363 οὐ
1033 2318 1098 2361 πα-

124 2393 331 2487 ρετήρησας,
360 2402 467 2466 καίτοι
495 2398 551 2466 καλ
579 2391 624 2478 ώς
650 2394 724 2476 υίὸς
748 2407 947 2485 πειθαρχεῖν
973 2395 1028 2464 καλ
1053 2391 1098 2475 ώς

123 2494 330 2587 στρατιώτης
354 2492 637 2586 ἀναγκαζόμενος,
663 2497 719 2568 διά
741 2495 839 2568 τοάτό
857 2519 895 2567 σε
914 2493 1095 2584 δικαιώσω,

122 2604 184 2668 ἵνα
202 2594 260 2667 καί
276 2596 313 2668 τό
330 2603 388 2686 τῆς
413 2595 581 2685 ἀριστείας
599 2588 707 2672 άθλον
730 2601 787 2669 καὶ
810 2599 847 2668 τὸ
870 2605 929 2688 τῆς
955 2597 1097 2686 ἀνηκου-

124 2710 221 2782 στίας
242 2705 365 2789 τίμημα
384 2696 503 2790 λήψη.”
530 2697 619 2770 ταῦτ’
636 2699 739 2772 είπών
760 2697 828 2790 ἅμα
844 2698 903 2772 τόν
921 2729 956 2772 τε
974 2703 1086 2789 στέφα-

84 2827 111 2866 εε
124 2831 189 2872 νον
206 2804 248 2887 τῇ
262 2807 392 2892 κεφαλῇ
408 2797 514 2872 αὐτου
532 2805 671 2872 ἐπέθετο
686 2804 742 2871 καὶ
753 2798 859 2891 αὐτὴν
872 2805 1004 2890 ἐκείνην
1016 2797 1099 2873 ἀπί-

123 2931 235 2992 τεμεν.
902 2911 909 2916 ’

203 3003 290 3076 Εἶτα
306 3000 389 3096 ὄναρ
407 3001 534 3094 ἀμφοῖν
546 3020 615 3086 τοῖς
627 3002 765 3084 ὑπάτοις
781 3008 817 3074 ἐν
834 3007 877 3094 τῇ
895 2998 979 3092 αὐτῇ
997 3003 1094 3074 νυκτί

126 3104 251 3196 ὁμοίως
268 3107 377 3194 φανὲν
395 3111 488 3189 ἔδοξε
506 3106 617 3194 λέγειν
633 3110 703 3188 τών
721 3109 884 3178 ἐναντίων
904 3103 1200 3196 κρατήσειν,Ρ1363

123 3201 170 3277 ἀν
187 3205 206 3278 ὁ
226 3209 336 3296 ἕτερος
354 3213 423 3278 τών
439 3202 578 3280 ὑπάταν
596 3205 717 3281 ἑαυτὸν
736 3209 850 3301 ἐπιδῷ.
877 3205 950 3298 μεθ’
971 3205 1099 3300 ἡμέραν

83 3332 111 3374 ιο
123 3298 190 3380 οὖν
206 3303 363 3397 ἀλληλοις
382 3306 619 3398 διηγησάμενοι
642 3307 678 3384 τό
696 3305 779 3401 ὄναρ
797 3311 981 3382 συνέθεντο
1000 3322 1098 3382 θεῖον

124 3409 234 3497 εἶναι,
258 3413 314 3482 καί
337 3417 522 3498 πεισθῆναι
547 3417 620 3482 δεῖν
641 3407 736 3504 ,αὐτῷ
766 3406 992 3501 ὡμολόγησαν.
1041 3411 1098 3480 καλ
1134 3437 1135 3441 ’

124 3507 389 3603 ἠμφισβήτησαν
408 3513 445 3584 δὲ
462 3509 544 3605 πρός
562 3507 745 3602 ἀλλήλους,
763 3511 824 3602 οὐχ
841 3508 878 3595 ός
896 3506 939 3583 ἀν
956 3515 1096 3596 σωθείη,
