2546 3822
250 172 314 238 388
558 176 631 227 mn.
650 175 707 225 xv.
727 173 805 225 σευ.
826 175 901 226 m.

250 319 307 384 καί
324 311 401 383 ἄλλ’
421 314 503 386 άττα
519 312 711 406 ὑπέθραττε
727 315 788 384 τόν
811 317 950 387 Λέοντα
962 316 1018 384 καὶ
1042 316 1194 401 ἐδείμαινε.
1241 295 1243 344 ¹

249 418 332 497 τέως
359 414 393 485 δ’
420 408 485 486 ούν
509 425 635 496 κλοιοῖς
660 411 740 497 τούς
758 417 865 498 πόδας
882 423 945 486 τού
964 412 1095 505 Μιχαὴλ
1112 417 1192 500 ἐνδη-

214 533 241 585 D
254 518 397 606 σάμενος
413 516 476 587 τόν
492 517 555 606 μὲν
571 524 621 612 τῶ
631 525 750 608 Παπίᾳ
766 517 1089 608 φρουρηθησόμενον
1104 541 1194 606 παρα·

251 622 413 704 δέδωκεν,
437 615 540 700 αύτδς
558 619 655 688 δὲ
618 649 680 708 την
697 624 814 690 κλεῖδα
832 635 963 707 κατεῖχε
979 647 1040 688 του
1027 618 1194 706 σιδηρέαν

251 727 388 809 δεσμοῦ.
425 726 604 809 ἐμφροντις
628 719 727 790 δὲ
689 749 753 808 την
776 721 884 790 νύκτα
907 718 1037 808 διάγων
1061 716 1121 790 ούιι
1143 717 1211 805 είχεῡ

248 822 312 891 τόν
330 822 441 891 ὕπνον
458 837 528 902 τοῖς
552 819 699 911 ὄμμασιν
716 817 823 892 αύτοῦ
847 821 1053 912 ἐφιζάνοντα.
1087 819 1133 890 διό
1153 819 1195 887 καὶ
1242 855 1243 862 1

249 921 351 1013 άπήει
368 922 454 1012 πρδς
472 923 510 992 τό
528 951 589 993 του
576 930 739 993 Παπίου
753 923 984 1012 διαιτητήρινν,
1002 920 1093 991 ual‘
1078 927 1136 1013 ορᾷ
1151 917 1196 989 τόν
1241 899 1243 1016 6

248 1025 312 1112 μὲν
331 1023 467 1112 Μιχαὴλ
487 1026 541 1094 ἐπὶ
560 1031 677 1113 κλίνης
694 1026 918 1111 καθεύδοντα,
944 1025 1004 1094 τόν
1022 1025 1062 1094 δέ
1080 1028 1195 1096 Παπίιν
1241 1021 1243 1052 ¹

250 1124 304 1194 ἐπ’
325 1125 474 1214 ἐδάφους
491 1126 785 1214 κατακλινόμενον.
821 1121 926 1252 ἢχάρ
943 1132 1052 1214 τιμῶν
1068 1124 1125 1195 τόν
1140 1132 1194 1194 Μι-
1242 1137 1243 1140 ’

248 1223 367 1351 χαήΓ
351 1253 369 1295 ο
384 1233 522 1308 Παπίας
539 1233 640 1297 τούτο
658 1225 878 1317 πεποίηκεν”
857 1255 879 1316 η
896 1229 953 1296 καί
967 1235 1133 1314 συνίστωρ
1149 1221 1219 1306 661⁰

249 1325 294 1408 ῶς
319 1324 438 1415 ἐδόκει,
462 1334 521 1415 τῆς
545 1328 629 1398 κατά
654 1335 716 1399 τού
740 1330 902 1416 βασιλέως
919 1333 1059 1416 βουλῆς.
1094 1325 1134 1408 ῶς
1149 1316 1195 1394 σύν

248 1428 317 1498 είδε
342 1435 450 1498 ταῦτα
473 1429 589 1498 καί
554 1457 614 1498 τον
632 1429 813 1558 Μιχαήλ”
788 1456 900 1500 υπνον
917 1428 1195 1550 ύπνῶττονταβι-

246 1529 319 1598 θύν
344 1557 380 1598 τε
406 1532 462 1598 καί
480 1530 636 1620 νήδυμον
653 1559 710 1600 και
699 1527 798 1613 οἷος
818 1529 996 1620 ἀφρόντιδι
1013 1525 1160 1617 ἔοικεν,
1143 1551 1195 1596 υπ-

103 1649 106 1654 “
144 1633 390 1721 ΡΗ134ἐστρεφε
414 1637 546 1722 μηνιῶν
563 1631 699 1719 καλιήν
717 1630 824 1721 ὀργήν
841 1630 1013 1720 ὑπεδήλου
1033 1639 1077 1722 τῇ
1093 1629 1195 1716 κινήσει

213 1717 290 1824 Ατή
315 1739 374 1820 τῆς
399 1733 515 1823 χειρός.
551 1738 621 1801 τῶν
637 1733 701 1822 μὲν
725 1727 789 1804 ούν
806 1733 921 1804 ἄλλων
938 1731 1056 1815 οὐδεὶς
1072 1732 1129 1820 τήν
1143 1739 1219 1798 πα·15

249 1841 391 1923 ρουσίαν
414 1840 477 1902 τού
500 1835 662 1920 βασιλέως
688 1831 833 1924 ᾔσθετο,
860 1831 908 1916 είς
932 1835 973 1902 δέ
992 1861 1044 1916 τις
1068 1839 1131 1903 τῶν
1149 1832 1195 1898 τοῦ

142 1955 147 1964 “
248 1941 386 2006 Παπίου
417 1935 475 2004 καλ
506 1941 594 2020 ἔγνω
623 1941 747 2006 τούτου
778 1935 922 2006 ἐλθόντα
952 1937 1009 2004 καί
1033 1933 1194 2005 ύπνῶττειν

247 2036 558 2124 προσποιησάμενος
577 2035 665 2126 ἑῶρα
683 2035 746 2106 ὅσα
764 2039 900 2126 ἐποίησε
917 2038 976 2118 Ικαί
994 2035 1041 2118 ῶς
1065 2034 1193 2124 ῶρχίσδη

247 2137 304 2206 καί
324 2135 368 2217 ῶς
387 2134 560 2226 ήπείλησε,
586 2139 643 2216 καὶ
668 2138 777 2207 πάντα
802 2147 920 2227 σφίσιν
936 2136 1143 2226 ἀπήγγειλεν.
1170 2133 1195 2198 ιί

140 2317 144 2324 ,
248 2239 286 2310 δὲ
309 2238 406 2332 φόβφ
432 2240 619 2328 ληφθέντες
650 2237 742 2319 ὅπως
768 2236 812 2312 άν
837 2239 1016 2328 ἐκφύγοιεν
1038 2237 1077 2310 τό
1093 2235 1242 2327 μήνιμίδι

246 2345 308 2409 τού
334 2342 496 2508 βασιλέωις
522 2339 723 2428 ἐφρόντιζον.
758 2339 815 2410 καὶ
840 2339 1014 2428 ὁΜιχαήλ
1032 2345 1081 2433 τῷ
1097 2340 1193 2421 Παπίᾳ

247 2434 405 2528 φησίν
380 2469 425 2520 οις
453 2447 485 2509 εί
508 2441 621 2527 βούλει
639 2440 753 2528 αύτός,
772 2437 813 2510 ού
832 2441 893 2510 τόν
909 2446 1075 2512 κίνδυνον
1093 2442 1193 2524 ἐκφευ-

247 2540 375 2628 ξόμεθα
392 2540 511 2629 μόνον,
529 2537 615 2608 άλλά
632 2543 689 2610 καὶ
706 2539 746 2612 τά
764 2541 976 2666 μελετῶμενρι
993 2540 1136 2632 ήμσνς
1093 2546 1136 2620 είς
1150 2542 1193 2622 ἐρ-

246 2667 309 2728 φον
327 2640 509 2729 ἐκβήσεται.
535 2639 631 2710 καὶ“
611 2670 649 2723 ος
664 2641 722 2712 “τδ
741 2643 989 2732 παριστάμενόν
1006 2665 1060 2713 σοι
1076 2629 1192 2726 πράττέ

247 2750 364 2832 φησίν,
380 2739 494 2866 “ἐμδδ
498 2739 639 2826 ’ἓξεις“
619 2769 687 2834 οπη
677 2745 847 2831 βούλει
831 2744 1004 2914 επόμίενον.
1027 2740 1216 2832 ἐγχαράττειδ

247 2853 367 2914 τοίνυν
385 2839 507 2914 αύτίκα
532 2844 669 2934 γραφήν
692 2844 777 2934 πρός
793 2844 874 2926 τούς
892 2851 927 2914 οἱ
941 2850 1012 2914 τῶν
1028 2834 1194 2933 βουλευμά-

212 2945 317 3014 Βτῶν
333 2949 542 3034 μετέχοντας,
566 2943 757 3016 ἀπειλῶν
733 2973 777 3028 ως
796 2952 829 3015 εί
842 2945 888 3036 μή
906 2946 1005 3034 τάχος
1024 2943 1194 3014 ἐλεύσονται

247 3047 303 3116 καί
320 3074 360 3115 τα
350 3045 629 3135 βεβουλευμένα
642 3052 772 3117 θῶνται
785 3050 930 3136 ἐπιτελη,
948 3045 1089 3116 εἶναι
1049 3072 1111 3132 γαρ
1127 3042 1194 3110 τοῦ·

246 3174 284 3217 το
300 3147 431 3238 ῥηίδιον,
452 3145 496 3228 ῶς
514 3144 617 3228 αύτδς
636 3145 842 3273 ῶκονόριησε,
860 3147 989 3228 πάντας
1005 3139 1194 3220 άναιιαλύδέι

246 3276 292 3340 τρι
281 3255 452 3335 βασιλεῖ,
470 3245 584 3316 κάλ’
544 3275 608 3332 ονιι
625 3247 726 3330 αύτδς
748 3248 850 3338 μόνος
868 3277 929 3319 τον
917 3247 1107 3318 κινδύνου
1121 3249 1191 3332 μεδ·
1201 3247 1216 3288 ³

248 3349 321 3426 ἐξει.
364 3349 491 3435 ταύτην
515 3347 577 3436 τήν
604 3350 780 3437 ἐπιστολήν
808 3351 1001 3474 ἐγχειρήσας
1022 3376 1073 3440 τφ
1060 3348 1192 3428 1166

248 3448 432 3516 ἐνετείλατο
458 3456 588 3518 στείλαί
610 3479 684 3519 τινα
707 3454 740 3533 ἐξ
759 3449 863 3538 αὐτῆς
879 3451 941 3522 τόν
957 3449 1019 3540 τήν
1037 3438 1192 3526 ἐπιστολήν
