2538 3824
192 115 256 180 408
511 118 585 169 LIB.
597 118 631 168 X.
650 116 729 168 CAP.
741 118 844 172 XXIII.

194 256 254 327 τὸν
277 263 404 346 Μηνᾶν
427 260 483 326 καὶ
507 252 555 326 δι’
580 253 665 326 ἄλλα
687 255 746 327 τὸν
771 264 924 346 Καίσαρα
953 255 1161 346 αἰτιώμενος,
1267 273 1268 340 j

194 361 327 448 πέμψας
344 359 451 428 πολλά
466 361 525 446 τῆς
538 364 738 448 Καμπανίας
756 356 934 448 ἐπόρθησε.
969 357 1059 428 καὶὸ
1078 367 1165 433 Καῑ·,

163 473 260 550 Οσαρ
278 462 375 532 τοῦτο
391 458 516 550 μαθῶν
532 457 591 530 τόν
607 487 644 529 τε
660 462 810 532 Λέπιδον
826 462 883 530 καί
900 458 959 531 τὸν
981 457 1163 534 Ἀντῶνιον
1267 497 1268 500 “

196 565 435 652 μετεπέμψατο.
487 563 544 632 καί
565 559 584 631 ὁ
607 563 670 651 μὲν
692 563 838 644 Λέπιδος
860 557 924 632 οὐκ
947 559 1053 644 εὐθὺς
1075 559 1162 651 ὑπή·

196 686 336 750 κουσεν,
363 661 540 746 Ἀντῶνιος
565 663 603 733 δὲ
624 653 711 751 ἦλθε
727 664 790 752 μὲν
808 667 920 751 ἕκτης
939 658 1095 746 Ἑλλάδος
1112 670 1193 746 είςε

196 763 233 836 τό
250 767 469 854 Βρεντέσιον,
486 767 570 854 πρὶν
588 765 626 834 δὲ
642 771 690 858 τῶ
706 772 854 855 Καίσαρι
871 775 1071 854 συνελθεῖν,
1092 771 1162 838 ὀεί-
1262 797 1268 836 ι,

197 887 258 948 σας
280 863 332 937 ὅτι
355 865 455 949 λύκος
477 874 526 950 είς
549 857 586 937 τῶ
610 869 810 956 στρατήγιον
826 862 931 938 αάτοῦ
950 871 1087 956 είσῆλθε
1104 870 1162 938 καί

197 965 401 1058 στρατιῶτας
424 976 604 1057 ἔφθειρεν,
635 976 683 1050 είς
710 968 773 1056 τὴν
798 966 940 1040 Ἑλλάδα
961 967 1064 1040 πάλιν
1086 966 1163 1040 άνέ·

197 1079 339 1158 πλευσε,
363 1069 655 1160 προφασισάμενος
677 1069 718 1143 τά
743 1073 812 1140 τῶν
828 1069 982 1160 Πάρθων
1004 1069 1050 1152 ῶς
1067 1099 1165 1141 κατε-

195 1178 364 1260 πεητοντα.
1179 1205 1206 1244 ιο

94 1287 220 1339 wl1150
267 1271 304 1344 ‘0
322 1273 361 1343 δὲ
379 1276 501 1356 Σέξτος
526 1269 781 1365 προθυμότερον
805 1283 910 1362 είχετο
928 1277 997 1344 τῶν
1013 1273 1166 1364 πραγμά-

196 1403 276 1463 των,
301 1377 358 1444 καλ
375 1377 417 1464 τῇ
435 1373 558 1467 Ἰταλίᾳ
576 1377 727 1464 ἐπέπλει,
750 1376 808 1444 καὶ
824 1373 932 1446 πολλά
948 1375 1011 1464 μὲν
1029 1375 1164 1462 ἐκάκου,

196 1474 238 1548 οὗ
255 1484 339 1567 μείω
358 1477 396 1546 δὲ
414 1479 471 1546 καὶ
487 1474 682 1566 ἆντέπασχε.
727 1478 783 1546 καί
800 1481 995 1566 ναυμαχιῶν
1014 1477 1052 1548 δὲ
1068 1505 1165 1566 γεγο·

199 1583 304 1650 νυιῶν
327 1583 363 1647 οί
382 1581 443 1648 τοῦ
459 1581 587 1661 Σέξτου
603 1583 731 1667 μᾶλλον
749 1577 910 1667 ἐκράτουν
916 1631 927 1666 ,
950 1581 1084 1648 πολλῶν
1101 1579 1166 1668 μὲν

195 1683 290 1767 νηῶν
306 1683 367 1751 τοῦ
385 1686 556 1768 Καίσαρος
574 1682 630 1750 καὶ
648 1683 686 1750 ἐν
702 1694 776 1760 ταῖς
793 1687 993 1768 ναυμαχίαις
1014 1692 1163 1769 φθαρει·
1177 1711 1204 1752 ιε
1266 1747 1268 1754 ,

197 1785 284 1869 σῶν,
319 1785 454 1852 πολλῶν
472 1781 511 1851 δὲ
528 1784 585 1851 καὶ
600 1776 669 1850 ὑπὸ
687 1788 809 1869 βιαίαν
826 1779 1027 1870 πνευμάτων
1044 1787 1166 1852 κινδυ·

197 1889 393 1970 νευσασῶν,
421 1880 505 1954 ῶστε
522 1880 581 1954 τόν
597 1889 754 1972 Καίσαρα
771 1881 979 1973 βουλόμενον
992 1890 1044 1966 είς
1062 1893 1166 1954 Σικε-

163 1992 278 2054 Βλίαν
302 1987 462 2073 ἐμβαλεῖν
485 1988 583 2054 τουτο
606 1985 669 2074 μὲν
686 1980 898 2074 άπογνῶυαι,
922 1992 981 2073 τῆς
1000 1986 1038 2056 δὲ
1054 2013 1167 2077 παρα·
1266 2007 1267 2010 ’

194 2094 384 2168 θαλασσίας
407 2084 550 2174 ἠπείρου
573 2083 637 2174 τὴν
659 2085 818 2175 φυλακὴν
841 2099 1013 2158 ποιεῖσθαι
1035 2085 1164 2176 άγαπη-
1266 2167 1267 2188 χ

196 2189 269 2270 τῶς.
304 2185 464 2271 ὁΣέξτος
487 2183 521 2257 δ’
548 2195 597 2260 ἐτι
618 2192 745 2278 μᾶλλον
767 2185 877 2276 ἤρθη,
903 2191 960 2262 καὶ
983 2184 1083 2269 αὐτὸς
1097 2189 1201 2276 μὲνεο
1265 2207 1267 2218 “

195 2290 257 2377 τὴν
270 2283 412 2360 Ἰταλίαν
430 2286 562 2379 ἐκάκου,
581 2295 629 2372 είς
646 2291 684 2360 δέ
701 2288 764 2378 τὴν
780 2288 915 2378 Λιβῶην
932 2291 991 2362 τὸν
1006 2287 1163 2362 'Amol-Io·

195 2389 287 2480 φάνη
321 2391 502 2462 ιἰπέστειλε.
556 2400 689 2481 Καῖσαρ
718 2394 831 2481 μέντοι
860 2391 961 2462 πλοῖά
989 2419 1027 2461 τε
1054 2392 1162 2463 πολλοὶ

197 2489 379 2579 ἐναυπηγει
408 2493 465 2560 καλ
490 2493 602 2580 ἐρέτας
624 2491 716 2583 παρά
730 2505 775 2564 Ιτε
797 2497 866 2564 τῶν
888 2500 1083 2582 βουλευτῶν
1106 2497 1162 2563 καί
1263 2511 1266 2576 j

196 2595 265 2662 τῶν
290 2597 420 2663 ἱππέων
443 2595 499 2663 καὶ
525 2598 593 2665 τῶν
618 2599 773 2684 δημοτῶν
794 2597 993 2683 συνέλεγεν,
1023 2593 1162 2678 ὁπλίτας

196 2721 233 2764 τε
250 2697 444 2783 κατελέγετο
462 2697 519 2766 καί
544 2693 696 2788 χρήματα
713 2694 927 2788 πανταχόθεν
944 2696 1161 2787 σεπιήθροιζε·
1175 2721 1202 2764 τε

197 2798 253 2866 καί
271 2793 371 2878 αὐτὸς
388 2797 451 2887 μὲν
467 2795 508 2868 τά
524 2824 563 2867 τε
580 2799 618 2870 ἐν
633 2805 675 2887 τῇ
696 2793 816 2892 Ἰταλίᾳ
841 2801 897 2868 καλ
920 2796 960 2869 τά
985 2801 1021 2869 ἐν
1038 2803 1079 2888 τῇ
1097 2807 1163 2870 Γα-
1264 2795 1265 2800 ’

197 2905 296 2991 λατίη
320 2902 484 2988 διέταττε,
510 2905 558 2992 τῷ
583 2896 617 2968 δ’
640 2895 805 2993 Ἀγρίππᾳ
830 2892 893 2988 την
915 2904 976 2970 τοῶ
999 2907 1163 2972 ναυτικοῦ

196 2998 414 3089 παρασκευὴν
449 3003 633 3090 ἐγχειρίσας
668 3005 849 3090 ἐκπονῆσαι
887 3004 944 3072 καί
984 3004 1163 3090 ἐξασκῆσαι
1262 3077 1264 3100 ³

196 3107 294 3172 τοῦτο
313 3104 474 3174 ἐκέλευσε.
511 3104 568 3172 καλ
591 3097 628 3184 ὃς
650 3101 708 3184 τάς
725 3131 763 3174 τε
781 3107 864 3186 ναῦς
882 3102 1032 3185 καὶτοὺς
1049 3106 1162 3192 ἐρέτας
1262 3105 1264 3118 ’

196 3197 349 3288 ἤθροισε,
367 3206 423 3273 καλ
440 3201 497 3284 τάς
514 3204 576 3292 μὲν
588 3209 804 3296 κατέρραττε,
822 3205 900 3288 τούς
915 3199 949 3274 δ’
970 3200 1022 3276 ἐπ’
1043 3211 1161 3296 ίκρίων
1174 3227 1199 3270 εν

198 3302 341 3388 ἐρέττειν
356 3299 457 3391 ἤσκει.

277 3405 322 3469 Οί
338 3400 368 3470 δ’
391 3406 428 3474 ἐν
444 3408 485 3492 τῇ
498 3399 604 3494 Ῥῶμη
623 3404 837 3497 ἐταράττοντο
854 3409 917 3500 μὲν
930 3411 986 3480 καί
1004 3423 1076 3492 ταῖς
1093 3411 1160 3478 τῶν
