2538 3824
351 145 422 194 Lm.
435 143 468 194 X.
489 141 793 196 OAP.XXI11.XX1V.
992 143 1056 208 409

6 303 7 316 ¹
93 277 264 371 ύρχόντων
281 283 363 371 πρὸς
381 280 546 371 ἀλλήλους
563 281 737 372 στάσεσιν,
756 291 918 372 έθραττον
938 285 974 356 δὲ
992 283 1156 355 αύ-ΡΙοισ

6 405 10 484 ζ
93 383 169 466 τούς
192 385 248 454 καλ
272 400 391 474 σημεῖα
415 381 499 456 άλλα
521 413 557 456 τε
575 387 630 456 καί
647 381 698 456 ότι
714 384 840 476 λευκήν
856 383 952 475 ὄρνιν
969 385 1056 457 κλά-

6 501 13 618 ή
93 483 322 574 ναετύάφνης
345 484 513 577 ε’γκάρπον
537 489 709 578 φέρουσαν
726 483 822 569 άετός
839 483 990 577 άρπάσας
1009 495 1056 570 είς

6 627 8 658 ι
91 585 149 658 τόν
173 585 298 658 κόλπον
320 591 380 676 τής
398 595 517 676 Λιβίας
542 591 716 676 ἐνέβαλεν·
756 585 839 660 ὂού
858 587 979 680 μικρὸν
995 609 1056 679 ση-

7 697 8 702 ’
67 706 188 779 εμείον
211 686 329 760 ἐδόκει.
378 686 399 779 ή
423 689 461 762 δὲ
484 694 542 778 τής
565 719 600 762 τε
624 689 761 780 ὄρνιθος
787 689 976 780 ἐπεμελήθη
999 694 1056 760 καὶ

89 792 152 880 τήν
170 789 306 879 δάφνην
325 788 500 881 ἐφύτευσε,
518 795 575 862 καλ
591 787 612 882 ἡ
630 793 692 881 μὲν
705 797 885 884 ῥιζωθεῑσα
898 790 1055 882 ηὔξησεν,

90 888 110 982 ή
130 891 168 964 δέ
186 899 291 981 Λιβία
315 893 591 982 ἐγκολπύσασθαι
615 893 677 982 τήν
693 901 753 966 τοῦ
771 902 940 986 Καίσαρος
959 893 1056 984 ίσχύν

89 997 148 1065 καὶ
167 997 205 1064 ἐν
222 997 325 1064 πᾶσιν
343 990 447 1066 αὐτού
464 991 641 1084 κρατήσειν
659 1002 804 1086 ἔμελλεν.

164 1091 220 1168 Ἐν
239 1095 276 1166 δέ
293 1094 402 1189 τούτῳ
419 1099 466 1190 τῷ
482 1095 592 1190 χρόνῳ
609 1086 695 1186 ἦλθε
711 1097 774 1186 μὲν
790 1093 809 1168 ὁ
825 1093 999 1179 Ἀντύνιος
1019 1101 1055 1166 ἐιι
1066 1104 1109 1168 24

55 1231 77 1272 10
88 1202 148 1286 τῆς
167 1204 298 1284 Συρίας
316 1203 364 1279 είς
376 1195 534 1286 Ἰταλίαν,
550 1193 595 1280 ύς
612 1201 659 1294 τῷ
675 1209 822 1290 Καίσαρι
841 1197 897 1269 διά
913 1197 954 1268 τά
970 1223 1056 1288 συμ-

88 1297 257 1388 βεβηκότα
279 1297 371 1392 αύτῳ
393 1301 453 1372 τού
469 1300 552 1390 πρὸς
569 1303 628 1370 τὸν
645 1303 770 1384 Σέξτον
787 1301 939 1391 μεθέξων
957 1305 1056 1371 πολέ-

88 1429 174 1491 μου,
199 1395 240 1470 ού
265 1403 378 1490 μέντοι
401 1404 601 1492 παρέμεινεν
608 1455 618 1491 ,
645 1398 729 1473 άλλίι
752 1407 835 1486 ναός
861 1402 940 1484 δούς
964 1399 1055 1496 αὐτῷ

88 1505 147 1574 καλ
167 1503 281 1592 ἐτέρας
297 1504 441 1592 πέμψειν
459 1501 735 1594 ἐπαγγειλάμενος
752 1504 889 1586 ὁπλίτας
901 1501 1088 1592 άντείλη-Β

6 1663 7 1666 ,
89 1631 175 1695 φιν,
207 1599 307 1684 αύτός
332 1605 369 1674 δὲ
393 1603 438 1687 ὦς
455 1608 510 1676 ἐπὶ
527 1605 689 1696 Πάρθους
707 1605 920 1698 στρατεύσειν
937 1601 1054 1695 άπήρε.

6 1701 7 1782 ff
57 1738 78 1778 ιε
90 1709 174 1794 πρίν
198 1706 236 1776 δὲ
259 1701 394 1777 άπιέναι
420 1703 522 1778 αὐτὸν
552 1706 731 1798 ήτιάσαντο
753 1705 940 1798 ’ἀλλήλους’
986 1708 1056 1780 εἶτα

6 1841 8 1858 =
91 1809 149 1878 καὶ
168 1806 407 1896 διηλλάγησαν,
425 1811 484 1897 τής
499 1805 670 1896 Ὀκταβίας
683 1807 741 1891 τάς
756 1809 937 1900 διαλλαγάς
954 1837 1055 1899 πρατ-

6 1933 7 1961 }
93 1907 221 1999 τούσης.
251 1907 285 1998 ἡ
305 1910 342 1978 δὲ
361 1907 518 1998 Ὀκταβία
536 1914 596 1982 τοῦ
615 1917 783 2002 Καίσαρος
802 1903 844 1999 ήν
861 1910 1009 2001 ἀδελφή,
1034 1910 1056 2000 ἢ

7 2041 8 2056 ¹
94 2007 176 2098 μετὰ
196 2007 348 2081 θάνατον
371 2016 429 2100 τῆς
449 2017 619 2099 Φουλβίας
637 2017 684 2104 τῷ
706 2010 877 2105 Ἀντωνίῳ
894 2009 1056 2102 σννήφθη

7 2197 8 2202 ¹
92 2109 183 2202 παρά
206 2116 268 2183 τού
292 2110 460 2202 άθελφού,
490 2118 551 2182 τού
574 2110 699 2202 ἀνδρὸς
726 2111 828 2200 αύτής
859 2103 886 2207 β
912 2111 1057 2206 συνῴκει

7 2221 9 2248 ³
58 2211 255 2304 υπρότερον
277 2212 543 2304 τελευτήσαντος.
579 2220 636 2284 καλ
658 2213 772 2304 ἐπειδὴ
795 2213 889 2284 ούπω
907 2218 1057 2302 παρῆκεν

90 2313 107 2386 ὁ
131 2317 296 2404 πένθιμος
318 2313 454 2408 χρόνος,
481 2313 584 2411 ψήφῳ
608 2319 667 2406 τῆς
688 2313 878 2405 συγκλήτου
897 2311 1003 2404 ἐλύθη
1020 2315 1057 2386 τὸ

8 2501 9 2508 χ
91 2420 266 2506 ἐπιτίμιον.
301 2419 357 2488 καλ
374 2415 448 2488 τότε
467 2421 516 2507 δέ,
533 2423 591 2490 ἵνα
607 2425 735 2490 πλείων
752 2413 866 2500 αύτοῑς
884 2420 920 2488 ἐκ
939 2439 1056 2507 συγγε-

90 2526 185 2600 νείας
199 2516 389 2608 σύνδεσμος
400 2523 541 2609 γένοιτο,
560 2518 727 2614 Ἀντύλλῳ
739 2523 787 2614 τῷ
798 2523 858 2592 τού
873 2510 1056 2592 Ἀντωνίου

90 2625 163 2692 υἱεῖ
178 2617 241 2708 τήν
257 2624 430 2711 θυγατέρα
452 2619 470 2691 ὃ
488 2631 621 2712 Καῖσαρ
644 2622 707 2711 τήν
729 2624 852 2693 ἑαυτοῦ
870 2621 1055 2714 κατηγγύη-

55 2751 79 2792 εε
92 2743 163 2794 σεν.
202 2719 399 2794 ἐπλάττοντο
425 2724 588 2794 δὲταῦτα
611 2727 667 2796 καί
690 2722 909 2812 ὑπεκρίνοντο
934 2723 990 2794 θιά
1015 2723 1088 2795 τάθ

90 2822 166 2894 τότε
188 2832 308 2912 σφίσιν
330 2822 523 2914 ύπάρχοντα
547 2825 731 2915 πράγματα.
780 2824 839 2896 τὸν
870 2826 906 2894 θλ
930 2828 1056 2908 Σέξτον

91 2927 150 3020 τής
167 2951 203 2995 τε
221 2924 406 3015 ίερωσύνης
424 2933 575 3000 ἔπαυσαν
593 2929 649 2996 καὶ
665 2929 723 3014 τής
735 2923 906 3012 ὑπατείας,
925 2927 1056 3007 ἑαυτοῖς

82 3029 130 3098 ’δὲ
153 3023 216 3116 τήν
238 3021 421 3116 ἡγεμονίαν
444 3035 492 3109 είς
515 3025 620 3117 ύλλην
639 3035 837 3098 πενταετίαν
855 3029 1054 3118 ἐπέτρεψαν·

9 3219 11 3240 2
87 3125 113 3216 ή
132 3127 196 3218 γάρ
213 3130 358 3220 προτέρα
375 3129 441 3226 ήδη
460 3129 671 3219 ἐξεμετρήθη.

91 3291 297 3306 μ’..

91 3464 100 3514 l
130 3393 297 3515 49οαρ.724.
343 3397 442 3448 Dionis
473 3397 616 3448 Historiae
647 3395 792 3448 Romanae
815 3394 834 3448 l.
857 3398 903 3460 48,
929 3412 953 3448 ο.
973 3398 1005 3448 54
1023 3423 1055 3432 -

104 3503 111 3517 .
165 3480 217 3530 ,α
255 3503 261 3516 .
