2558 3820
191 206 255 275 362
539 205 613 256 Lm.
624 205 660 258 x.
679 205 759 256 σεε.
770 207 820 260 11.

191 348 289 440 πήιος
312 341 362 419 ιδν
379 345 539 437 Μάγνος,
563 341 639 416 ἀλλ’
664 347 710 428 ὥς
734 340 802 416 ύπδ
823 353 909 417 θεοῦ
931 343 1162 435 βλαπτόμενος

192 449 297 547 ᾤχετο
313 448 487 540 ἄφθογγος
510 445 620 519 ἀπιὸν
643 450 698 519 ἐπὶ
722 445 869 537 σκηνήν,
893 451 950 518 καὶ
973 446 1165 537 καθήμενος

192 551 389 643 ἐκαραδόκει
410 551 450 621 τὸ
472 553 603 640 μέλλον.
649 548 694 632 ὥς
719 550 758 619 δὲ
779 555 841 621 τοῦ
863 549 1008 640 χάρακος
1033 552 1165 637 ἐπέβαι-

190 683 253 726 νον
270 660 306 724 οί
319 655 486 743 πολέμιοι,
510 650 673 742 φεύγοντι
696 654 893 742 πρέπουσαν
916 649 1040 740 στολὴν
1062 649 1165 734 ένδύς

189 751 392 846 ὑπεξῆλθεν.
1177 781 1192 821 ι

264 856 301 928 ‘0
325 857 363 927 δέ
385 865 519 980 Καίσαρ
550 858 607 926 καὶ
637 862 697 928 τοῦ
727 853 871 946 χάρακος
899 858 969 926 τῶν
991 859 1163 944 πολεμίων

193 957 355 1052 έκράτησε
374 960 431 1028 καὶ
454 955 533 1041 τούς
550 955 693 1039 ἁλόντας
710 955 814 1042 ζωούς
832 973 903 1040 τοῖς
926 961 1047 1028 ἑαυτου
1034 960 1164 1028 κατέ-

192 1067 265 1152 μιξε
281 1058 444 1151 τάγμασι,
466 1069 603 1142 πολλοῖς
621 1060 660 1129 δὲ
676 1062 734 1130 καὶ
756 1087 825 1130 των
849 1062 1025 1182 έπιφανιὸη
1043 1055 1165 1128 αδειαν

192 1169 334 1234 ἔδωκεν·
362 1153 411 1234 ὧν
434 1163 492 1233 καὶ
508 1163 658 1250 Βροῦτος
678 1150 723 1286 ἦγ
744 1191 763 1232 ο
750 1159 915 1242 κτείνας
937 1157 1041 1230 αὐτὸν
1063 1157 1166 1230 ύστε-

89 1283 262 1357 Ρῐλεσρον.
299 1268 419 1336 ἐδίωκε
443 1261 541 1334 δὲ
503 1291 565 1334 τον
582 1261 769 1352 Πομπήιον.
805 1291 823 1333 ο
843 1263 881 1333 δ
903 1270 1023 1333 πλοίου
1048 1258 1165 1350 ἐπιβὰς
1178 1289 1204 1330 ιο

191 1394 363 1458 φορτηγον
349 1368 437 1436 καὶ
453 1363 693 1452 παραπλεύσας
710 1363 763 1435 ἐπ’
782 1360 1010 1454 Ἀμφιπόλεως
1030 1370 1079 1446 είς
1096 1373 1164 1434 Μι-

191 1464 340 1557 τυλήνην
358 1465 528 1556 κατήχθη,
553 1465 757 1555 βουλόμενος
781 1465 845 1555 τὴν
866 1481 1011 1554 γυναῖκα
1028 1474 1165 1587 Κορνη-

191 1577 270 1640 λίαν
286 1565 473 1656 ἀναλαβεῖν
496 1571 632 1638 έκείθεν
649 1567 762 1638 καὶ
727 1597 789 1638 τον
810 1566 897 1639 υἱόν.
932 1563 954 1655 ἡ
974 1568 1011 1637 δε
1034 1556 1078 1654 ἦν
1094 1577 1165 1637 θυ-

191 1668 296 1760 γάτηρ
326 1671 503 1741 Μετέλλου
532 1676 742 1793 Σκιπίωνος,
774 1667 1002 1758 συνοικήσασα
1031 1668 1095 1757 μὲν
1126 1671 1164 1738 ἐκ

190 1777 379 1860 παρθενίας
402 1777 543 1864 Ποπλίφ
566 1775 613 1865 τῷ
636 1768 797 1860 Κράσσου
820 1775 934 1859 παιδί,
968 1773 1101 1840 ἐκείνου
1125 1770 1164 1840 δὲ
1177 1793 1204 1835 ιε

190 1869 392 1961 τεθνηκότος
411 1875 448 1943 έν
464 1872 618 1962 Πάρθοις
635 1884 873 1966 γαμηθεῖσα
842 1901 889 1942 τω
874 1877 1083 1966 Πομπηίῳ.
1118 1861 1164 1958 ἦν

192 2075 249 2146 καὶ
267 2077 357 2248 moll
361 2076 538 2168 γράμματα
550 2078 659 2156 καλῶς
676 2075 801 2198 ἤσκητο
819 2077 876 2146 καὶ
888 2078 965 2166 περὶ
979 2073 1088 2166 λύραν
1105 2077 1164 2144 καὶ

190 2183 414 2269 γεωμετρίαν,
433 2179 489 2248 καί
507 2173 618 2266 λόγων
634 2174 830 2267 φιλοσόφων
848 2187 975 2248 είθιστο
992 2182 1161 2266 χρησίμως

190 2274 346 2368 ἀκούειν,
376 2281 434 2350 καὶ
458 2285 589 2370 προσῆν
615 2275 747 2360 τούτοις
769 2269 854 2367 ἦθος
882 2285 1074 2369 περιεργίας
1098 2304 1161 2346 κα-
1176 2297 1205 2341 εο

90 2378 333 2472 ΨΠῙεθθαρόν.
361 2375 534 2451 ἀκούσασα
546 2386 664 2451 τοίνυν
680 2375 776 2468 ἥκειν
789 2377 967 2470 Πομπήιον
983 2375 1066 2468 μετὰ
1082 2375 1163 2467 νηὸς

158 2485 267 2572 Βμιάς
287 2483 344 2551 καὶ
357 2476 462 2571 αὐτῆς
475 2478 652 2571 ἀλλοτρίας
671 2479 853 2572 φεύγοντα,
868 2482 1028 2552 κατέπεσε
1040 2483 1164 2570 χαμᾶζε

192 2583 248 2652 καὶ
262 2581 412 2664 ἀναυδος
426 2589 540 2654 έκειτο.
572 2581 667 2673 μόλις
681 2581 713 2654 δ’
730 2573 794 2653 οὖν
813 2589 861 2666 είς
876 2582 999 2671 ἑαυτὴν
1013 2585 1164 2652 ἐλθοῦσα

192 2685 372 2774 ἐξέδραμεν
386 2685 440 2754 ἐπὶ
454 2682 640 2755 θάλασσαν.
672 2681 924 2775 ἀπαντήσαντος
943 2685 981 2754 δὲ
993 2689 1056 2754 τοῦ
1069 2693 1164 2772 Πομ·

191 2791 295 2874 πηίου
318 2786 374 2856 καὶ
404 2787 711 2876 έναγκαλισαμένου
729 2780 820 2878 “ὁριέ
844 2782 906 2856 σε”
931 2785 1026 2856 εἶπεν
1043 2779 1163 2875 “ἀνερ,
1177 2819 1207 2861 τε

192 2884 233 2958 ού
253 2890 310 2978 τῆς
328 2889 389 2977 σῆς
406 2884 508 2978 τύχης
527 2895 626 2979 ἔργον
632 2941 642 2977 ,
666 2885 751 2959 ἀλλά
772 2893 830 2977 τῆς
848 2891 944 2978 ἐμῆς,
962 2907 1165 2978 προσερριμ-

191 2990 294 3078 μένον
309 2990 361 3061 ένὶ
374 2987 497 3078 σκύφει
505 3041 515 3079 ,
533 2989 592 3060 τδν
605 2988 669 3080 πρὸ
687 2993 755 3060 τῶν
771 2993 830 3078 τῆς
844 2995 1032 3079 Κορνηλίας
1045 2986 1166 3078 γάμων

192 3095 426 3174 πεντακοσίαις
444 3093 546 3162 ναυσὶ
569 3089 696 3181 ταύτην
713 3089 997 3182 παραπλεύσαντα
1016 3087 1080 3179 τὴν
1096 3087 1166 3160 θά-

192 3197 331 3261 λασσαν.
380 3191 425 3274 ὥς
457 3189 597 3283 εύτυχῆς
626 3193 689 3282 μέν
711 3187 755 3264 ἀν
783 3189 874 3283 ἥμην
896 3189 983 3282 γυνὴ
1007 3189 1073 3282 πρὸ
1103 3197 1167 3261 τοῦ

193 3285 346 3362 Πόπλιον
370 3295 407 3361 έν
424 3289 613 3384 Πάρθοις’
595 3299 737 3364 ακοῦσαι
760 3291 820 3364 τὸν
842 3295 1029 3385 παρθένιον
1051 3289 1165 3383 ἄνδρα
1178 3326 1208 3368 οο

193 3393 348 3476 κείμενον
382 3387 620 3482 ἀποθανοῦσα,
657 3392 805 3487 σύφριον
840 3396 878 3466 δέ
911 3392 984 3486 μετ’
1018 3397 1163 3484 ἐκείνου,

160 3483 307 3578 οὕσπερ
326 3485 482 3582 ὥρμησα,
505 3493 564 3564 τὸν
583 3498 704 3584 έαυτης
727 3499 895 3588 προεμένη
919 3504 1005 3587 βίον.
1043 3493 1166 3580 ἐσωζό-
