<?xml version="1.0" encoding="UTF-8"?>
<!DOCTYPE html PUBLIC "-//W3C//DTD XHTML 1.0 Transitional//EN"
    "http://www.w3.org/TR/xhtml1/DTD/xhtml1-transitional.dtd">
<html xmlns="http://www.w3.org/1999/xhtml" xml:lang="en" lang="en">
 <head>
  <title>
</title>
<meta http-equiv="Content-Type" content="text/html;charset=utf-8" />
  <meta name='ocr-system' content='tesseract 3.04.00' />
  <meta name='ocr-capabilities' content='ocr_page ocr_carea ocr_par ocr_line ocrx_word'/>
</head>
<body>
  <div class='ocr_page' id='page_1' title='image "./iannoutouznapae01canggoog_0722.png"; bbox 0 0 2580 3816; ppageno 0'>
   <div class='ocr_carea' id='block_1_1' title="bbox 379 170 1054 248">
    <p class='ocr_par' dir='ltr' id='par_1_1' title="bbox 379 170 1054 248">
     <span class='ocr_line' id='line_1_1' title="bbox 379 170 1054 248; baseline 0.027 -28"><span class='ocrx_word' id='word_1_1' title='bbox 379 170 449 222; x_wconf 69' lang='grc' dir='ltr'><strong><em>μοι.</em></strong></span> <span class='ocrx_word' id='word_1_2' title='bbox 467 170 544 248; x_wconf 77' lang='lat' dir='ltr'><strong><em>xm.</em></strong></span> <span class='ocrx_word' id='word_1_3' title='bbox 565 170 644 224; x_wconf 68' lang='grc' dir='ltr'><strong><em>σεο.</em></strong></span> <span class='ocrx_word' id='word_1_4' title='bbox 662 171 751 224; x_wconf 84' lang='lat' dir='ltr'>xxn.</span> <span class='ocrx_word' id='word_1_5' title='bbox 992 173 1054 237; x_wconf 79' lang='lat'><strong><em>237</em></strong></span> 
     </span>
    </p>
   </div>
   <div class='ocr_carea' id='block_1_2' title="bbox 4 308 1155 3546">
    <p class='ocr_par' dir='ltr' id='par_1_2' title="bbox 4 308 1155 3546">
     <span class='ocr_line' id='line_1_2' title="bbox 88 308 1057 400; baseline 0.002 -20"><span class='ocrx_word' id='word_1_6' title='bbox 88 311 126 381; x_wconf 73' lang='grc' dir='ltr'><strong><em>δὲ</em></strong></span> <span class='ocrx_word' id='word_1_7' title='bbox 141 310 290 399; x_wconf 78' lang='grc' dir='ltr'><strong><em>θυγατρὶ</em></strong></span> <span class='ocrx_word' id='word_1_8' title='bbox 317 308 436 380; x_wconf 82' lang='grc' dir='ltr'><strong><em>ἑκατόν</em></strong></span> <span class='ocrx_word' id='word_1_9' title='bbox 458 317 641 400; x_wconf 87' lang='grc' dir='ltr'><strong><em>χρυσίνους</em></strong></span> <span class='ocrx_word' id='word_1_10' title='bbox 666 310 793 398; x_wconf 80' lang='grc' dir='ltr'><strong><em>μόνους</em></strong></span> <span class='ocrx_word' id='word_1_11' title='bbox 811 317 957 400; x_wconf 75' lang='grc' dir='ltr'><strong><em>δοθῆναι</em></strong></span> <span class='ocrx_word' id='word_1_12' title='bbox 976 315 1057 383; x_wconf 78' lang='grc' dir='ltr'><strong><em>ἕπε’-</em></strong></span> 
     </span>
     <span class='ocr_line' id='line_1_3' title="bbox 88 409 1091 502; baseline 0.005 -20"><span class='ocrx_word' id='word_1_13' title='bbox 88 427 203 500; x_wconf 75' lang='grc' dir='ltr'><strong><em>σκηυε,</em></strong></span> <span class='ocrx_word' id='word_1_14' title='bbox 231 410 365 500; x_wconf 78' lang='grc' dir='ltr'><strong><em>γράψας</em></strong></span> <span class='ocrx_word' id='word_1_15' title='bbox 388 409 509 501; x_wconf 76' lang='grc' dir='ltr'><strong><em>ἀρκεῖν</em></strong></span> <span class='ocrx_word' id='word_1_16' title='bbox 526 409 614 502; x_wconf 82' lang='grc' dir='ltr'><strong><em>αύτῆ</em></strong></span> <span class='ocrx_word' id='word_1_17' title='bbox 632 411 694 500; x_wconf 84' lang='grc' dir='ltr'><strong><em>τῆν</em></strong></span> <span class='ocrx_word' id='word_1_18' title='bbox 711 412 817 502; x_wconf 89' lang='grc' dir='ltr'><strong><em>τύχην</em></strong></span> <span class='ocrx_word' id='word_1_19' title='bbox 835 411 951 502; x_wconf 78' lang='grc' dir='ltr'><strong><em>αὐτῆς.</em></strong></span> <span class='ocrx_word' id='word_1_20' title='bbox 984 422 1091 488; x_wconf 80' lang='grc' dir='ltr'><strong><em>τῦνΒ</em></strong></span> 
     </span>
     <span class='ocr_line' id='line_1_4' title="bbox 87 511 1058 605; baseline -0.001 -19"><span class='ocrx_word' id='word_1_21' title='bbox 87 519 173 602; x_wconf 83' lang='grc' dir='ltr'><strong><em>γοῦν</em></strong></span> <span class='ocrx_word' id='word_1_22' title='bbox 189 511 370 601; x_wconf 76' lang='grc' dir='ltr'><strong><em>συγγόνων</em></strong></span> <span class='ocrx_word' id='word_1_23' title='bbox 383 511 489 602; x_wconf 88' lang='grc' dir='ltr'><strong><em>αύτῆς</em></strong></span> <span class='ocrx_word' id='word_1_24' title='bbox 504 517 795 602; x_wconf 81' lang='grc' dir='ltr'><strong><em>σφετερισαμένωυ</em></strong></span> <span class='ocrx_word' id='word_1_25' title='bbox 810 514 874 603; x_wconf 86' lang='grc' dir='ltr'><strong><em>τῆν</em></strong></span> <span class='ocrx_word' id='word_1_26' title='bbox 891 513 1058 605; x_wconf 82' lang='grc' dir='ltr'><strong><em>κατρικῆν</em></strong></span> 
     </span>
     <span class='ocr_line' id='line_1_5' title="bbox 88 611 1055 707; baseline 0 -21"><span class='ocrx_word' id='word_1_27' title='bbox 88 613 221 702; x_wconf 74' lang='grc' dir='ltr'><strong><em>οὐσίαν,</em></strong></span> <span class='ocrx_word' id='word_1_28' title='bbox 237 611 259 702; x_wconf 86' lang='grc' dir='ltr'><strong><em>ῆ</em></strong></span> <span class='ocrx_word' id='word_1_29' title='bbox 274 611 434 702; x_wconf 78' lang='grc' dir='ltr'><strong><em>Ἀθηναλς</em></strong></span> <span class='ocrx_word' id='word_1_30' title='bbox 451 613 595 704; x_wconf 89' lang='grc' dir='ltr'><strong><em>νόμιμον</em></strong></span> <span class='ocrx_word' id='word_1_31' title='bbox 607 613 644 684; x_wconf 86' lang='grc' dir='ltr'><strong><em>τό</em></strong></span> <span class='ocrx_word' id='word_1_32' title='bbox 658 623 784 686; x_wconf 83' lang='grc' dir='ltr'><strong><em>οίκείον</em></strong></span> <span class='ocrx_word' id='word_1_33' title='bbox 802 611 921 707; x_wconf 82' lang='grc' dir='ltr'><strong><em>ἀπῆτει</em></strong></span> <span class='ocrx_word' id='word_1_34' title='bbox 940 616 1055 706; x_wconf 86' lang='grc' dir='ltr'><strong><em>λάχος·</em></strong></span> 
     </span>
     <span class='ocr_line' id='line_1_6' title="bbox 61 712 1057 809; baseline 0.002 -21"><span class='ocrx_word' id='word_1_35' title='bbox 61 719 143 788; x_wconf 81' lang='grc' dir='ltr'><strong><em>ικαλ</em></strong></span> <span class='ocrx_word' id='word_1_36' title='bbox 166 714 264 804; x_wconf 84' lang='grc' dir='ltr'><strong><em>ῆξίου</em></strong></span> <span class='ocrx_word' id='word_1_37' title='bbox 288 714 370 796; x_wconf 87' lang='grc' dir='ltr'><strong><em>τούς</em></strong></span> <span class='ocrx_word' id='word_1_38' title='bbox 393 712 563 804; x_wconf 79' lang='grc' dir='ltr'><strong><em>ἀδελφούς</em></strong></span> <span class='ocrx_word' id='word_1_39' title='bbox 588 715 634 805; x_wconf 85' lang='grc' dir='ltr'><strong><em>μῆ</em></strong></span> <span class='ocrx_word' id='word_1_40' title='bbox 658 716 743 786; x_wconf 89' lang='grc' dir='ltr'><strong><em>κατά</em></strong></span> <span class='ocrx_word' id='word_1_41' title='bbox 767 717 827 798; x_wconf 85' lang='grc' dir='ltr'><strong><em>τάς</em></strong></span> <span class='ocrx_word' id='word_1_42' title='bbox 851 718 1057 809; x_wconf 81' lang='grc' dir='ltr'><strong><em>τοῦπατρὸς</em></strong></span> 
     </span>
     <span class='ocr_line' id='line_1_7' title="bbox 87 815 1056 907; baseline 0.001 -18"><span class='ocrx_word' id='word_1_43' title='bbox 87 818 251 906; x_wconf 66' lang='grc' dir='ltr'><strong><em>διαθήκας</em></strong></span> <span class='ocrx_word' id='word_1_44' title='bbox 263 815 404 898; x_wconf 90' lang='grc' dir='ltr'><strong><em>ἀδίκους</em></strong></span> <span class='ocrx_word' id='word_1_45' title='bbox 422 816 527 899; x_wconf 88' lang='grc' dir='ltr'><strong><em>οῦσας</em></strong></span> <span class='ocrx_word' id='word_1_46' title='bbox 545 833 663 888; x_wconf 72' lang='grc' dir='ltr'><strong><em>ποιεῖν.</em></strong></span> <span class='ocrx_word' id='word_1_47' title='bbox 691 825 726 888; x_wconf 76' lang='lat' dir='ltr'><strong><em>oc</em></strong></span> <span class='ocrx_word' id='word_1_48' title='bbox 741 818 779 888; x_wconf 74' lang='grc' dir='ltr'><strong><em>δὲ</em></strong></span> <span class='ocrx_word' id='word_1_49' title='bbox 796 819 926 907; x_wconf 77' lang='grc' dir='ltr'><strong><em>καὶτῆς</em></strong></span> <span class='ocrx_word' id='word_1_50' title='bbox 947 827 1056 902; x_wconf 78' lang='grc' dir='ltr'><strong><em>οἰκίας</em></strong></span> 
     </span>
     <span class='ocr_line' id='line_1_8' title="bbox 29 917 1055 1009; baseline 0 -19"><span class='ocrx_word' id='word_1_51' title='bbox 29 931 31 938; x_wconf 59' lang='lat'><strong>⁴</strong></span> <span class='ocrx_word' id='word_1_52' title='bbox 87 917 194 1008; x_wconf 86' lang='grc' dir='ltr'><strong><em>αύτῆν</em></strong></span> <span class='ocrx_word' id='word_1_53' title='bbox 211 921 341 1002; x_wconf 79' lang='grc' dir='ltr'><strong><em>ίξῦσαν</em></strong></span> <span class='ocrx_word' id='word_1_54' title='bbox 357 925 416 1008; x_wconf 89' lang='grc' dir='ltr'><strong><em>τῆς</em></strong></span> <span class='ocrx_word' id='word_1_55' title='bbox 434 925 604 1009; x_wconf 77' lang='grc' dir='ltr'><strong><em>πατρικῆς.</em></strong></span> <span class='ocrx_word' id='word_1_56' title='bbox 630 921 792 1009; x_wconf 75' lang='grc' dir='ltr'><strong><em>δεξαμένη</em></strong></span> <span class='ocrx_word' id='word_1_57' title='bbox 810 925 929 990; x_wconf 82' lang='grc' dir='ltr'><strong><em>τοίνυν</em></strong></span> <span class='ocrx_word' id='word_1_58' title='bbox 947 919 1055 1009; x_wconf 85' lang='grc' dir='ltr'><strong><em>αύτῆν</em></strong></span> 
     </span>
     <span class='ocr_line' id='line_1_9' title="bbox 85 1019 1055 1111; baseline 0 -18"><span class='ocrx_word' id='word_1_59' title='bbox 85 1021 105 1110; x_wconf 85' lang='grc' dir='ltr'><strong><em>η</em></strong></span> <span class='ocrx_word' id='word_1_60' title='bbox 129 1020 212 1109; x_wconf 79' lang='grc' dir='ltr'><strong><em>πρὸς</em></strong></span> <span class='ocrx_word' id='word_1_61' title='bbox 234 1021 357 1111; x_wconf 82' lang='grc' dir='ltr'><strong><em>μητρός</em></strong></span> <span class='ocrx_word' id='word_1_62' title='bbox 374 1029 453 1092; x_wconf 79' lang='grc' dir='ltr'><strong><em>θεία</em></strong></span> <span class='ocrx_word' id='word_1_63' title='bbox 471 1019 682 1110; x_wconf 78' lang='grc' dir='ltr'><strong><em>ἀνελήλυθεν</em></strong></span> <span class='ocrx_word' id='word_1_64' title='bbox 709 1028 756 1102; x_wconf 87' lang='grc' dir='ltr'><strong><em>είς</em></strong></span> <span class='ocrx_word' id='word_1_65' title='bbox 773 1023 1055 1094; x_wconf 85' lang='grc' dir='ltr'><strong><em>Κωνσταντινού·</em></strong></span> 
     </span>
     <span class='ocr_line' id='line_1_10' title="bbox 87 1123 1056 1213; baseline 0.001 -20"><span class='ocrx_word' id='word_1_66' title='bbox 87 1132 196 1211; x_wconf 88' lang='grc' dir='ltr'><strong><em>πολιν,</em></strong></span> <span class='ocrx_word' id='word_1_67' title='bbox 215 1124 347 1210; x_wconf 80' lang='grc' dir='ltr'><strong><em>καὶτῆς</em></strong></span> <span class='ocrx_word' id='word_1_68' title='bbox 365 1130 576 1213; x_wconf 89' lang='grc' dir='ltr'><strong><em>Πουλχερίας</em></strong></span> <span class='ocrx_word' id='word_1_69' title='bbox 595 1124 739 1212; x_wconf 80' lang='grc' dir='ltr'><strong><em>ἐδέοντο,</em></strong></span> <span class='ocrx_word' id='word_1_70' title='bbox 762 1123 977 1212; x_wconf 75' lang='grc' dir='ltr'><strong><em>διηγούμεναι</em></strong></span> <span class='ocrx_word' id='word_1_71' title='bbox 993 1123 1056 1212; x_wconf 87' lang='grc' dir='ltr'><strong><em>τῆν</em></strong></span> 
     </span>
     <span class='ocr_line' id='line_1_11' title="bbox 4 1222 1055 1315; baseline -0.002 -19"><span class='ocrx_word' id='word_1_72' title='bbox 4 1231 6 1248; x_wconf 74' lang='lat'>²</span> <span class='ocrx_word' id='word_1_73' title='bbox 48 1223 263 1296; x_wconf 74' lang='grc' dir='ltr'><strong><em>ιοῦπόβεσιν.</em></strong></span> <span class='ocrx_word' id='word_1_74' title='bbox 318 1231 439 1296; x_wconf 89' lang='grc' dir='ltr'><strong><em>ίδοῦσα</em></strong></span> <span class='ocrx_word' id='word_1_75' title='bbox 463 1222 495 1294; x_wconf 80' lang='grc' dir='ltr'><strong><em>δ’</em></strong></span> <span class='ocrx_word' id='word_1_76' title='bbox 524 1227 634 1312; x_wconf 85' lang='grc' dir='ltr'><strong><em>ἐκείνη</em></strong></span> <span class='ocrx_word' id='word_1_77' title='bbox 659 1223 722 1312; x_wconf 85' lang='grc' dir='ltr'><strong><em>τῆν</em></strong></span> <span class='ocrx_word' id='word_1_78' title='bbox 745 1224 850 1313; x_wconf 89' lang='grc' dir='ltr'><strong><em>κόρην</em></strong></span> <span class='ocrx_word' id='word_1_79' title='bbox 873 1231 1055 1315; x_wconf 78' lang='grc' dir='ltr'><strong><em>περικαλλῆ</em></strong></span> 
     </span>
     <span class='ocr_line' id='line_1_12' title="bbox 87 1321 1054 1416; baseline 0.001 -20"><span class='ocrx_word' id='word_1_80' title='bbox 87 1327 142 1396; x_wconf 85' lang='grc' dir='ltr'><strong><em>καὶ</em></strong></span> <span class='ocrx_word' id='word_1_81' title='bbox 165 1325 362 1414; x_wconf 78' lang='grc' dir='ltr'><strong><em>υεάζουσαυ,</em></strong></span> <span class='ocrx_word' id='word_1_82' title='bbox 386 1325 485 1415; x_wconf 89' lang='grc' dir='ltr'><strong><em>ῆρετο</em></strong></span> <span class='ocrx_word' id='word_1_83' title='bbox 507 1332 543 1395; x_wconf 74' lang='grc' dir='ltr'><strong><em>εί</em></strong></span> <span class='ocrx_word' id='word_1_84' title='bbox 564 1322 744 1416; x_wconf 82' lang='grc' dir='ltr'><strong><em>ἀπείρατος</em></strong></span> <span class='ocrx_word' id='word_1_85' title='bbox 762 1333 809 1396; x_wconf 75' lang='grc' dir='ltr'><strong><em>ἔτι</em></strong></span> <span class='ocrx_word' id='word_1_86' title='bbox 825 1321 952 1415; x_wconf 87' lang='grc' dir='ltr'><strong><em>ἀνδρός</em></strong></span> <span class='ocrx_word' id='word_1_87' title='bbox 972 1329 1054 1397; x_wconf 88' lang='grc' dir='ltr'><strong><em>ε’στι·</em></strong></span> 
     </span>
     <span class='ocr_line' id='line_1_13' title="bbox 85 1419 1055 1518; baseline 0.003 -23"><span class='ocrx_word' id='word_1_88' title='bbox 85 1429 142 1498; x_wconf 82' lang='grc' dir='ltr'><strong><em>καί</em></strong></span> <span class='ocrx_word' id='word_1_89' title='bbox 165 1431 297 1514; x_wconf 89' lang='grc' dir='ltr'><strong><em>γνοῦσα</em></strong></span> <span class='ocrx_word' id='word_1_90' title='bbox 317 1433 435 1516; x_wconf 85' lang='grc' dir='ltr'><strong><em>τοῦτο,</em></strong></span> <span class='ocrx_word' id='word_1_91' title='bbox 458 1433 605 1515; x_wconf 75' lang='grc' dir='ltr'><strong><em>βαπτίζει</em></strong></span> <span class='ocrx_word' id='word_1_92' title='bbox 627 1422 737 1515; x_wconf 88' lang='grc' dir='ltr'><strong><em>αύτῆν</em></strong></span> <span class='ocrx_word' id='word_1_93' title='bbox 754 1433 802 1496; x_wconf 78' lang='grc' dir='ltr'><strong><em>ἔτι</em></strong></span> <span class='ocrx_word' id='word_1_94' title='bbox 817 1419 928 1498; x_wconf 76' lang='grc' dir='ltr'><strong><em>οὖσαν</em></strong></span> <span class='ocrx_word' id='word_1_95' title='bbox 944 1425 1055 1518; x_wconf 89' lang='grc' dir='ltr'><strong><em>ἀμύη-</em></strong></span> 
     </span>
     <span class='ocr_line' id='line_1_14' title="bbox 86 1523 1056 1622; baseline 0 -24"><span class='ocrx_word' id='word_1_96' title='bbox 86 1557 156 1617; x_wconf 87' lang='grc' dir='ltr'><strong><em>τον,</em></strong></span> <span class='ocrx_word' id='word_1_97' title='bbox 175 1529 232 1597; x_wconf 82' lang='grc' dir='ltr'><strong><em>καὶ</em></strong></span> <span class='ocrx_word' id='word_1_98' title='bbox 247 1523 421 1600; x_wconf 82' lang='grc' dir='ltr'><strong><em>Εῦδοκίαν</em></strong></span> <span class='ocrx_word' id='word_1_99' title='bbox 438 1527 692 1618; x_wconf 86' lang='grc' dir='ltr'><strong><em>μετονομάσασα</em></strong></span> <span class='ocrx_word' id='word_1_100' title='bbox 708 1531 757 1621; x_wconf 73' lang='grc' dir='ltr'><strong><em>τῷ</em></strong></span> <span class='ocrx_word' id='word_1_101' title='bbox 774 1526 912 1622; x_wconf 77' lang='grc' dir='ltr'><strong><em>ἀδελφῷ</em></strong></span> <span class='ocrx_word' id='word_1_102' title='bbox 929 1529 1056 1617; x_wconf 90' lang='grc' dir='ltr'><strong><em>ταύτην</em></strong></span> 
     </span>
     <span class='ocr_line' id='line_1_15' title="bbox 90 1629 1050 1724; baseline -0.001 -23"><span class='ocrx_word' id='word_1_103' title='bbox 90 1636 259 1724; x_wconf 77' lang='grc' dir='ltr'><strong><em>Θεοδοσίμ</em></strong></span> <span class='ocrx_word' id='word_1_104' title='bbox 280 1631 481 1718; x_wconf 79' lang='grc' dir='ltr'><strong><em>συζεύγνυσι</em></strong></span> <span class='ocrx_word' id='word_1_105' title='bbox 496 1631 554 1698; x_wconf 79' lang='grc' dir='ltr'><strong><em>καὶ</em></strong></span> <span class='ocrx_word' id='word_1_106' title='bbox 572 1630 749 1719; x_wconf 87' lang='grc' dir='ltr'><strong><em>διαδῆματι</em></strong></span> <span class='ocrx_word' id='word_1_107' title='bbox 764 1646 888 1700; x_wconf 86' lang='grc' dir='ltr'><strong><em>ταινιοῐ</em></strong></span> <span class='ocrx_word' id='word_1_108' title='bbox 902 1632 959 1699; x_wconf 83' lang='grc' dir='ltr'><strong><em>καλ</em></strong></span> <span class='ocrx_word' id='word_1_109' title='bbox 977 1629 1050 1704; x_wconf 89' lang='grc' dir='ltr'><strong><em>Αύ-</em></strong></span> 
     </span>
     <span class='ocr_line' id='line_1_16' title="bbox 4 1728 1056 1820; baseline 0.001 -20"><span class='ocrx_word' id='word_1_110' title='bbox 4 1797 5 1800; x_wconf 74' lang='grc'><strong><em>,</em></strong></span> <span class='ocrx_word' id='word_1_111' title='bbox 46 1732 234 1820; x_wconf 84' lang='grc' dir='ltr'><strong><em>ιιγούσταν</em></strong></span> <span class='ocrx_word' id='word_1_112' title='bbox 256 1741 363 1802; x_wconf 76' lang='grc' dir='ltr'><strong><em>καλεῖ.</em></strong></span> <span class='ocrx_word' id='word_1_113' title='bbox 398 1731 506 1820; x_wconf 87' lang='grc' dir='ltr'><strong><em>γῆμας</em></strong></span> <span class='ocrx_word' id='word_1_114' title='bbox 532 1730 571 1800; x_wconf 71' lang='grc' dir='ltr'><strong><em>δὲ</em></strong></span> <span class='ocrx_word' id='word_1_115' title='bbox 594 1731 723 1819; x_wconf 86' lang='grc' dir='ltr'><strong><em>ταύτην</em></strong></span> <span class='ocrx_word' id='word_1_116' title='bbox 747 1728 765 1800; x_wconf 88' lang='grc' dir='ltr'>ὁ</span> <span class='ocrx_word' id='word_1_117' title='bbox 793 1732 971 1813; x_wconf 81' lang='grc' dir='ltr'><strong><em>Θεοδόσιος</em></strong></span> <span class='ocrx_word' id='word_1_118' title='bbox 993 1729 1056 1802; x_wconf 81' lang='grc' dir='ltr'><strong><em>τὸν</em></strong></span> 
     </span>
     <span class='ocr_line' id='line_1_17' title="bbox 84 1830 1155 1923; baseline 0 -19"><span class='ocrx_word' id='word_1_119' title='bbox 84 1832 272 1922; x_wconf 73' lang='grc' dir='ltr'><strong><em>Ἀντίοχον,</em></strong></span> <span class='ocrx_word' id='word_1_120' title='bbox 298 1831 336 1914; x_wconf 80' lang='grc' dir='ltr'><strong><em>ὃς</em></strong></span> <span class='ocrx_word' id='word_1_121' title='bbox 359 1839 428 1902; x_wconf 76' lang='grc' dir='ltr'><strong><em>τῶν</em></strong></span> <span class='ocrx_word' id='word_1_122' title='bbox 452 1837 634 1919; x_wconf 73' lang='grc' dir='ltr'><strong><em>βασιλικῶν</em></strong></span> <span class='ocrx_word' id='word_1_123' title='bbox 659 1830 834 1921; x_wconf 78' lang='grc' dir='ltr'><strong><em>εὐνούχων</em></strong></span> <span class='ocrx_word' id='word_1_124' title='bbox 857 1831 1012 1923; x_wconf 78' lang='grc' dir='ltr'><strong><em>ὑπῆρχεν</em></strong></span> <span class='ocrx_word' id='word_1_125' title='bbox 1035 1831 1155 1911; x_wconf 75' lang='grc' dir='ltr'><strong><em>’ὁΡΠιι</em></strong></span> 
     </span>
     <span class='ocr_line' id='line_1_18' title="bbox 5 1929 1090 2026; baseline 0 -22"><span class='ocrx_word' id='word_1_126' title='bbox 5 1943 6 1952; x_wconf 74' lang='grc'>’</span> <span class='ocrx_word' id='word_1_127' title='bbox 87 1935 278 2026; x_wconf 79' lang='grc' dir='ltr'><strong><em>κράτιστος,</em></strong></span> <span class='ocrx_word' id='word_1_128' title='bbox 308 1935 366 2003; x_wconf 82' lang='grc' dir='ltr'><strong><em>καί</em></strong></span> <span class='ocrx_word' id='word_1_129' title='bbox 397 1932 506 2003; x_wconf 89' lang='grc' dir='ltr'><strong><em>πάντα</em></strong></span> <span class='ocrx_word' id='word_1_130' title='bbox 537 1931 708 2002; x_wconf 86' lang='grc' dir='ltr'><strong><em>συνεκύκα</em></strong></span> <span class='ocrx_word' id='word_1_131' title='bbox 739 1935 978 2022; x_wconf 79' lang='grc' dir='ltr'><strong><em>δυναστεύων,</em></strong></span> <span class='ocrx_word' id='word_1_132' title='bbox 1010 1933 1052 2005; x_wconf 90' lang='grc' dir='ltr'><strong><em>ού</em></strong></span> <span class='ocrx_word' id='word_1_133' title='bbox 1066 1929 1090 1978; x_wconf 87' lang='lat' dir='ltr'><strong>A</strong></span> 
     </span>
     <span class='ocr_line' id='line_1_19' title="bbox 87 2033 1054 2126; baseline -0.002 -20"><span class='ocrx_word' id='word_1_134' title='bbox 87 2035 417 2126; x_wconf 84' lang='grc' dir='ltr'><strong><em>παραδυναστεύων,</em></strong></span> <span class='ocrx_word' id='word_1_135' title='bbox 442 2033 709 2118; x_wconf 77' lang='grc' dir='ltr'><strong><em>ἀποσκευάξεται.</em></strong></span> <span class='ocrx_word' id='word_1_136' title='bbox 744 2036 802 2104; x_wconf 84' lang='grc' dir='ltr'><strong><em>καὶ</em></strong></span> <span class='ocrx_word' id='word_1_137' title='bbox 819 2035 926 2116; x_wconf 77' lang='grc' dir='ltr'><strong><em>οὕτως</em></strong></span> <span class='ocrx_word' id='word_1_138' title='bbox 943 2062 1054 2126; x_wconf 88' lang='grc' dir='ltr'><strong><em>παρα·-</em></strong></span> 
     </span>
     <span class='ocr_line' id='line_1_20' title="bbox 6 2134 1051 2226; baseline -0.002 -18"><span class='ocrx_word' id='word_1_139' title='bbox 6 2223 8 2226; x_wconf 78' lang='lat'>.</span> <span class='ocrx_word' id='word_1_140' title='bbox 86 2137 200 2208; x_wconf 88' lang='grc' dir='ltr'><strong><em>λύεται</em></strong></span> <span class='ocrx_word' id='word_1_141' title='bbox 216 2135 235 2208; x_wconf 88' lang='grc' dir='ltr'>ὁ</span> <span class='ocrx_word' id='word_1_142' title='bbox 250 2135 420 2226; x_wconf 87' lang='grc' dir='ltr'><strong><em>Ἀντίοχος</em></strong></span> <span class='ocrx_word' id='word_1_143' title='bbox 436 2141 495 2224; x_wconf 86' lang='grc' dir='ltr'><strong><em>τῆς</em></strong></span> <span class='ocrx_word' id='word_1_144' title='bbox 507 2141 569 2206; x_wconf 82' lang='grc' dir='ltr'><strong><em>τοῦ</em></strong></span> <span class='ocrx_word' id='word_1_145' title='bbox 582 2141 803 2224; x_wconf 89' lang='grc' dir='ltr'><strong><em>πραιποσίτου</em></strong></span> <span class='ocrx_word' id='word_1_146' title='bbox 820 2143 931 2223; x_wconf 89' lang='grc' dir='ltr'><strong><em>τιμῆς·</em></strong></span> <span class='ocrx_word' id='word_1_147' title='bbox 950 2134 1051 2223; x_wconf 82' lang='grc' dir='ltr'><strong><em>ἀφαι-</em></strong></span> 
     </span>
     <span class='ocr_line' id='line_1_21' title="bbox 6 2233 1057 2329; baseline -0.007 -17"><span class='ocrx_word' id='word_1_148' title='bbox 6 2259 8 2320; x_wconf 81' lang='grc' dir='ltr'>ζ</span> <span class='ocrx_word' id='word_1_149' title='bbox 43 2271 73 2312; x_wconf 82' lang='grc' dir='ltr'><strong><em>εο</em></strong></span> <span class='ocrx_word' id='word_1_150' title='bbox 87 2253 194 2329; x_wconf 83' lang='grc' dir='ltr'><strong><em>ρείται</em></strong></span> <span class='ocrx_word' id='word_1_151' title='bbox 216 2239 255 2308; x_wconf 70' lang='grc' dir='ltr'><strong><em>δὲ</em></strong></span> <span class='ocrx_word' id='word_1_152' title='bbox 271 2241 329 2308; x_wconf 86' lang='grc' dir='ltr'><strong><em>καλ</em></strong></span> <span class='ocrx_word' id='word_1_153' title='bbox 346 2244 461 2310; x_wconf 81' lang='grc' dir='ltr'><strong><em>πᾶσαν</em></strong></span> <span class='ocrx_word' id='word_1_154' title='bbox 477 2236 541 2326; x_wconf 87' lang='grc' dir='ltr'><strong><em>τῆν</em></strong></span> <span class='ocrx_word' id='word_1_155' title='bbox 557 2236 712 2327; x_wconf 78' lang='grc' dir='ltr'><strong><em>ὕπαρξιν,</em></strong></span> <span class='ocrx_word' id='word_1_156' title='bbox 730 2233 833 2317; x_wconf 83' lang='grc' dir='ltr'><strong><em>αύτός</em></strong></span> <span class='ocrx_word' id='word_1_157' title='bbox 858 2236 896 2306; x_wconf 72' lang='grc' dir='ltr'><strong><em>δὲ</em></strong></span> <span class='ocrx_word' id='word_1_158' title='bbox 913 2244 1057 2326; x_wconf 88' lang='grc' dir='ltr'><strong><em>κείρεται</em></strong></span> 
     </span>
     <span class='ocr_line' id='line_1_22' title="bbox 36 2337 1055 2431; baseline -0.005 -21"><span class='ocrx_word' id='word_1_159' title='bbox 36 2337 37 2340; x_wconf 32' lang='grc'><strong>“</strong></span> <span class='ocrx_word' id='word_1_160' title='bbox 84 2338 244 2431; x_wconf 82' lang='grc' dir='ltr'><strong><em>αληρικός</em></strong></span> <span class='ocrx_word' id='word_1_161' title='bbox 270 2347 318 2422; x_wconf 90' lang='grc' dir='ltr'><strong><em>είς</em></strong></span> <span class='ocrx_word' id='word_1_162' title='bbox 341 2339 403 2410; x_wconf 86' lang='grc' dir='ltr'><strong><em>τόν</em></strong></span> <span class='ocrx_word' id='word_1_163' title='bbox 427 2343 464 2411; x_wconf 82' lang='grc' dir='ltr'><strong><em>ἐν</em></strong></span> <span class='ocrx_word' id='word_1_164' title='bbox 482 2337 675 2427; x_wconf 87' lang='grc' dir='ltr'><strong><em>Χαλκηδόνι</em></strong></span> <span class='ocrx_word' id='word_1_165' title='bbox 698 2337 784 2408; x_wconf 85' lang='grc' dir='ltr'><strong><em>ναόν</em></strong></span> <span class='ocrx_word' id='word_1_166' title='bbox 800 2343 859 2426; x_wconf 91' lang='grc' dir='ltr'><strong><em>τῆς</em></strong></span> <span class='ocrx_word' id='word_1_167' title='bbox 876 2337 1055 2426; x_wconf 80' lang='grc' dir='ltr'><strong><em>πανευφῆ-</em></strong></span> 
     </span>
     <span class='ocr_line' id='line_1_23' title="bbox 83 2434 1054 2533; baseline -0.004 -21"><span class='ocrx_word' id='word_1_168' title='bbox 83 2471 151 2532; x_wconf 91' lang='grc' dir='ltr'><strong><em>μου</em></strong></span> <span class='ocrx_word' id='word_1_169' title='bbox 169 2441 341 2533; x_wconf 81' lang='grc' dir='ltr'><strong><em>μα’ρτυρος</em></strong></span> <span class='ocrx_word' id='word_1_170' title='bbox 360 2436 552 2531; x_wconf 80' lang='grc' dir='ltr'><strong><em>Εύρημίας,</em></strong></span> <span class='ocrx_word' id='word_1_171' title='bbox 570 2443 627 2510; x_wconf 77' lang='grc' dir='ltr'><strong><em>καὶ</em></strong></span> <span class='ocrx_word' id='word_1_172' title='bbox 642 2439 785 2528; x_wconf 72' lang='grc' dir='ltr'><strong><em>θνήσκει</em></strong></span> <span class='ocrx_word' id='word_1_173' title='bbox 801 2434 875 2529; x_wconf 83' lang='grc' dir='ltr'><strong><em>μετ’</em></strong></span> <span class='ocrx_word' id='word_1_174' title='bbox 894 2436 936 2510; x_wconf 88' lang='grc' dir='ltr'><strong><em>ού</em></strong></span> <span class='ocrx_word' id='word_1_175' title='bbox 956 2438 1054 2508; x_wconf 86' lang='grc' dir='ltr'><strong><em>πολύ.</em></strong></span> 
     </span>
     <span class='ocr_line' id='line_1_24' title="bbox 82 2539 1055 2636; baseline -0.001 -23"><span class='ocrx_word' id='word_1_176' title='bbox 82 2542 164 2632; x_wconf 73' lang='grc' dir='ltr'><strong><em>ῆδὲ</em></strong></span> <span class='ocrx_word' id='word_1_177' title='bbox 187 2543 316 2636; x_wconf 79' lang='grc' dir='ltr'><strong><em>βμσιλλς</em></strong></span> <span class='ocrx_word' id='word_1_178' title='bbox 335 2541 487 2616; x_wconf 85' lang='grc' dir='ltr'><strong><em>Εύδοκία</em></strong></span> <span class='ocrx_word' id='word_1_179' title='bbox 511 2552 743 2632; x_wconf 80' lang='grc' dir='ltr'><strong><em>μετακαλεῖται</em></strong></span> <span class='ocrx_word' id='word_1_180' title='bbox 766 2540 848 2623; x_wconf 83' lang='grc' dir='ltr'><strong><em>τούς</em></strong></span> <span class='ocrx_word' id='word_1_181' title='bbox 872 2539 1055 2630; x_wconf 79' lang='grc' dir='ltr'><strong><em>ἀδελφούς,</em></strong></span> 
     </span>
     <span class='ocr_line' id='line_1_25' title="bbox 8 2641 1057 2734; baseline -0.002 -20"><span class='ocrx_word' id='word_1_182' title='bbox 8 2679 9 2684; x_wconf 56' lang='grc'>’</span> <span class='ocrx_word' id='word_1_183' title='bbox 83 2646 144 2714; x_wconf 77' lang='grc' dir='ltr'><strong><em>καὶ</em></strong></span> <span class='ocrx_word' id='word_1_184' title='bbox 167 2645 274 2734; x_wconf 76' lang='grc' dir='ltr'><strong><em>μηδὲν</em></strong></span> <span class='ocrx_word' id='word_1_185' title='bbox 299 2643 415 2724; x_wconf 80' lang='grc' dir='ltr'><strong><em>αύτοῑς</em></strong></span> <span class='ocrx_word' id='word_1_186' title='bbox 443 2651 629 2734; x_wconf 85' lang='grc' dir='ltr'><strong><em>μηνίσασα,</em></strong></span> <span class='ocrx_word' id='word_1_187' title='bbox 660 2641 744 2713; x_wconf 86' lang='grc' dir='ltr'><strong><em>ἀλλά</em></strong></span> <span class='ocrx_word' id='word_1_188' title='bbox 769 2643 904 2734; x_wconf 88' lang='grc' dir='ltr'><strong><em>χάριτας</em></strong></span> <span class='ocrx_word' id='word_1_189' title='bbox 927 2650 1057 2732; x_wconf 80' lang='grc' dir='ltr'><strong><em>μᾶλλον</em></strong></span> 
     </span>
     <span class='ocr_line' id='line_1_26' title="bbox 38 2743 1059 2835; baseline -0.005 -18"><span class='ocrx_word' id='word_1_190' title='bbox 38 2774 70 2817; x_wconf 80' lang='grc' dir='ltr'><strong><em>ει</em></strong></span> <span class='ocrx_word' id='word_1_191' title='bbox 85 2744 343 2835; x_wconf 84' lang='grc' dir='ltr'><strong><em>ὁμολογῆσασα,</em></strong></span> <span class='ocrx_word' id='word_1_192' title='bbox 369 2744 414 2826; x_wconf 80' lang='grc' dir='ltr'><strong><em>ῦς</em></strong></span> <span class='ocrx_word' id='word_1_193' title='bbox 431 2743 496 2816; x_wconf 82' lang='grc' dir='ltr'><strong><em>οὐκ</em></strong></span> <span class='ocrx_word' id='word_1_194' title='bbox 514 2743 558 2815; x_wconf 85' lang='grc' dir='ltr'><strong><em>ἀν</em></strong></span> <span class='ocrx_word' id='word_1_195' title='bbox 575 2751 726 2834; x_wconf 79' lang='grc' dir='ltr'><strong><em>τυχοῦσα</em></strong></span> <span class='ocrx_word' id='word_1_196' title='bbox 743 2750 802 2833; x_wconf 91' lang='grc' dir='ltr'><strong><em>τῆς</em></strong></span> <span class='ocrx_word' id='word_1_197' title='bbox 819 2751 1001 2832; x_wconf 83' lang='grc' dir='ltr'><strong><em>βασιλείας,</em></strong></span> <span class='ocrx_word' id='word_1_198' title='bbox 1026 2750 1059 2814; x_wconf 92' lang='grc' dir='ltr'><strong><em>εί</em></strong></span> 
     </span>
     <span class='ocr_line' id='line_1_27' title="bbox 82 2843 1055 2938; baseline -0.002 -22"><span class='ocrx_word' id='word_1_199' title='bbox 82 2847 132 2937; x_wconf 81' lang='grc' dir='ltr'><strong><em>μῆ</em></strong></span> <span class='ocrx_word' id='word_1_200' title='bbox 152 2846 234 2938; x_wconf 84' lang='grc' dir='ltr'><strong><em>παρ’</em></strong></span> <span class='ocrx_word' id='word_1_201' title='bbox 254 2845 371 2918; x_wconf 78' lang='grc' dir='ltr'><strong><em>αύτιῦν</em></strong></span> <span class='ocrx_word' id='word_1_202' title='bbox 389 2846 533 2934; x_wconf 75' lang='grc' dir='ltr'><strong><em>ίξύσδη,</em></strong></span> <span class='ocrx_word' id='word_1_203' title='bbox 546 2848 604 2920; x_wconf 84' lang='grc' dir='ltr'><strong><em>καλ</em></strong></span> <span class='ocrx_word' id='word_1_204' title='bbox 621 2845 676 2916; x_wconf 83' lang='grc' dir='ltr'><strong><em>διά</em></strong></span> <span class='ocrx_word' id='word_1_205' title='bbox 693 2851 794 2916; x_wconf 86' lang='grc' dir='ltr'><strong><em>τοῦτο</em></strong></span> <span class='ocrx_word' id='word_1_206' title='bbox 812 2849 860 2924; x_wconf 83' lang='grc' dir='ltr'><strong><em>είς</em></strong></span> <span class='ocrx_word' id='word_1_207' title='bbox 878 2843 940 2932; x_wconf 88' lang='grc' dir='ltr'><strong><em>τῆν</em></strong></span> <span class='ocrx_word' id='word_1_208' title='bbox 953 2854 1055 2914; x_wconf 87' lang='grc' dir='ltr'><strong><em>Κων-</em></strong></span> 
     </span>
     <span class='ocr_line' id='line_1_28' title="bbox 81 2947 1057 3036; baseline -0.007 -16"><span class='ocrx_word' id='word_1_209' title='bbox 81 2949 366 3020; x_wconf 87' lang='grc' dir='ltr'><strong><em>σταντινούπολιν</em></strong></span> <span class='ocrx_word' id='word_1_210' title='bbox 384 2948 586 3036; x_wconf 88' lang='grc' dir='ltr'><strong><em>πεπόρευτο,</em></strong></span> <span class='ocrx_word' id='word_1_211' title='bbox 608 2947 669 3017; x_wconf 85' lang='grc' dir='ltr'><strong><em>τόν</em></strong></span> <span class='ocrx_word' id='word_1_212' title='bbox 686 2947 749 3035; x_wconf 75' lang='grc' dir='ltr'><strong><em>μὲν</em></strong></span> <span class='ocrx_word' id='word_1_213' title='bbox 767 2947 925 3016; x_wconf 80' lang='grc' dir='ltr'><strong><em>Ιευέσιον</em></strong></span> <span class='ocrx_word' id='word_1_214' title='bbox 949 2952 1057 3034; x_wconf 77' lang='grc' dir='ltr'><strong><em>ἔπαρ-</em></strong></span> 
     </span>
     <span class='ocr_line' id='line_1_29' title="bbox 79 3044 1057 3140; baseline -0.006 -20"><span class='ocrx_word' id='word_1_215' title='bbox 79 3078 148 3140; x_wconf 90' lang='grc' dir='ltr'><strong><em>χον</em></strong></span> <span class='ocrx_word' id='word_1_216' title='bbox 164 3057 234 3120; x_wconf 76' lang='grc' dir='ltr'><strong><em>τῦν</em></strong></span> <span class='ocrx_word' id='word_1_217' title='bbox 248 3048 421 3140; x_wconf 85' lang='grc' dir='ltr'><strong><em>Ἰλλυριῦυ</em></strong></span> <span class='ocrx_word' id='word_1_218' title='bbox 434 3049 489 3120; x_wconf 65' lang='grc' dir='ltr'><strong><em>δλά</em></strong></span> <span class='ocrx_word' id='word_1_219' title='bbox 502 3056 563 3120; x_wconf 87' lang='grc' dir='ltr'><strong><em>τοῦ</em></strong></span> <span class='ocrx_word' id='word_1_220' title='bbox 576 3050 737 3137; x_wconf 86' lang='grc' dir='ltr'><strong><em>βασιλέως</em></strong></span> <span class='ocrx_word' id='word_1_221' title='bbox 751 3054 923 3135; x_wconf 83' lang='grc' dir='ltr'><strong><em>πεποίηκε,</em></strong></span> <span class='ocrx_word' id='word_1_222' title='bbox 940 3045 1001 3116; x_wconf 88' lang='grc' dir='ltr'><strong><em>τόν</em></strong></span> <span class='ocrx_word' id='word_1_223' title='bbox 1018 3044 1057 3115; x_wconf 70' lang='grc' dir='ltr'><strong><em>δὲ</em></strong></span> 
     </span>
     <span class='ocr_line' id='line_1_30' title="bbox 83 3146 1090 3243; baseline -0.007 -19"><span class='ocrx_word' id='word_1_224' title='bbox 83 3147 280 3243; x_wconf 75' lang='grc' dir='ltr'><strong><em>Οὐαλέριον</em></strong></span> <span class='ocrx_word' id='word_1_225' title='bbox 306 3155 440 3241; x_wconf 81' lang='grc' dir='ltr'><strong><em>ἐτίμησε</em></strong></span> <span class='ocrx_word' id='word_1_226' title='bbox 463 3151 656 3242; x_wconf 88' lang='grc' dir='ltr'><strong><em>μάγιστρον.</em></strong></span> <span class='ocrx_word' id='word_1_227' title='bbox 687 3146 836 3238; x_wconf 78' lang='grc' dir='ltr'><strong><em>ὁμὲντοι</em></strong></span> <span class='ocrx_word' id='word_1_228' title='bbox 852 3146 1090 3238; x_wconf 82' lang='grc' dir='ltr'><strong><em>πατριάρχηςΒ</em></strong></span> 
     </span>
     <span class='ocr_line' id='line_1_31' title="bbox 11 3250 1057 3344; baseline -0.009 -18"><span class='ocrx_word' id='word_1_229' title='bbox 11 3303 13 3308; x_wconf 68' lang='lat'>,</span> <span class='ocrx_word' id='word_1_230' title='bbox 30 3285 64 3326; x_wconf 84' lang='grc' dir='ltr'><strong><em>εο</em></strong></span> <span class='ocrx_word' id='word_1_231' title='bbox 77 3250 232 3334; x_wconf 80' lang='grc' dir='ltr'><strong><em>Ἀττικός</em></strong></span> <span class='ocrx_word' id='word_1_232' title='bbox 247 3251 416 3324; x_wconf 83' lang='grc' dir='ltr'><strong><em>Ἰουδαῑόν</em></strong></span> <span class='ocrx_word' id='word_1_233' title='bbox 432 3281 507 3324; x_wconf 90' lang='grc' dir='ltr'><strong><em>τινα</em></strong></span> <span class='ocrx_word' id='word_1_234' title='bbox 520 3252 715 3344; x_wconf 87' lang='grc' dir='ltr'><strong><em>παράλυτον</em></strong></span> <span class='ocrx_word' id='word_1_235' title='bbox 729 3257 777 3332; x_wconf 86' lang='grc' dir='ltr'><strong><em>είς</em></strong></span> <span class='ocrx_word' id='word_1_236' title='bbox 795 3252 977 3336; x_wconf 80' lang='grc' dir='ltr'><strong><em>ἐπίγνωσιν</em></strong></span> <span class='ocrx_word' id='word_1_237' title='bbox 994 3253 1057 3318; x_wconf 89' lang='grc' dir='ltr'><strong><em>τοῦ</em></strong></span> 
     </span>
     <span class='ocr_line' id='line_1_32' title="bbox 78 3352 1057 3446; baseline -0.009 -17"><span class='ocrx_word' id='word_1_238' title='bbox 78 3361 235 3444; x_wconf 82' lang='grc' dir='ltr'><strong><em>Χριστοῦ</em></strong></span> <span class='ocrx_word' id='word_1_239' title='bbox 262 3353 317 3426; x_wconf 86' lang='grc' dir='ltr'><strong><em>διά</em></strong></span> <span class='ocrx_word' id='word_1_240' title='bbox 341 3356 571 3446; x_wconf 81' lang='grc' dir='ltr'><strong><em>παραινέσεων</em></strong></span> <span class='ocrx_word' id='word_1_241' title='bbox 597 3352 753 3443; x_wconf 82' lang='grc' dir='ltr'><strong><em>ἀγαγύν,</em></strong></span> <span class='ocrx_word' id='word_1_242' title='bbox 777 3357 839 3422; x_wconf 89' lang='grc' dir='ltr'><strong><em>τοῦ</em></strong></span> <span class='ocrx_word' id='word_1_243' title='bbox 857 3358 956 3421; x_wconf 79' lang='grc' dir='ltr'><strong><em>θείου</em></strong></span> <span class='ocrx_word' id='word_1_244' title='bbox 975 3359 1057 3421; x_wconf 91' lang='grc' dir='ltr'><strong><em>λου-</em></strong></span> 
     </span>
     <span class='ocr_line' id='line_1_33' title="bbox 76 3453 1056 3546; baseline -0.004 -19"><span class='ocrx_word' id='word_1_245' title='bbox 76 3461 172 3546; x_wconf 87' lang='grc' dir='ltr'><strong><em>τροῦ</em></strong></span> <span class='ocrx_word' id='word_1_246' title='bbox 196 3459 379 3545; x_wconf 81' lang='grc' dir='ltr'><strong><em>κατηξίωσε</em></strong></span> <span class='ocrx_word' id='word_1_247' title='bbox 403 3455 460 3526; x_wconf 71' lang='grc' dir='ltr'><strong><em>καί</em></strong></span> <span class='ocrx_word' id='word_1_248' title='bbox 483 3455 563 3544; x_wconf 78' lang='grc' dir='ltr'><strong><em>ὑγιῆ</em></strong></span> <span class='ocrx_word' id='word_1_249' title='bbox 588 3459 624 3525; x_wconf 81' lang='grc' dir='ltr'><strong><em>ἐκ</em></strong></span> <span class='ocrx_word' id='word_1_250' title='bbox 646 3463 706 3545; x_wconf 90' lang='grc' dir='ltr'><strong><em>τῆς</em></strong></span> <span class='ocrx_word' id='word_1_251' title='bbox 724 3453 963 3544; x_wconf 77' lang='grc' dir='ltr'><strong><em>κολυμβήθρας</em></strong></span> <span class='ocrx_word' id='word_1_252' title='bbox 981 3453 1056 3541; x_wconf 82' lang='grc' dir='ltr'><strong><em>ἐξῆ·</em></strong></span> 
     </span>
    </p>
   </div>
   <div class='ocr_carea' id='block_1_3' title="bbox 1255 367 1279 849">
    <p class='ocr_par' dir='ltr' id='par_1_3' title="bbox 1255 367 1280 849">
     <span class='ocr_line' id='line_1_34' title="bbox 1264 367 1278 529; baseline 0 0"><span class='ocrx_word' id='word_1_253' title='bbox 1264 367 1278 529; x_wconf 73' lang='grc' dir='ltr'><strong><em>λ.</em></strong></span> 
     </span>
     <span class='ocr_line' id='line_1_35' title="bbox 1255 537 1279 610; baseline 0 0"><span class='ocrx_word' id='word_1_254' title='bbox 1255 537 1279 610; x_wconf 69' lang='grc' dir='ltr'><strong><em>’λ</em></strong></span> 
     </span>
     <span class='ocr_line' id='line_1_36' title="bbox 1265 611 1279 684; baseline 0 -2"><span class='ocrx_word' id='word_1_255' title='bbox 1265 611 1279 684; x_wconf 70' lang='grc' dir='ltr'><strong><em>δ</em></strong></span> 
     </span>
     <span class='ocr_line' id='line_1_37' title="bbox 1265 684 1279 849; baseline 0 0"><span class='ocrx_word' id='word_1_256' title='bbox 1265 684 1279 849; x_wconf 65' lang='lat'><strong><em>³3</em></strong></span> 
     </span>
    </p>
   </div>
   <div class='ocr_carea' id='block_1_4' title="bbox 0 0 1294 3816">
    <p class='ocr_par' dir='ltr' id='par_1_4' title="bbox 0 0 1294 3816">
     <span class='ocr_line' id='line_1_38' title="bbox 0 0 1294 3816; baseline 0 0"><span class='ocrx_word' id='word_1_257' title='bbox 0 0 1294 3816; x_wconf 95' lang='lat' dir='ltr'><strong><em> </em></strong></span> 
     </span>
    </p>
   </div>
  </div>
 </body>
</html>
