2562 3814
450 117 521 168 τοο.
536 115 597 170 v11.
618 115 696 168 οιε.
710 118 795 169 xxv.
1045 115 1105 181 163

130 255 254 347 γνώμη
272 256 488 346 προσθέσθαι
510 253 626 346 ταύτη.
670 257 726 326 καὶ
750 256 796 345 μή
813 285 861 337 τις
886 257 1033 345 ολήσαιτο
1056 253 1106 328 ὅτι

130 364 260 449 κλήρου
279 355 457 446 ποιήσομαι
479 353 501 444 ἢ
518 355 621 446 κόρην
638 355 788 428 κελεύσω
811 369 934 430 θανεῖν
951 352 972 447 ἢ
989 358 1105 450 μειρά-

131 479 222 531 κιον·
260 456 365 538 αὐτός
382 455 446 548 γάρ
466 455 530 548 έγω
548 456 633 530 έκών
652 459 798 548 ἐμαυτόν
815 458 898 548 ύμῖν
916 465 1136 550 έπιδίδωμι,Β

129 569 190 634 ἰ’να
209 559 357 650 σήμερον
371 551 494 630 αὐτίκα
507 558 638 650 κήρυκα
650 563 804 650 πέμψητέ
813 589 854 651 με
867 564 923 631 καὶ
938 569 1105 650 πρεσβευ-

105 664 198 752 ετήν
214 679 285 744 τοῖς
302 669 453 752 χθονίοις
471 673 584 749 θεοῖς,
610 659 771 751 ἐσόμενον
788 660 872 753 ύμῖν
890 661 944 734 άεὶ
962 662 1104 754 προστά-

135 793 201 853 την
230 767 283 833 καὶ
312 759 518 853 σύμμαχον.”
570 771 676 834 ταῦτα
708 764 812 835 εἰπάν
834 764 852 835 ὁ
875 763 1038 854 Κούρτιος
1062 763 1103 835 τά
1184 841 1186 844 ,

136 861 227 936 ὅπλα
244 862 488 951 ἐνεδιδύσκετο,
508 865 578 935 εἶτα
597 867 652 934 καλ
670 873 732 935 τού
750 871 856 938 ἵππον
875 868 985 955 έπέβη.
1021 863 1101 937 ολδ

130 965 228 1038 άλλοι
249 977 440 1057 περιαλγεῖς
467 970 617 1054 ἐγίνοντο
640 968 696 1036 καὶ
719 985 925 1060 περιχαρεῖς,
952 970 1009 1038 καί
1026 989 1103 1038 κοσ-

128 1066 267 1160 μήματά
289 1096 364 1138 τινα
388 1065 666 1158 συμφορήσαντες
688 1072 724 1137 οί
752 1069 814 1156 μὲν
837 1067 944 1141 αὐτόν
973 1073 1104 1141 ἐκεῖνον

90 1202 117 1242 10
129 1167 249 1252 αὐτοῖς
268 1167 434 1258 ἐκόσμουν
447 1167 492 1252 οἱς
510 1167 614 1261 ήρωα,
633 1174 669 1240 οί
680 1171 721 1240 δέ
730 1197 806 1240 τινα
819 1173 876 1241 καὶ
894 1174 927 1252 ές
939 1168 976 1242 τό
994 1168 1103 1262 χάσμα

129 1276 324 1362 ἐνέβαλλον.
348 1268 424 1362 άρτι
440 1267 471 1342 ‹5’
490 1273 523 1353 ές
542 1269 626 1341 αὐτὸ·
645 1268 783 1360 ένήλατο
795 1269 813 1342 ὁ
827 1269 990 1362 Κούρτιος
1005 1280 1104 1361 ἔφιπ-

127 1402 191 1456 πος
216 1376 275 1444 καὶ
298 1371 320 1462 ή
341 1379 401 1462 τῆς
424 1379 486 1462 γῆς
510 1370 666 1462 συνήχθη
691 1369 878 1461 διάστασις,
909 1375 965 1443 καὶ
989 1371 1103 1454 οὐδεὶς

126 1473 245 1548 ούκέτι
284 1472 364 1545 οὔτε
397 1471 434 1544 τό
464 1471 574 1565 χάσμα
604 1471 684 1546 οὔτε
719 1472 779 1545 τόν
808 1472 976 1565 Κούρτιον
1007 1473 1137 1546 ἐθεάο

128 1601 223 1650 σατο.
256 1575 355 1648 ταῦθ’
374 1573 464 1646 οὕτω
478 1575 647 1665 Ῥωμαίοις
665 1574 849 1668 ἱστόρηται·
874 1583 906 1648 εί
919 1577 959 1646 δέ
972 1605 1019 1672 την
1037 1606 1100 1668 μυ-

90 1709 116 1749 15
127 1679 230 1767 θοόδη
249 1685 382 1770 κριθείη
401 1681 455 1748 καὶ
474 1678 520 1768 μή
538 1676 648 1766 πιστά,
668 1681 793 1761 ἔξεστίν
811 1684 846 1750 οί
861 1677 907 1770 μὴ
925 1681 1102 1770 προσέχειν

128 1779 258 1861 αὐτοῖς.

213 1892 291 1962 Τοῖς
304 1879 473 1970 Ῥωμαίοις
493 1881 530 1951 δὲ
548 1877 684 1971 πόλεμοι
697 1872 799 1966 αὖθις
816 1884 873 1954 καλ
891 1883 980 1976 παρά
994 1891 1102 1955 Γαλα-

130 2083 317 2175 κρούσαντο
339 2083 484 2172 πάντας,
508 2091 555 2174 πῇ
579 2085 643 2173 μέν
665 2081 833 2170 ὑπάτους,
858 2092 905 2174 πῇ
931 2085 968 2154 δὲ
993 2082 1102 2153 δικτά-

89 2214 239 2280 εοτωρας
262 2183 487 2276 ψηφιζόμενοι.
523 2182 579 2256 ὅτε
601 2191 661 2255 καί
683 2213 714 2256 τι
730 2191 882 2284 τοιοῦτον
899 2185 1099 2274 συμβέβηκε.

128 2286 294 2379 δικτάτωρ
314 2290 435 2377 ἐλέχθη
452 2284 597 2369 Λούκιος
614 2283 801 2377 Κάμιλλος,
821 2293 983 2376 Γαλατῶν
1000 2313 1098 2356 κατα-

125 2387 317 2481 τρεχόντων
337 2389 378 2458 τά
400 2386 469 2460 ὑπὸ
486 2386 624 2477 Ῥώμην.
666 2383 703 2471 δς
727 2391 782 2459 ἐπὶ
805 2386 884 2471 τούς
907 2385 1100 2480 βαρβάρους

124 2489 276 2583 ὁρμήσας
293 2488 432 2580 γνοόμην
450 2490 518 2580 εἶχε
535 2497 663 2581 τρίβειν
679 2489 739 2560 τόν
757 2490 874 2581 καιρὸν
891 2493 946 2562 καλ
964 2490 1009 2581 μή
1029 2496 1103 2561 δια-

125 2590 345 2665 κινδυνεύειν
379 2591 463 2684 πρός
491 2587 695 2681 ἀνθρώπους
721 2589 863 2687 ἀπονοίᾳ
889 2595 1102 2684 χρωμένους·

87 2723 113 2766 νε
127 2699 218 2788 ῥᾷον
239 2691 304 2785 γάρ
327 2691 454 2776 αὐτούς
477 2696 533 2766 καὶ
556 2689 807 2784 άσφαλέστερον
823 2693 948 2790 ἀπορίᾳ
965 2700 1104 2787 τροφῶν

126 2794 352 2885 έκτρνχιόσειν
368 2793 495 2886 ήλπισε.
532 2793 683 2886 Γαλάτης
702 2799 741 2868 δέ
761 2824 809 2878 τις
827 2804 874 2878 είς
891 2803 1137 2888 μονομαχίανῡ

126 2895 205 2970 τινά
226 2902 296 2970 τοῖν
307 2895 479 2988 Ῥωμαίων
500 2906 724 2988 προεκαλεῖτο.
762 2901 818 2969 καὶ
842 2897 983 2986 ἀντέστη
1007 2895 1100 2990 αὐτῷ

129 2995 315 3091 Οὐαλέριος
325 2998 465 3091 Μάρκος
482 3005 670 3091 χιλιαρχῶν,
689 2998 708 3070 ὁ
724 3005 785 3070 τού
794 3003 954 3089 Μαξίμου
969 3002 1100 3070 ἐκείνου

126 3109 275 3192 ἔγγονος.
304 3103 361 3173 καὶ
375 3100 510 3191 λαμπρά
525 3100 588 3191 μὲν
606 3099 626 3190 ἡ
644 3098 733 3192 μάχη
749 3103 877 3194 προέβη
900 3095 1042 3192 άμφοῖν·
1073 3100 1202 3176 6W1138

89 3231 115 3273 ω
126 3204 193 3294 μὲν
209 3200 275 3295 γάρ
292 3208 333 3294 τῇ
342 3209 446 3298 σοφίᾳ
456 3204 512 3273 καὶ
522 3207 562 3294 τῇ
572 3201 801 3295 περιτεχνήσει
810 3205 1009 3298 προύφερεν,
1027 3203 1046 3275 ό
1061 3207 1099 3277 δὲ

197 3437 231 3487 26
246 3427 380 3504 Γαλάτης
394 3432 430 3489 δέ
442 3434 498 3502 τις]
516 3435 617 3490 Differt
629 3435 727 3488 Dionis
747 3436 845 3504 fragm.
858 3441 900 3493 34.

880 3523 945 3585 ll*
