2546 3822
332 229 403 282 LIB.
423 229 482 282 XV.
503 229 581 280 OAP.
601 231 690 282 XXII.
710 231 814 285 XXIII.
997 229 1060 296 393

1 415 2 419 =
87 363 290 456 Ἀντιόχειαν
306 351 412 458 Ιπαρά
442 375 505 438 τοῦ
532 369 607 440 τότε
630 369 692 439 τόν
716 369 846 460 θρόνον
870 369 975 460 αύτής
1001 372 1061 444 τόν
1086 377 1093 386 ’

91 470 342 557 πατριαρχικόν
366 477 514 558 ἔχοντος·
558 468 635 560 Ἰιόβ
669 470 703 539 δ’
738 475 863 552 ἐκεῖνος
895 475 1060 561 ἐκέκλητο.

5 607 8 614 »
90 567 252 639 κάκείθεν
277 569 438 660 ὁρμηθείς
462 571 527 641 σύν
550 573 684 666 μεγάλῳ
709 573 940 662 στρατεύματι,
965 579 1061 662 ἔτυχε

90 671 165 760 γάρ·
182 672 366 760 συμμάχων
393 670 458 742 ούκ
480 671 674 764 Ἀγαρηνοῖν
696 672 815 762 μόνον,
840 672 925 744 άλλά
949 677 1006 746 ’καὶ
1026 679 1058 758 ἐξ
1096 765 1097 769 ¹

1 825 2 834 ι
59 775 215 863 σὲτέρων
240 775 353 842 ἐθνῶν
376 775 553 862 πλειόνων,
570 782 614 866 τῇ
632 781 809 864 τυραννίδι
826 777 1060 865 κραταιότερον

1 915 2 918 “
90 879 312 963 ἐπεχείρησεν.
348 867 391 964 ήν
409 876 446 944 δέ
464 874 482 944 ὁ
498 883 620 966 Θωμᾶς
639 869 794 957 οὗτος-ού
811 884 880 948 τῶν
899 875 1058 968 εύπατρι-

1 982 2 986 ’
89 981 173 1062 δῶν,
198 973 283 1045 άλλά
310 978 456 1070 καὶτῶν
480 985 558 1046 λιάν
576 977 727 1067 άσήμοιν,
753 978 956 1049 καὶτούτων
973 987 1060 1070 βαρ·

1 1083 2 1090 ’
88 1077 221 1167 βάρου,
246 1078 303 1145 καὶ
326 1071 451 1168 άπορίᾳ
470 1079 659 1167 σύντροφος
677 1086 720 1170 τῇ
740 1079 873 1170 ἐσχάτη,
894 1077 985 1150 όόστε
1002 1083 1059 1150 καὶ

89 1178 266 1246 δουλεύειν
288 1184 424 1267 μισθοῦ.
460 1177 622 1268 άναχθελς
647 1179 679 1249 δ’
700 1177 769 1250 ύπό
794 1187 854 1269 τῆς
878 1181 991 1270 τύχης,
1014 1181 1059 1264 ὡς

45 1313 74 1352 ιο
90 1291 236 1367 είρηται,
264 1281 320 1348 καί
342 1286 520 1370 τυραννίδι
543 1281 768 1370 ἐπιχειρήσας,
794 1283 857 1370 τήν
880 1309 916 1350 τε
940 1289 1060 1372 κλῆσιν

87 1382 267 1468 μετέθετο,
295 1389 557 1452 Κωνσταντῑνον
582 1383 704 1452 ἑαυτόν
726 1381 895 1471 ὀνομάσας
913 1386 970 1452 καὶ
987 1411 1059 1454 κοι-

1 1529 2 1533 =
87 1480 199 1551 νωνόν
222 1487 282 1604 τής
304 1481 544 1568 βασιλείας,
520 1513 565 1564 ως
590 1483 689 1576 ςόετο,
717 1485 942 1573 προσελάβετο
966 1513 988 1554 υ
991 1485 1160 1574 ίόν,ΡΠιςγ

1 1587 2 1594 '
89 1581 283 1706 εἰσποιητὸν
301 1583 558 1671 οίκειωσάμενός
576 1613 661 1654 τινα
686 1611 747 1654 τον
734 1586 801 1655 δὲ
812 1583 946 1676 Μιχαήλ
961 1608 1058 1710 στρα-
1068 1583 1091 1631 A

87 1683 161 1752 τιοὶν
177 1681 253 1752 κατ’
274 1679 382 1752 αύτου
368 1684 605 1774 ἐσταλκότος,
620 1685 804 1774 συμβαλων
825 1683 1014 1767 ἐκεῖνος’
970 1695 1059 1780 αντη

34 1811 78 1857 τε
92 1782 172 1865 τούς
195 1783 259 1872 μὲν
283 1780 415 1872 άνεϊλε,
439 1785 520 1866 τούς
543 1787 581 1855 δὲ
606 1787 762 1876 φυγάδας
779 1782 963 1876 άπέφηνεν.
1001 1792 1057 1858 ἐν·

87 1891 213 1954 τεύθεν
230 1885 465 1975 κραταιότερον
482 1893 540 1974 τῆς
557 1893 762 1978 τυραννίδος
780 1892 975 1979 ἐπείληπτο,
1001 1892 1058 1961 καί

89 1986 209 2056 στόλον
233 1987 514 2075 ἐξαρτυσάμενος,
538 1984 624 2058 άλλά
650 1989 719 2078 μήν
741 1991 799 2058 καί
822 1989 860 2061 τό
885 1991 1059 2079 βασιλικόν
1093 1991 1095 1996 ’

88 2085 250 2158 ναυτικόν
273 2085 336 2176 ὑφ’
358 2087 477 2158 ἐαυτὸν
505 2090 738 2178 ποιησάμενος,
758 2094 790 2172 ἐξ
806 2087 953 2177 Ἀβύδου
971 2092 1058 2178 πρός

86 2188 149 2276 τήν
175 2187 315 2279 Θράκην
342 2188 550 2279 ἐπεραιώθη,
575 2191 632 2260 καὶ
655 2189 696 2258 τά
721 2198 779 2278 τῆς
811 2191 894 2284 ἑῴας
925 2191 1057 2261 ἅπαντα

41 2319 73 2360 εο
88 2289 209 2378 σχεδὸν
238 2288 450 2377 ὑπηγάγετο,
480 2287 564 2360 ἄνευ
594 2293 707 2380 μέντοι
736 2298 798 2361 τοῦ
821 2291 966 2380 θύματος
998 2299 1058 2362 τού

84 2389 258 2477 Ὀύικίου,
285 2385 326 2460 οὗ
345 2389 586 2472 δ’Κατάκυλας
605 2392 808 2481 ἐστρατήγει,
832 2393 890 2461 καὶ
908 2399 971 2462 τού
988 2397 1058 2462 τῶν

84 2487 325 2581 Ἀρμενιακῶν·
352 2488 559 2579 ὁὈλβιανός
577 2493 616 2562 δέ
632 2491 695 2581 τήν
714 2499 917 2582 στρατηγίδα
933 2494 1057 2566 τούτου
1131 2557 1134 2564 .

86 2591 177 2680 εἶχεν
208 2591 327 2681 άρχήν,
359 2591 398 2673 ὃς
424 2592 465 2681 δή
492 2593 634 2682 λοχήσας
657 2597 715 2664 καὶ
738 2595 799 2665 τόν
824 2602 872 2689 τῷ
897 2596 1056 2690 τυράννῳ
1158 2611 1170 2623 ‘

85 2695 322 2781 είσποιηθέντα
338 2693 419 2764 υίόν
437 2695 614 2783 κατασχεόν
631 2694 766 2766 ἀνεῖλεν
783 2693 899 2777 εύθύς.
1015 2711 1156 2762 W111111

38 2823 71 2864 ετ
162 2795 349 2884 Γενόμενος
373 2792 405 2863 δ’
433 2798 471 2864 ἐν
495 2801 537 2885 τῇ
556 2796 686 2886 Θρηίκη,
713 2795 757 2878 τός
776 2807 913 2886 εἴρηται,
937 2795 955 2866 ὁ
976 2807 1050 2867 Θον-
1067 2806 1109 2875 23

1 2902 2 2907 ’
82 2899 161 2984 μᾶς,
180 2897 467 2984 προστιθεμένους
485 2894 580 2988 αύτῷ
593 2897 673 2977 τούς
692 2897 886 2985 ξύμπαντας
905 2904 1053 2986 ἔσχηκεν.

83 2989 188 3076 αὖθις
213 2990 277 3066 ούν
303 3003 364 3066 τοῦ
391 3000 552 3084 βασιλέως
569 2997 714 3068 κατάτε
731 3004 797 3086 γήν
814 2997 908 3094 αύτῷ
927 3007 1087 3089 συμμί-Β

82 3100 201 3180 ξαντος
226 3099 283 3166 καὶ
307 3095 391 3166 κατά
409 3098 599 3186 θάλασσαν,
623 3099 680 3168 καλ
704 3099 805 3189 άμφω
822 3099 881 3182 τάς
899 3100 1055 3191 στρατιάς

81 3197 100 3268 ό
119 3198 287 3285 τύραννος
307 3199 467 3286 ἐτρέψατό
484 3227 520 3269 τε
536 3201 593 3268 καὶ
610 3203 835 3288 διεσκέδασεν,
853 3202 1053 3290 υίοθετήσα-

33 3329 66 3370 εο
79 3327 119 3370 το
146 3297 178 3368 δ’
206 3303 332 3390 ἕτερον,
359 3307 420 3370 τού
444 3300 581 3389 κρότου
604 3304 819 3389 κτανθέντος,
844 3302 890 3383 ύς
915 3313 1053 3390 είρηται,

76 3401 295 3472 Ἀναστάσιον
318 3401 382 3490 μὲν
407 3401 629 3490 καλούμενον,
655 3402 805 3492 μοναχόν
823 3401 857 3472 δ’
877 3402 970 3488 ὅντα,
995 3403 1053 3471 καλ

75 3501 119 3572 τό
144 3501 208 3591 μὲν
233 3509 343 3592 σχήμα
370 3501 407 3571 τό
431 3511 532 3574 θείαν
555 3499 833 3593 άποδυσάμενον,
865 3502 987 3591 στολήν
1013 3503 1052 3572 δὲ
