2580 3816
193 152 256 218 294
501 154 573 206 ωε.
592 155 666 210 x1v.
685 153 762 208 σεε.
779 155 843 208 xn.

192 292 371 376 δεξιώσεσι.
407 294 535 364 στέλλει
558 294 596 363 δὲ
623 300 768 385 Ναρσῆυ
791 293 873 383 μετὰ
901 296 1161 386 στρατευμάτων

193 401 406 484 συμμαχῆσαι
430 393 567 484 Χοσρόη
600 395 658 464 καλ
681 395 952 484 ἀποκαταστῆσαι
976 394 1083 468 αῦτδυ
1110 405 1161 478 είς

191 494 253 584 τῆν
271 501 400 566 οἰκείαν
417 494 535 587 ἀρχήν.
571 495 755 585 συμβαλών
778 505 896 567 τοίνυν
913 494 932 568 ὁ
952 505 1093 588 Ναρσῆς
1110 505 1160 592 τῷ

188 596 311 688 Βαράμ
336 603 437 684 νίκην
467 596 569 687 ῆρατο
602 604 788 688 περιφανῆ,
820 597 966 680 πολλοῦς
996 597 1059 688 μέν
1087 606 1160 670 τῶν

188 703 334 787 Περσῶν
356 695 507 786 ἀνελών,
531 697 700 789 ζωγρήσας
731 699 769 770 δὲ
799 701 877 790 περὶ
904 701 1189 790 ἑξακισχιλίους,ε

188 797 249 881 οῦς
281 805 328 893 τῷ
359 799 494 890 Χοσρόη
525 799 756 889 προσήγαγεν·
794 797 812 870 ὁ
848 800 887 870 δὲ
921 800 1161 889 κατηκόντισεν

190 896 353 983 ἅπαντας.
389 895 462 972 ὅσοι
493 899 525 970 δ’
559 901 596 970 έν
626 916 696 982 τοϊς
727 909 947 992 ζωγρηθείσιν
976 895 1066 991 ῆσαν
1095 909 1160 972 τοῦ
1285 981 1286 984 ¹

195 1003 357 1092 Τοῦρκων
376 1008 500 1084 ἔθνους
517 1006 565 1094 τῷ
583 1001 702 1093 Βαράμ
719 1009 991 1092 συμμαχοῦντες,
1015 1002 1157 1083 τούτους

154 1131 179 1181 D
192 1101 384 1192 ἀνέπεμψεν
402 1109 451 1184 είς
467 1109 671 1192 Μαυρίκιον,
691 1096 741 1172 ώυ
758 1105 876 1173 πολλοὶ
895 1105 950 1173 έπλ
966 1111 1036 1174 τών
1053 1103 1157 1193 μετώ-

79 1204 82 1213 ’
188 1229 262 1274 πων
286 1201 455 1295 σταυροῦς
480 1210 621 1296 ἔφερον,
645 1206 936 1294 καταστιχθέυτωυ
954 1203 1070 1286 αῦτοίς
1086 1210 1159 1274 τών
1173 1233 1198 1272 ιο

188 1309 394 1377 ἐπισκυνίων
411 1311 459 1388 είς
472 1306 580 1376 τῦπον
594 1311 753 1394 σταυροῦ,
767 1307 823 1374 καὶ
836 1308 980 1395 μέλανος
994 1308 1157 1395 έγχεθέν-
1241 1329 1246 1338 ·

186 1435 242 1488 τος
259 1422 329 1489 τοῖς
347 1412 534 1496 στίγμασιν.
563 1413 601 1476 οἳ
614 1407 692 1496 περὶ
714 1406 837 1476 τοῦτον
857 1407 1065 1496 ἐρωτώμενοι
1083 1411 1160 1477 έλε-

187 1535 250 1596 γον
273 1507 337 1597 πρὸ
362 1513 481 1599 καιροῦ
507 1512 628 1578 ίκανοῦ
653 1513 757 1600 λοιμῷ
774 1506 813 1576 τδ
831 1509 929 1595 γένος
947 1505 1063 1578 αῦτῦν
1079 1513 1155 1576 δια-

187 1615 410 1699 φθείρεσθαι,
433 1608 527 1690 τιυάς
551 1609 589 1678 δέ
611 1613 680 1677 τών
707 1603 788 1697 παρ’
817 1607 933 1690 αῦτοίς
956 1615 1159 1698 χριστιαυώυ

187 1709 382 1780 ὑποθέσθαι
398 1716 496 1779 τοῦτο
514 1707 642 1796 αὐτοῖς,
666 1710 723 1777 καλ
739 1710 869 1798 μηδένα
886 1715 957 1779 τών
973 1715 1074 1779 τοῦτο
1093 1735 1157 1778 πε·
1173 1735 1198 1776 ιε

187 1808 377 1898 ποιηκότων
400 1815 620 1880 κινδυνεῦσαι
645 1813 681 1879 έκ
704 1815 764 1879 τοῦ
789 1813 917 1899 λοιμοῦ.
959 1808 977 1880 ὁ
1001 1810 1064 1899 μὲν
1091 1801 1158 1880 οῦν

187 1907 305 2000 Βαράμ
323 1909 480 1999 ῆττηθελς
497 1916 593 2000 φυγῆ
611 1909 674 1998 τῆν
692 1918 862 2000 σωτηρίαν
881 1911 1153 2001 ἐπραγματεύσα-

84 2025 249 2082 Wffl62to.
277 2009 295 2082 ὁ
322 2011 360 2081 δέ
379 2010 531 2102 Χοσρόης
557 2018 606 2093 είς
630 2011 692 2100 τῆν
718 2016 811 2080 ίδίαν
834 2009 943 2100 ἀρχῆν
966 2014 1023 2080 καλ
1043 2011 1154 2100 χώραν

189 2111 429 2202 ἐπανελήλυθε.
466 2115 598 2201 λέγεται
620 2113 659 2182 δέ
684 2111 749 2202 πρδ
767 2117 826 2201 τῆς
844 2119 951 2200 νίκης,
969 2118 1032 2182 τοῦ
1050 2133 1157 2200 στρα-

184 2221 289 2304 τηγοῦ
307 2221 376 2286 τών
397 2213 569 2305 Ῥωμαίων
596 2212 706 2294 ἄλλως
724 2215 910 2284 διατιθέναι
927 2218 1157 2301 σκεπτομένου
1171 2237 1199 2276 το

184 2317 245 2386 τδν
270 2316 434 2406 πόλεμον,
457 2315 518 2386 τὸν
536 2314 692 2405 Χοσρόην
720 2315 915 2383 ἐνίστασθαι
939 2313 984 2402 μῆ
1009 2312 1095 2382 κατὰ
1117 2311 1158 2383 τδ

186 2423 313 2487 δοκοῦν
340 2420 457 2510 ε’κείνςο
482 2420 710 2504 συγκροτῆσαι
734 2412 796 2502 τῆν
813 2413 935 2502 μα’χηυ,
953 2407 1030 2482 ἀλλ’
1050 2413 1160 2482 ἀλλον

83 2516 386 2598 Ρητςῦποτιθέναι
408 2515 550 2603 τρόπον·
585 2513 648 2583 τδν
673 2515 712 2585 δέ
735 2514 923 2604 στρατηγὸν
954 2511 1160 2603 ἀσύμφορον

152 2617 176 2665 A
189 2617 275 2688 ελυαι
293 2619 402 2704 λέγειν
427 2614 466 2688 τδ
490 2613 580 2684 οὕτω
604 2617 826 2704 μαχέσασθαι,
844 2616 901 2684 καλ
918 2613 980 2684 τδυ
999 2611 1159 2703 Χοσρόην
1285 2673 1286 2708 ,

186 2722 246 2789 τοῦ
269 2722 398 2788 σκοποῦ
423 2715 468 2807 μῆ
493 2723 692 2806 μεθίεσθαι,
717 2713 801 2786 ώστε
819 2716 1080 2806 παροξυνθέντα
1095 2713 1205 2784 τὸνεε
1285 2711 1286 2730 ’

184 2817 375 2912 στρατηγδν
393 2816 595 2900 ἀποσκώψαι
614 2816 698 2906 πρδς
720 2815 783 2886 τδυ
800 2817 969 2906 Χοσρόην,
987 2815 1158 2906 ἀστραπῆ-

186 2949 289 3010 γητον
317 2915 423 2991 αῦτδυ
447 2918 585 2990 εἰπόντα
609 2920 665 2988 καὶ
690 2913 777 3006 ἀδαῆ
796 2923 987 3007 πολεμικῶν
1003 2916 1159 3006 παρατά-

189 3027 282 3105 ξεοευ.
309 3021 371 3092 τδν
389 3021 427 3091 δέ
445 3021 614 3109 δηχθέντα
629 3020 684 3088 έπλ
701 3033 771 3099 τοϊς
789 3017 998 3108 σκώμμασιν,
1016 3017 1097 3086 ὄντα
1117 3019 1158 3086 δὲ

189 3125 245 3191 καλ
265 3126 302 3192 ἐν
319 3121 442 3209 γνώσει
458 3126 517 3208 τῆς
535 3117 618 3190 κατά
634 3118 715 3200 τοῦς
729 3117 872 3208 ἀστέρας
886 3119 1058 3208 κινήσεως,
1071 3115 1160 3186 κάν-

189 3227 315 3292 τεῦθεν
333 3220 505 3311 αῦχοῦντα
522 3221 699 3308 γινώσκειν
716 3219 756 3289 τά
773 3221 955 3309 μέλλοντα,
981 3219 1085 3310 φῦναι
1103 3216 1164 3289 “et
1178 3243 1212 3286 ευ

190 3320 234 3406 μῆ
261 3319 330 3390 ῦπδ
359 3326 429 3391 τών
460 3321 664 3411 πραγμάτων
696 3321 989 3410 έτυραννοῦμεθα,
1020 3317 1083 3390 οῦκ
1114 3317 1160 3390 ἀν

193 3417 401 3506 ἐθάρσησας,
433 3424 613 3510 στρατηγέ,
640 3419 701 3491 τδν
729 3423 836 3511 μέγαν
859 3423 997 3511 βασιλέα
1020 3420 1163 3510 βάλλειν
