2538 3824
176 188 216 252 10
513 187 586 242 LIB.
598 187 648 253 XI.
666 187 745 240 ΟΔΡ.
757 189 809 244 111.
895 213 898 222 ¹

303 331 383 420 ἐμοῦ
400 325 565 412 θανόντος
582 342 663 417 χαῖα
679 325 831 418 μιχθήτω
849 335 950 420 πυρί,

175 434 232 504 καὶ
248 428 308 502 τόν
325 437 481 522 Πρίαμον
498 436 691 522 μακαρίζειν
707 429 758 500 ότι
775 425 885 521 ἀρδην
901 425 983 520 μετά
1000 433 1059 516 τῆς
1076 455 1144 499 πα-

173 539 286 624 τρίδος
304 535 435 623 καὶτῆς
452 537 622 621 βασιλείας
635 529 796 604 ἀπώλετο.
831 533 990 602 τοσοῦτον
1009 530 1047 600 δὲ
1059 535 1144 620 πλῆ-

174 647 237 718 θος
260 638 329 706 τών
351 661 388 705 τε
411 637 607 723 βουλευτῶν
631 634 780 706 καὶτῶν
802 629 915 704 ἀλλων
943 633 1143 722 διέφθαρτο,

175 733 261 808 ώστε
277 734 356 820 τοῦς
372 734 432 818 τάς
448 733 630 826 ἡγεμονίας
647 739 715 806 τών
733 738 1000 824 ἐθνώνέχοντας
1017 731 1169 826 ἀπορίᾳζε

174 841 243 909 τών
260 833 384 920 αῦτοῦς
403 839 648 928 διαδεξαμένων
664 833 865 970 ἀδιαβόχονς
884 835 980 907 εἶναι.
1024 840 1057 906 οί
1080 835 1143 924 μέν

156 930 239 1038 Ιοῦν
256 936 350 1012 ἄλλοι
376 933 422 1010 δι’
441 938 544 1024 ἀλλας
566 968 588 1010 α
590 945 676 1022 ίτίας
699 967 755 1009 και
744 940 911 1023 ψευδεῖς
928 939 999 1008 καὶ.
1003 934 1142 1026 ἀληθεῖς

174 1039 467 1166 &uvtvv60wo3A
434 1047 483 1112 Αί
481 1047 589 1130 μίλιος
616 1041 654 1112 δέ
678 1043 835 1133 Σκαῦρος
865 1035 921 1110 διά
928 1043 1144 1162 τραγῳδίαν
1186 1077 1189 1081 -

174 1140 358 1215 ἀπέθανεν.
389 1139 525 1233 ’Λτρεῦς
549 1171 612 1232 μεν
634 1139 698 1232 γάρ
723 1141 760 1213 τὸ
777 1149 904 1231 ποίημα
921 1131 977 1230 ἦν,
1000 1137 1144 1264 παρῄνει

176 1245 215 1316 δέ
233 1236 275 1334 δὴ
293 1248 361 1316 τών
378 1242 572 1335 ἀρχομένων
588 1243 709 1315 τινλ’
672 1271 735 1362 την
751 1247 814 1369 τρῦ
825 1248 1027 1333 κρατοῦντος
1041 1237 1142 1366 ἀβορ-
1156 1269 1184 1310 ιο

140 1353 252 1420 Ολίαν
269 1351 397 1438 φέρειν.
433 1344 556 1471 μαθών
572 1335 637 1416 οῦν
654 1349 789 1416 ταῦταο
777 1341 887 1434 ’Τιβέ
886 1372 956 1435 ριος
971 1339 1024 1414 ἐπ’
1039 1341 1144 1466 αὐτὸν

175 1453 381 1538 πεποιῆσθαι
409 1445 446 1518 τό
476 1453 554 1529 ἐπος
580 1444 729 1537 ἐνόμισε,
760 1449 818 1518 καὶ
841 1441 959 1518 είιτε“
963 1441 1055 1534 κάγώ
1079 1435 1144 1514 οῦν

175 1561 308 1622 Αἴαντα
338 1545 441 1622 αῦτῦν
472 1543 630 1639 ποιήσω”,
661 1551 718 1619 καὶ
749 1543 926 1641 αῦτοεντίᾳ
955 1543 1144 1618 ἀπολέσθαι

176 1649 280 1724 αῦτδν
296 1647 497 1740 ἠνάγκασεν.
533 1653 571 1720 ἐν
581 1647 717 1742 τούτοις
734 1656 910 1733 νεανίσκος
927 1678 974 1731 τις
986 1651 1144 1740 Δροῦσος

176 1753 263 1824 εἶναι
286 1753 395 1842 λέγων
418 1757 499 1841 περί
519 1779 556 1822 τε
578 1749 640 1840 ’τὴν
665 1749 810 1823 Ἑλλάδα
838 1754 895 1822 καὶ
922 1751 985 1840 τὴν
1011 1749 1183 1822 Ἰωνίανιε

176 1851 288 1943 ώφθη.
333 1854 390 1924 καὶ
408 1854 562 1935 ἐδέξαντο
580 1850 685 1926 αῦτόν
702 1851 856 1943 ἀσμένοις
873 1858 911 1923 αί
931 1849 1061 1941 πόλεις,
1087 1853 1144 1921 καὶ

175 1952 239 2028 κάν
257 1960 290 2038 ἐς
307 1953 369 2044 τὴν
387 1961 521 2046 Συρίαν
544 1953 764 2048 προχωρήσας
787 1957 925 2044 κατέσχε
948 1950 989 2024 τά
1006 1949 1144 2044 στρατό-

175 2063 279 2147 πεδα,
307 2063 340 2128 εί
358 2057 405 2148 μὴ
429 2055 586 2148 ἐπιγνούς
609 2085 658 2138 τις
682 2053 785 2128 αὐτόν
802 2057 968 2144 συνέλαβε
984 2056 1041 2124 καὶ
1059 2053 1143 2144 πρός

174 2157 234 2233 τόν
253 2160 406 2251 Τιβέριον
422 2155 562 2252 ἤγαγεν·
590 2156 608 2229 ὁ
628 2159 666 2229 δέ
684 2161 721 2230 ἐν
735 2154 853 2252 Ἀντίμ
870 2156 947 2238 τοῦς
964 2159 1024 2228 τοῦ
1036 2161 1140 2226 Γαΐου

173 2259 301 2352 γάμους
319 2258 490 2351 ἑώρταζεν.
1152 2281 1182 2322 εο

247 2361 283 2434 ‘0
306 2368 439 2451 Τίβερις
457 2362 495 2432 δέ
511 2357 586 2432 τότε
602 2360 710 2432 πολλὰ
723 2364 792 2449 τῆς
811 2354 935 2450 Ῥώμης
959 2359 1143 2430 ἐπέκλυσεν

176 2461 261 2535 ώστε
279 2466 503 2586 πλενσθῆναι,
522 2464 579 2533 καὶ
595 2463 678 2555 πυρί
696 2468 801 2554 μυρία
780 2459 961 2554 αέφθάρη.
1008 2465 1039 2530 εί
1057 2461 1097 2530 δέ
1111 2486 1143 2530 τι

175 2560 291 2634 aaz*
254 2592 295 2634 τα
319 2560 489 2652 Αίγῦτιτια
511 2561 594 2656 πρὸς
616 2563 694 2646 τοῦς
713 2561 892 2654 Ῥωμαίους
917 2558 1143 2655 προσήκει,ὁ

141 2667 329 2757 Βφοίνιξέ
329 2671 429 2760 κείνῳ
453 2671 499 2760 τῷ
523 2673 589 2738 ἔτει
613 2662 723 2756 ώφθη.
760 2669 818 2736 καλ
842 2667 935 2788 ἐδρξε
956 2667 1062 2734 ταῦτα
1085 2661 1144 2733 τὸν

176 2765 326 2839 θάνατον
343 2771 389 2862 τῷ
413 2775 555 2892 Τιβερίῳ
573 2773 823 2893 προσημαίνειν.
871 2757 909 2848 ῦς
926 2763 1121 2854 ἐνόσησε
1081 2792 1144 2854 μεν
1157 2787 1185 2830 ει

176 2895 241 2994 προ
229 2868 408 2951 ’πλείονος
420 2868 555 2960 χρόνον,
569 2867 647 2940 οῦτε
661 2867 747 2940 δέ’
711 2897 774 2958 την
785 2874 920 2940 δίαιταν
933 2865 1143 2959 παρήλλαξεν

176 2969 253 3044 οῦτε
269 2986 338 3054 τοῖς
358 2977 482 3096 ίατροϊς
508 2973 681 3142 ἐκέχρητο,
709 2967 765 3041 διά
788 2967 848 3040 τόν
864 2997 924 3040 του
909 2965 1144 3059 Θρασύλλου

176 3069 339 3162 λόγου,“
321 3101 357 3156 ος
380 3071 471 3144 πάνυ
494 3071 535 3163 μ
536 3103 557 3144 ν
580 3069 726 3164 ἀκριβῶς
751 3067 827 3163 ᾔδει
849 3070 967 3143 παῦ’
930 3100 993 3160 την
1015 3067 1144 3160 ημέραν

177 3175 233 3243 καὶ
250 3173 314 3262 τὴν
332 3170 423 3264 ώραν
440 3171 519 3246 καθ’
550 3169 594 3262 ἣν
610 3171 834 3262 τεθνήξεσθαι
854 3179 992 3262 ἔμελλεν
1007 3166 1025 3241 ὁ
1049 3173 1145 3258 Τιβέ-

177 3301 280 3402 ριος,
280 3277 350 3345 ἐκεί
335 3281 406 3368 ίυρς
414 3274 453 3344 δὲ
473 3277 554 3345 δέκα
568 3274 743 3359 ἐνιαυτοῦς
757 3282 804 3346 ἐτι
816 3274 1002 3364 βιώσεσθαι
1015 3278 1186 3360 &heremo

177 3370 224 3440 ἵν’
257 3368 301 3454 ώς
326 3345 382 3444 ἐπί
403 3371 608 3465 μακρότερον
632 3374 740 3465 ζησων
764 3405 819 3468 μη
834 3378 974 3467 ἐπειχθῇ
998 3371 1153 3454 πολλοῦς

177 3489 380 3544 αποκτειναι.
422 3469 531 3544 α’ἴαδ
561 3475 657 3546 ἐν’
613 3505 700 3570 γηρηι
718 3479 774 3548 καὶ
791 3474 883 3573 νόσῳ
900 3506 945 3568 μη
933 3471 1044 3570 “όξεί
1031 3505 1052 3544 α
1069 3473 1145 3546 τοτὲ
