2546 3822
206 108 270 175 360
534 109 607 162 LIB.
625 109 685 162 XV.
705 107 849 162 CARXI.

209 255 387 342 μετανοίας
400 248 489 374 πρδς
499 248 580 331 τούς
593 248 785 338 οίκιιρμούς
797 249 1019 420 666666606
1002 276 1064 320 του
1050 254 1188 336 θἐοὖ,

209 351 369 441 δεόμενος
389 349 439 474 μὴ
465 349 511 432 ὥς
527 347 702 441 ἀρχιερεύς
719 345 905 440 κριθῆναι.”
941 347 959 420 6
977 349 1019 441 μὶ
1020 379 1041 420 ν
1058 341 1126 419 ούν
1147 353 1188 420 ἐν

207 451 338 534 τούτοις
363 451 424 522 τόν
447 459 527 542 βίον
550 451 815 522 κατέλυσεν.οί
837 451 876 521 δέ
899 458 1103 574 κρατρύντες
1120 449 1187 521 τόν

208 553 364 644 άοίδιμον
387 553 555 644 Ταράσιον
577 549 757 642 άσηκρητις
774 551 857 622 ὄντα
874 550 1082 644 ποτριάρχην
1100 578 1188 643 προ-

103 687 219 739 W11195
229 662 444 745 εχειρίζοντο,
468 652 567 724 καὶὸ
598 650 678 735 λαός
703 652 791 736 άπας
823 657 1051 744 ἐπεψηφίζετο.
1094 651 1112 722 6
1147 653 1213 722 δὲε

209 755 369 843 άνένευε,
392 754 437 845 μὴ
463 754 634 826 δύνασθαι
656 755 766 842 λέγων
783 761 967 846 προστῆναι
983 760 1043 844 τῆς
1060 757 1188 846 ἐκκλη-

209 862 287 940 σίας
310 853 552 948 άπεσχισμένης
575 861 645 926 τῶν
663 862 791 926 λοιπόν
807 855 1041 946 τυγχανούσης
1059 858 1187 948 ἐκκλη-
1257 927 1258 944 2

176 965 294 1029 Οσιῶν
310 959 368 1026 καὶ
385 955 447 1028 ὑπ’
468 961 607 1028 ἐκείνων
624 954 902 1046 ὑποβαλλομένης
918 963 967 1052 τῷ
985 955 1187 1046 άναθέματι.
1257 953 1258 1032 ἶ

210 1061 412 1150 ἐγκειμένων
436 1059 474 1130 δέ
500 1060 558 1130 καὶ
581 1063 651 1128 τῶν
667 1059 836 1147 βασιλέων
852 1060 910 1128 καὶ
932 1063 995 1128 τοῦ
1013 1063 1110 1146 λαοῦ,
1130 1055 1189 1127 “εί

210 1154 435 1231 συντίθεσθε”
462 1157 535 1230 εἷπε
547 1155 718 1230 “σύνοδον
736 1159 973 1250 οίκουμενικὴυ
990 1154 1186 1249 άθροισθῆ-
1199 1185 1224 1227 ιο

211 1290 268 1332 ναι
291 1261 441 1352 καὶτῶν
465 1263 649 1349 ἐκκλησιῶν
674 1260 878 1349 γενησεσθαι
895 1264 1028 1350 ἕνωσιν,
1047 1261 1189 1348 δέξομαι

212 1365 270 1433 καὶ
300 1359 404 1443 αύτδς
434 1361 497 1450 τὴν
518 1358 749 1452 προχείρισιν.”
787 1368 1009 1452 συνθεμένων
1036 1360 1075 1430 δέ
1097 1361 1190 1452 πρός

210 1469 310 1534 τοῦτο
328 1463 484 1550 πάντων,
510 1461 747 1552 ἐχειροτονήθη
764 1460 782 1534 6
800 1474 906 1550 θεῖος,
919 1461 1104 1554 Ταράσιος,
1128 1463 1189 1530 καὶ

212 1568 341 1636 στέλλει
364 1561 467 1644 αύτός
493 1591 530 1634 τε
552 1564 609 1632 καὶ
629 1568 665 1632 oc
679 1569 882 1653 κρατοῦντες
900 1573 949 1646 είς
964 1591 1001 1633 τε
1016 1559 1082 1651 τὴν
1100 1589 1189 1652 πρε-

212 1667 380 1755 σβυτέραν
393 1663 534 1754 Ῥάμην,
546 1662 728 1755 Ἀδριανοῦ
746 1667 783 1734 ἐν
801 1663 888 1755 αὐτῇ
906 1663 1189 1756 προεδρεύουεος,
1201 1692 1224 1734 υ

82 1759 90 1774 ’
211 1769 266 1836 καὶ
286 1774 334 1846 είς
351 1765 433 1848 τούς
450 1764 588 1846 λοιπούς
602 1765 818 1857 πατριάρχας,
831 1770 1005 1855 ζητοῦντες
1019 1769 1193 1853 σταλίγναί

214 1883 306 1948 τινας
324 1865 406 1988 πριρ’
426 1863 543 1936 αὐτῶν
559 1865 642 1947 τούς
655 1867 710 1935 ἐπὶ
721 1873 764 1957 τῇ
778 1867 915 1961 συνόδιμ
932 1866 1190 1955 παρουσιάσον-

212 1985 286 2050 τας
305 1967 363 2036 καὶ
381 1966 472 2057 παρά
490 1966 627 2038 πάντων
646 1967 841 2056 ἐστάλησαν.
872 1965 1134 2060 άθροισθέντων
1152 1969 1191 2038 δὲ

212 2069 270 2139 καὶ
294 2072 364 2138 τῶν
387 2067 556 2138 λοιπάν’
530 2069 744 2196 αρχιερίων
743 2070 800 2138 καί
822 2096 982 2159 μοναχων
1001 2071 1039 2138 ἐν
1056 2077 1191 2160 Νικαία
1256 2103 1258 2176 3

176 2177 271 2260 Βτῆς
295 2178 461 2252 Βιθυνίας
485 2171 542 2240 καὶ
572 2168 590 2240 6
621 2169 826 2260 πατριάρχης
858 2173 978 2258 ἐξῆλθε
1006 2169 1258 2260 Ταράσιος,ιιῖ

212 2273 270 2341 καὶ
294 2273 439 2396 συνίστη
464 2273 534 2342 ἐκεῖ
556 2269 772 2396 ρίκουμενικη
797 2269 941 2352 σύνοδος
965 2270 1105 2360 ἑβδόμη,
1132 2273 1192 2340 καὶ

140 2415 142 2420 ,
215 2369 427 2463 ἐκυρύθη
389 2401 449 2453 τας
468 2371 592 2454 σεπτάς
609 2371 744 2454 εἰκόνας
766 2372 824 2441 καί
841 2383 1113 2462 προσκυνεῖσθαι
1134 2373 1194 2444 καὶ

214 2473 422 2560 σεβάζεσθαι,
443 2470 630 2560 άναθέματι
647 2472 686 2542 δέ
703 2479 953 2563 κατεκρίθησαν
970 2474 1027 2542 καὶ
1042 2478 1082 2542 oc
1095 2475 1194 2560 τρεῖς

216 2577 251 2642 oc
260 2577 321 2659 τῆς
337 2575 375 2642 ἐν
387 2571 746 2643 Κωνσταντινουπόλει
763 2573 1051 2665 προεδρεύσαντες
1071 2576 1196 2664 ἐκκλη-

214 2680 306 2761 σίας,
333 2671 353 2742 ὅ
376 2700 412 2743 τε
434 2667 649 2756 Ἀναστάσιος
679 2674 736 2744 καὶ
762 2673 780 2746 6
805 2684 1064 2755 Κωυστοιντῑνος
1090 2677 1156 2744 καὶ
1179 2674 1231 2747 διε

214 2773 382 2864 Νικήτας,
413 2775 471 2846 καί
505 2774 595 2870 τόμμ
621 2773 665 2845 ’τά
696 2781 738 2866 τῇ
775 2780 850 2867 ίερᾷ
887 2773 1023 2868 συνόδηε
1062 2775 1198 2858 δόξαν·

214 2903 254 2945 τα
273 2877 517 2970 ἐνεγράφησαν.
544 2879 580 2946 ἐκ
598 2876 637 2946 δὲ
656 2883 800 2958 Νικαίας
819 2883 868 2958 είς
884 2875 948 2966 την
965 2881 1035 2946 τάν
1052 2876 1201 2949 πόλεων

214 2978 462 3066 βασιλεύουσαν
488 2976 734 3066 ἐνδημήσαντες
759 2982 794 3047 oc
814 2983 874 3066 τῆς
898 2975 1048 3048 συνόδου
1074 2980 1141 3047 καὶ
1162 2983 1201 3050 ἐν

213 3091 284 3160 τοϊς
309 3085 490 3166 βασιλείοις
512 3078 707 3167 γενόμενοι,
740 3073 1032 3203 πρρκαθημίνων
1036 3079 1097 3147 καὶ
1123 3087 1203 3152 τῶν

215 3179 542 3304 βασιλευόντρρν,εί
510 3207 558 3261 ες
584 3177 730 3266 ἐπήκοον
752 3179 890 3250 πάντων
913 3179 972 3250 ιδν
993 3177 1100 3268 τόμον
1129 3180 1200 3251 άν-
1214 3213 1236 3254 ιι

216 3277 431 3364 ἐγνωσαν·
419 3280 457 3361 δς
481 3281 538 3349 καὶ
564 3278 655 3369 παρὰ
680 3308 750 3350 των
773 3281 991 3406 κρατούντων
1015 3279 1203 3372 κεκύρωτο

214 3371 531 3468 ύποσημηναμένων
555 3376 675 3468 αὐτόν,
700 3381 818 3451 καί”
774 3409 864 3453 ουτω
881 3381 922 3451 τά
941 3379 1014 3473 ἱερά
1033 3383 1203 3456 ἐκτυπω·
