2546 3822
399 169 401 176 ,
450 119 519 170 σεε.
540 118 598 170 xv.
620 117 697 170 σεε.
715 119 762 172 1v.
1017 115 1079 180 343

41 273 46 302 ⁵
113 262 220 332 ἐδόκει
238 259 378 348 σμήχειν
392 265 555 330 Αἰθίοπα.
579 251 620 326 οό
638 256 746 346 μόνον
762 255 829 346 γάρ
847 251 957 344 όρδόν
975 251 1079 325 οὐδέν

89 388 142 432 ’τι
159 361 364 453 ἐφρόνησεν,
390 355 475 428 άλλά
493 359 550 427 καὶ
569 359 724 448 ἐκμανεὶς
742 355 826 427 κατά
844 362 913 426 τῶν
930 355 1079 446 όρθοδό-

111 466 177 546 ξων
195 461 341 542 πολλοὺς
357 459 495 531 ἐκόλασε
508 461 564 529 καὶ
582 457 762 548 ὁμολογίας
780 455 958 548 στεφάνων
975 454 1112 546 ήξίω-Ι)

3 581 4 584 ’
111 585 159 634 σε.
194 563 273 644 νοός
296 587 334 632 τε
357 559 561 650 Καλαβροάς
584 561 641 630 καὶ
671 559 751 642 τοάς
776 559 941 640 Σικελοὺς
964 559 1080 650 φόροις

13 741 15 744 ,
82 667 199 746 σνέοις
224 663 378 754 ἐβάρυνε,
403 668 639 752 κεφαλητίαυα
661 668 771 732 τελεία
791 660 875 730 κατά
897 659 978 742 τοάς
993 655 1079 730 ’Iov-

97 773 229 847 δαίους
243 771 446 854 δογματίσας
465 761 590 846 αότοδς
606 763 665 832 καὶ
682 761 723 833 τά
744 765 781 834 ἐν
798 760 915 844 αὐτοῖς
928 761 1076 850 τικτόμε-

109 897 154 938 να
178 865 303 960 άρρενα
325 862 606 958 οέιτογράιμεσλδαι.Ι
630 863 697 954 ήδη
721 863 761 934 δὲ
783 869 844 933 τοῦ
869 867 950 932 υίοά
970 859 1079 932 αὐτοῦ

4 1045 5 1048 χ
110 973 375 1040 Κανττνντίνου
407 971 583 1048 τελοῦντος
615 972 663 1048 τίς
692 973 870 1057 μείρακας,
901 962 1079 1052 ζεύγνυσιν

110 1067 204 1162 αὐτῷ
223 1067 372 1158 γαμετήν
388 1069 562 1158 θυγατέρα
580 1066 743 1154 Χαγάνου
759 1072 823 1136 τοδ
841 1071 911 1136 τείν
926 1070 1080 1136 Σκυθῶν

70 1195 97 1236 ιο
109 1169 387 1260 ἡγεμονεύοντος,
404 1175 569 1257 βαπτίσας
586 1166 696 1257 αότήν
712 1169 769 1238 καλ
787 1165 955 1257 ὀνομάσας
971 1167 1078 1258 Είρή-

110 1299 184 1360 νην.
211 1271 280 1360 ήτις
304 1269 345 1341 οὐ
372 1270 577 1360 σννυπήχδη
600 1275 642 1361 τή
665 1275 726 1340 τοῦ
744 1267 869 1359 άνδρδς
885 1271 1078 1360 κακοδοξίᾳ,

3 1425 4 1428 ,
111 1372 195 1442 ἀλλά
221 1383 393 1462 μνηδεσσα
409 1371 448 1442 τό
465 1371 576 1461 δόγμα
593 1370 631 1441 τό
652 1365 789 1460 εόσεβές
808 1375 937 1458 ἐμεινεν
954 1365 1077 1458 άμετά-

111 1499 259 1562 τρεπτος.
298 1475 437 1564 σεισμοῦ
467 1473 505 1542 δέ
529 1473 778 1562 συμβεβηκότος
808 1475 963 1561 σφοδροῦ
995 1469 1078 1564 κατά

110 1575 159 1645 τό
178 1574 362 1659 Βυζάντιον
383 1577 463 1644 ναοί
483 1601 519 1642 τε
542 1575 661 1642 πολλοὶ
683 1574 740 1642 καλ
764 1577 866 1642 οἰκίαι
890 1572 1079 1641 συνέπεσον

3 1745 4 1748 ,
75 1699 101 1742 ιι
114 1679 172 1746 καὶ
190 1681 319 1764 πλῆθος
337 1673 532 1766 άνδρεόπυν
550 1674 764 1762 σνγκέχωστο
781 1688 853 1754 τοῖς
871 1671 1181 1761 σνμπτόμα-ΡΠιοε

111 1799 175 1848 σιν.
212 1775 268 1846 ὅτε
292 1777 349 1846 καὶ
372 1774 472 1864 ήτοά
487 1771 670 1864 Ἀρκαδίαν
689 1773 793 1864 στήλη
811 1777 849 1844 ἐν
866 1778 914 1866 τῷ
932 1779 992 1844 κοῦ
1010 1764 1113 1861 Ξη·Α

111 1877 262 1970 ρολόφου
279 1884 368 1947 κίονι
386 1877 549 1967 ίδρυμένη
566 1876 727 1946 κατέπεσε
743 1877 800 1945 καὶ
818 1873 836 1946 ὁ
855 1877 892 1944 ἐν
908 1879 951 1966 νή
962 1879 1080 1966 Χρνσή

110 1979 219 2070 πόρτη
238 1975 377 2069 ἀνδριάς
394 1981 455 2048 τοῦ
472 1976 620 2066 μεγάλου
635 1983 831 2066 Θεοδοσίου,
845 1967 930 2046 ἄλλά
943 1976 1012 2065 μήν
1024 1976 1081 2044 καὶ

110 2080 152 2148 τά
171 2079 255 2148 κατά
272 2077 341 2168 τήν
353 2079 476 2169 χέρσον
494 2085 586 2166 τείχη
603 2083 662 2166 τής
680 2075 820 2166 πόλεως,
839 2077 864 2165 ή
880 2094 917 2147 τε
932 2082 995 2146 τοά
1013 2086 1077 2146 Νι-

71 2205 99 2245 εο
112 2179 282 2269 κομήδους
300 2177 396 2260 πόλις
414 2179 471 2248 καὶ
488 2177 574 2268 πρός
591 2177 697 2268 ταότη
715 2174 736 2267 ή
756 2185 883 2248 Νίκαια
901 2180 940 2246 αι’
954 2201 1081 2266 μητρο-

111 2281 223 2362 πόλεις
247 2284 284 2350 αλ
305 2285 495 2352 Βιδυνικαί.
530 2277 594 2368 τήν
618 2283 704 2367 γοῦν
733 2284 802 2348 τάν
833 2281 953 2366 τειχοῖν
976 2277 1081 2346 κατά-

110 2403 238 2453 πτωσιν
256 2379 274 2452 ὁ
292 2381 460 2472 τύραννος
479 2381 575 2454 Αέοιν
598 2382 741 2470 κέρδους
757 2379 940 2469 μελετήσας
957 2381 1083 2447 θέσθαι

112 2484 230 2574 λαβήν,
238 2482 520 2574 διεκηρυκεάσατο
532 2481 617 2573 πρὸς
631 2479 690 2552 τόν
704 2485 812 2571 δῆμον
824 2485 884 2570 τής
893 2479 1023 2560 πόλεως
1036 2477 1081 2560 ὡς
1112 2505 1118 2509 ’

107 2583 227 2673 “fineis
240 2583 304 2655 οὐκ
317 2581 361 2654 άν
375 2589 579 2672 δυνηθείητε
591 2584 716 2672 ταχέιος
730 2581 902 2673 ἀνεγεῖραι
918 2580 959 2658 τά
976 2587 1078 2669 τείχη·

73 2706 100 2748 τι
113 2681 312 2778 άσάμφορον
329 2683 363 2754 δ’
383 2683 468 2774 ὑμῖν
487 2685 540 2755 ἐπὶ
555 2683 641 2754 πολι)
656 2684 772 2772 μένειν
788 2681 852 2772 τήν
871 2683 971 2753 πόλιν
989 2680 1082 2752 άτεί-

112 2807 235 2874 χιστον.
272 2783 324 2856 διό
350 2788 588 2875 προστέτακται
611 2783 692 2874 παρ’
711 2783 809 2874 ήμάν
826 2781 1026 2874 προσθήκην
1044 2785 1081 2850 ἐν

113 2901 182 2967 τοῖς
207 2891 378 2974 δημοσίοις
403 2885 518 2976 φόροις
547 2887 708 2974 γενέσθαι
730 2885 867 2974 φόλλεις
898 2894 1003 2954 είκοσι
1027 2885 1083 2952 καὶ

113 2989 277 3076 τέσσαρας
302 2983 359 3075 ἐφ’
381 2985 507 3081 ἑκάστῳ
525 2987 713 3076 νομίσματι,
732 2992 790 3066 ἵνα
806 2985 936 3056 τούτων
953 2989 1000 3077 τῷ
1017 2991 1082 3072 βα-

114 3095 229 3182 σιλικῷ
259 3095 384 3183 ταμείῳ
414 3091 653 3180 παρεχομένων
682 3086 723 3157 τά
752 3085 991 3158 δποκλάσαντα
1014 3089 1114 3160 τάνΒ

76 3212 103 3254 το
116 3194 236 3278 τειχεόν
255 3187 549 3260 ’άνακαινισδάσιν
569 3192 601 3272 ἐξ
620 3187 851 3279 άναλυμάτυν
873 3183 1081 3276 βασιλικάυ.”

115 3297 226 3361 ἔκτοτε
249 3297 367 3360 τοίνυν
390 3293 447 3360 καὶ
471 3292 566 3380 μέχρι
592 3295 693 3360 τοῦδε
710 3288 731 3380 ἡ
751 3290 923 3376 εἴσπραξις
942 3287 1085 3377 ἐτεκρά·

113 3413 214 3480 τησεν
241 3387 336 3481 αὕτη.
379 3391 486 3473 οὕτως
510 3385 574 3462 οὖν
599 3393 653 3460 ἐπὶ
676 3397 767 3484 κακῷ
791 3395 851 3478 τῆς
874 3396 1040 3470 πολιτείας
1066 3386 1083 3456 ὁ
