2566 3812
331 264 332 268 ,
428 195 737 250 mmmm
1008 195 1071 260 m

96 333 254 424 Ἀννίβας
273 335 329 404 καὶ
353 331 372 405 δ
396 337 527 424 Μάχων
546 341 582 408 έκ
599 343 657 426 τῆς
672 331 810 418 Ἰταλίας
837 339 1000 420 ἐξέπεσον.
1038 343 1074 407 οί
1184 340 1189 349 ¹

100 438 164 526 μὲν
187 433 253 526 γάρ
273 433 398 506 ’ὕπατοι
421 442 468 530 τῷ
493 435 631 530 Ἀννίβᾳ
655 440 712 508 καὶ
741 445 788 532 τῷ
806 437 952 528 Μάγωνι
975 435 1070 510 άυτι-

100 549 320 626 καθίσταντο,
339 548 494 610 Σκιπίων
519 541 556 611 δὲ
572 539 634 630 τήν
656 567 693 610 τε
710 538 844 630 Λιβύην
868 539 989 612 ἐκάκου
1016 542 1070 610 καὶ

100 656 174 722 ταῖς
192 637 310 710 πόλεσι
328 643 545 731 προσέβαλλε.
583 639 646 712 κάν
663 639 770 734 τούτῳ
789 645 877 714 ναόν
895 649 1072 734 Καρχηδο-

72 750 182 811 ενίαν
200 741 314 830 λαβεδν
331 739 481 830 ἀφῆκεν,
509 745 579 814 ἐπεὶ
603 743 686 832 πρὸς
709 739 813 814 αὐτόν
832 747 886 814 ἐπὶ
909 751 1071 836 πρεσβείᾳ

102 841 323 931 ἀφικνεῖσθαι
350 841 546 916 ἐπλάσαυτο.
588 841 663 934 ήδει
686 846 747 933 μὲν
773 842 897 934 γάρτὸ
923 843 1069 934 πλάσμα,
1171 896 1175 920 ι

1 1021 2 1024 ¹
99 951 301 1035 προετίμησε
316 945 354 1014 δέ
370 945 407 1015 τὸ
426 943 470 1034 μή
491 951 717 1034 διαβληθῆναι
737 942 782 1028 ὡς
801 949 957 1037 πρέσβεις
976 975 1080 1016 κατε--

98 1043 239 1136 σχηκιός.
277 1049 334 1116 καὶ
352 1053 412 1116 τοῦ
427 1046 588 1137 Σόφακος
602 1045 802 1138 πράττοντος
817 1055 864 1118 ἐτι
882 1045 1073 1136 διαλλαγάς,

99 1145 188 1218 ὥστε
206 1150 242 1217 ἐκ
259 1151 318 1234 τῆς
337 1145 466 1238 Λιβόης
483 1151 546 1238 μέν
564 1147 623 1219 τόν
641 1158 836 1238 Σκιπίωνα,
854 1149 915 1220 τόν
935 1147 966 1218 δ’
991 1145 1070 1220 Ἀν-
1127 1164 1133 1177 ’

61 1278 87 1320 ιο
99 1257 203 1338 νίβαυ
219 1253 255 1318 ἐκ
269 1252 325 1338 τῆς
341 1245 481 1333 Ἰταλίας
499 1249 637 1341 άπᾶραι,
656 1253 789 1334 ἐδέξατο
807 1248 865 1322 τόν
879 1249 991 1340 λόγον,
1009 1248 1071 1340 οὐχ

101 1345 147 1433 ως
165 1348 332 1421 πιστεύων
350 1349 460 1447 αὐτῷ,
485 1357 544 1422 ἵνα
569 1352 611 1422 δέ.
625 1349 736 1444 σφήλη
762 1347 875 1422 αὐτόν.
912 1357 980 1422 τῶν
1007 1343 1071 1442 γάρ
1168 1411 1173 1418 .

100 1456 313 1541 στρατιωτῶν
339 1450 458 1523 άλλοτε
482 1451 603 1535 ἄλλους
628 1453 711 1523 κατά
734 1451 797 1541 τὴν
820 1461 889 1524 τῶν
913 1458 1072 1524 σπονδῶν

100 1552 277 1643 πρόφασιν
304 1557 336 1636 ἐς
366 1554 403 1624 τὸ
429 1548 656 1646 στρατόπεδον
677 1553 714 1624 τὸ
736 1559 804 1626 των
827 1561 1104 1646 Καρχηδονίωνυ

100 1658 244 1745 πέμπων
262 1657 317 1724 καὶ
335 1655 371 1726 τὸ
388 1663 449 1726 τοῦ
468 1655 649 1746 Σόφακος,
676 1659 748 1726 ἐπεὶ
766 1661 887 1728 ἐκείνοι
905 1655 1014 1728 πάντα
1030 1654 1071 1726 τά

59 1785 86 1826 15
99 1755 177 1846 παρ’
197 1751 310 1838 αότοῑς
324 1760 581 1848 κατεσκέψαντο,
599 1756 662 1847 τήν
675 1756 842 1846 σόμβασιν
855 1755 908 1828 ἀπ’
929 1756 1072 1848 εὐλόγου

101 1857 148 1948 δή
163 1885 255 1939 τινος
272 1857 437 1948 σκήψεως,
456 1857 564 1940 ἄλλως
577 1887 614 1931 τε
627 1862 683 1929 καὶ
701 1855 782 1930 ὅτιὸ
797 1860 918 1949 Σόφαξ
937 1863 1071 1949 ἐπιβου-

100 1959 213 2031 λεόωυ
228 1959 389 2050 ἐφωράθη
407 1965 454 2055 τῷ
467 1967 675 2053 Μασινίσσηι,
696 1960 922 2052 διεκρούσατο.
951 1959 1072 2043 νυκτός

103 2057 139 2131 δ’
155 2053 260 2149 ἦλθεν
273 2069 320 2144 είς
338 2061 379 2132 τά
397 2061 606 2154 στρατόπεδα
624 2061 736 2132 αὐτῶν
754 2060 794 2132 οό
808 2061 899 2132 πάνυ
917 2059 1071 2149 ἀλλήλων

102 2165 270 2252 διέχοντα,
289 2166 431 2252 καὶπῦρ
449 2167 482 2246 ἐς
499 2163 536 2234 τό
549 2166 610 2234 τοῦ
630 2160 843 2251 Ἀσδροόβου
861 2162 1072 2250 πολλαχόθεν

62 2262 173 2354 τοάμα
196 2263 353 2352 ὑπέβαλε.
395 2268 451 2334 καὶ
477 2267 728 2356 ἐμπρησθέντος
753 2269 858 2356 ῥᾷστα
882 2259 1005 2350 αὐτοῦ,
1036 2267 1072 2332 ἐκ

99 2365 166 2456 γὰρ
197 2366 345 2456 καλάμης
375 2369 434 2455 καὶ1
464 2370 499 2436 ἐκ
522 2364 707 2456 φυλλάδων
738 2367 934 2455 ἐπεποίηντο
959 2361 1072 2444 αὐτοῖς

100 2474 141 2538 αλ
171 2476 310 2556 σκηναί,
341 2460 378 2538 οί
403 2495 439 2538 τε
465 2465 692 2560 Καρχηδόνιοι
721 2473 831 2548 κακῶς
866 2463 1071 2556 ἀπήλλαξαν,

100 2571 159 2640 καὶ
173 2575 209 2638 ολ
223 2571 299 2660 περὶ
312 2570 372 2640 τὸν
382 2567 528 2659 Σόφακα
541 2575 710 2658 βοηθήσοι
724 2565 838 2650 αὐτοῖς
852 2566 1072 2659 ἐθελήσαντες

1 2683 2 2688 ’
100 2687 172 2752 τοῖς
202 2697 239 2740 τε
261 2666 429 2760 Ῥωμαίοις
453 2687 523 2752 τοῖς
553 2675 767 2762 περιέχουσιν
798 2674 996 2762 περιέπεσον
1015 2672 1071 2740 καὶ

61 2799 88 2840 τε
101 2770 201 2842 αὐτοὶ
218 2769 404 2862 άποόλουτο,
422 2773 478 2847 καὶ
496 2771 532 2842 τὸ
550 2772 775 2870 στρατόπεδον
788 2770 1173 2862 προσενεπρήσθηΡ1439
1281 2809 1282 2812 ¹

102 2873 229 2960 αὐτῶν,
247 2875 304 2943 καὶ
323 2873 525 2964 ἐφθάρησαν
541 2877 658 2944 πολλοὶ
675 2876 732 2944 καὶ
750 2879 846 2945 ἵπποι
864 2875 920 2943 καὶ
938 2869 1072 2962 άυθρω

99 3001 169 3044 ποι.
206 2979 241 3044 οί
257 2973 408 3064 Ῥωμαῖοι
429 2964 470 3046 Ιδέ
493 2979 597 3046 ταῦτα
621 2973 836 3063 πεποιηκότες
860 2971 982 3054 νυκτός
1009 2973 1073 3060 μέν

101 3071 208 3146 οόδέν
225 3085 373 3166 ἐπαθον,
397 3073 520 3167 ἡμέρας
540 3075 572 3146 δ’
599 3075 830 3166 ἐπιφαυσάσης
842 3072 973 3164 Ἴβηρες
998 3069 1072 3164 άρτι

103 3184 348 3267 Καρχηδονίοις
380 3181 433 3248 ἐπὶ
464 3186 635 3270 συμμαχίᾳ
671 3174 827 3257 ἐλθόντες
861 3177 1071 3266 προσέπεσον

61 3275 219 3360 ωαότοῖς
238 3276 481 3369 ἀπροσδόκητοι
499 3283 555 3350 καὶ
573 3275 718 3371 πολλοὺς
735 3274 943 3350 άπέκτειυαν.
1106 3353 1108 3356 ,

183 3378 302 3464 Εόθός
319 3371 383 3452 οόν
402 3377 609 3471 Ἀσδρούβας
626 3381 689 3471 μὲν
708 3387 755 3462 είς
779 3381 840 3469 τήν
858 3377 1071 3470 Καρχηδόνα,

103 3479 228 3570 Σόφαξ
259 3483 296 3552 δέ
319 3491 434 3554 οἶκαδε
464 3480 690 3573 άπεχωρησεν.
731 3475 748 3551 ὁ
780 3485 820 3552 δέ
832 3509 886 3570 ’με
918 3487 1073 3550 Σκιπίων
