2566 3812
224 161 289 227 220
539 161 700 218 L1B.v111.
720 159 797 212 σεε.
809 159 882 212 xv1.

225 304 329 393 νηοὶυ,
343 304 548 391 μετέστησαν
562 302 596 382 ές
608 299 668 382 τάς
676 297 830 390 πρύμνας
843 302 879 369 οί
889 305 948 370 τού
961 296 1193 389 πληρώματος,

224 406 281 475 καὶ
310 400 416 486 οὕτως
447 407 484 472 αί
510 406 641 495 πρῷραι
665 413 904 491 κουφισθεῖσαι
932 398 1107 491 άτιρηραν
1135 397 1195 484 τάς

193 523 195 528 ’
225 502 378 593 άλύσεις,
403 495 503 586 αὖθις
522 500 556 572 δ’
577 507 609 584 ἐς
627 499 685 585 τάς
707 500 844 596 πρῴρας
868 500 981 572 αὐτόν
1004 507 1195 592 μεταπηδη-

226 605 359 678 σάντων
388 611 426 676 αἱ
453 602 604 695 πρύμναι
632 609 701 676 τάν
724 606 866 694 σκαφῶν
889 606 1194 694 ἐμετεωρίσθησαν.

226 710 282 780 καὶ
301 708 537 798 διεξέδραμου,
561 707 616 776 καὶ
640 703 723 796 μετά
740 699 934 800 τοῦτοῖπερὶ
956 703 993 776 τό
1010 703 1222 798 Πάνορμουν

124 810 329 881 ιν1164υαυσὶ
346 813 600 898 Καρχηδονίους
619 809 786 896 ἐνίκησαν.

263 983 267 990 ,
304 913 349 982 οί
372 905 405 979 δ’
423 906 561 998 ὕπατοι,
586 910 756 990 Μέτελλος
779 908 841 998 μέν
859 913 1032 987 Καικίλιος
1055 908 1133 999 περὶ
1156 909 1195 979 τό

225 1008 410 1100 Λιλύβαιον
433 1004 493 1099 ἦν,
523 1012 714 1101 Νουμέριος
739 1010 777 1080 δὲ
802 1007 928 1098 Φάβιος
957 1011 1004 1103 τῷ
1025 1006 1194 1104 Δρεπάνην

225 1111 436 1204 προσήδρευε
449 1114 506 1181 καὶ
514 1109 736 1200 ἐπεβούλευσε
748 1114 790 1202 τῇ
800 1114 972 1201 υησῐδιττῄ
982 1108 1126 1182 Πολιάδι
1133 1138 1196 1180 κα-

193 1218 386 1306 ὒλονμένη,
401 1215 708 1305 προαατειλημμένη
723 1210 813 1303 παρά
825 1218 1081 1303 Καρχηδονίων,
1097 1233 1194 1304 στρα-
1210 1239 1235 1280 ιο

227 1313 346 1403 τιάτας
363 1317 496 1404 πέμψας
514 1312 651 1402 νυκτός,
674 1322 710 1384 οδ
724 1313 802 1395 τοὺς
820 1310 989 1406 φρουρούς
1007 1319 1196 1396 κτείναντες

126 1499 128 1503 ,
226 1417 289 1506 την
307 1421 412 1504 νῆσον
430 1411 530 1486 εἷλον.
566 1411 724 1506 δμαθιδυ
737 1413 893 1506 Ἀμίλκας
910 1418 1019 1487 ἕωθεν
1036 1431 1105 1496 τοῖς
1124 1421 1195 1486 δια·

228 1517 410 1607 βεβηκόσιν
435 1519 591 1588 ἐπέθετο·
609 1513 667 1598 ὀἷς
689 1512 763 1595 ούκ,
778 1523 865 1607 ἔχων
888 1513 1013 1606 άμῦυαι
1029 1514 1048 1586 ό
1067 1513 1195 1604 Φάβιος

228 1623 273 1711 τῷ
288 1615 458 1712 Δρεπάνην
473 1619 681 1708 προσέμιξεν,
701 1617 745 1700 ὡς
762 1614 783 1707 ἢ
800 1617 863 1707 την
875 1617 979 1688 πόλινΙ
988 1614 1035 1688 δι’
1055 1623 1195 1709 ἐρημίαν

228 1717 379 1810 αἱρήσων
396 1711 489 1807 ἦτῆς
503 1715 610 1806 νήσου
623 1719 682 1790 τόν
695 1719 855 1809 Ἀμίλκαν
869 1715 1014 1802 άπάξων.
1039 1721 1095 1790 καὶ
1110 1716 1191 1808 ι’χυύ-
1208 1745 1233 1786 ιο

155 1813 162 1826 ’
228 1832 296 1908 σθη
314 1819 351 1892 τό
370 1823 424 1891 ἕν·
444 1822 610 1910 φοβηθείς
628 1820 691 1910 γάρ
709 1819 727 1892 ὁ
742 1817 898 1912 ’Λμίλκας
915 1817 1129 1913 άυεχάρησεν
1147 1828 1194 1902 είς

227 1918 264 1991 τό
281 1937 397 2010 τεῖχος.
423 1920 510 1992 καλό
526 1918 653 2011 Φάβιος
670 1919 733 2011 την
750 1919 903 1994 Πελιάδα
920 1923 1068 2013 κατέσχε,
1087 1924 1143 1992 καὶ
1155 1921 1193 1992 τό
1273 1957 1275 2010 η

227 2023 349 2116 μεταξύ
366 2022 488 2113 ταύτης
513 2025 570 2093 καί
593 2027 652 2112 τῆς
669 2021 811 2116 ἠπείρου
829 2024 948 2096 στενὸν
971 2025 1028 2094 καὶ
1051 2027 1194 2112 τευαχά·

229 2130 284 2206 δες
309 2123 478 2216 τυγχάνον
495 2124 670 2216 συχχάμας
687 2123 875 2216 ἡπείρωσε,
899 2127 956 2196 καὶ
973 2129 1058 2218 ῥᾷον
1075 2146 1194 2217 προσε·

227 2229 365 2316 πολίμει
388 2230 448 2297 τοῦ
473 2233 603 2316 τείχους
629 2229 699 2298 ἐκεῖ
719 2223 816 2308 ὄντος
839 2224 1094 2318 ἀσθενεστέρου.
1136 2227 1230 2296 καίεο

228 2333 264 2397 οί
279 2325 506 2417 Καρχηδόνιοι
524 2327 632 2419 συχνά
649 2325 870 2419 ταρελύπουν
887 2325 1009 2410 αύτούς
1028 2335 1075 2409 είς
1092 2338 1195 2400 Σικε-

193 2449 218 2498 Ι)
231 2434 307 2497 λίαν
331 2455 368 2496 τε
385 2432 619 2516 περιπλέοντες
642 2431 699 2500 καὶ
724 2437 772 2512 είς
788 2427 851 2518 τὴν
871 2429 1014 2500 Ἰταλίαν
1037 2427 1196 2520 περαιού-

227 2555 331 2616 μενοι.
373 2526 452 2610 τούς
482 2528 513 2600 δ’
542 2528 770 2621 αίχμαλάτους
803 2529 958 2620 ἀλλήλων
987 2528 1097 2622 ἄνδρα
1120 2526 1194 2602 ἄντ’

228 2626 355 2720 άνδρός
379 2627 581 2720 ἠλλάξαντο·
607 2629 685 2714 τούς
709 2633 747 2703 δέ
772 2630 927 2722 λοιπούς,
956 2634 1025 2702 ἐπεὶ
1044 2631 1089 2723 μὴ
1108 2621 1196 2720 ἦσαν

229 2736 441 2822 ἰσοπληθεῖς,
462 2731 626 2824 άργυρίου
645 2738 679 2804 οί
695 2731 920 2826 Καρχηδόνιοι
939 2738 1142 2824 ἐκομίσαντο.
1207 2753 1232 2794 2⁶

294 2828 429 2904 ’Έκτοτε
452 2833 491 2904 δέ
515 2834 671 2926 διάφοροι
698 2835 761 2925 μέν
785 2833 998 2924 ὑπάτευσαν,
1028 2831 1130 2906 οὐδὲν
1158 2835 1196 2906 δὲ

228 2926 546 3026 ίστορίαςέπραξαν
578 2931 686 3020 άξιου·
716 2938 872 3026 μέγιστον
898 2936 964 3027 γάρ
987 2940 1022 3006 οί
1043 2934 1196 3026 Ῥωμαῖοι

228 3035 433 3123 έσφάλλοπο
456 3035 506 3108 ὅτι
530 3033 604 3108 κατ’
626 3035 780 3110 ἐνιαυτόν
797 3037 938 3127 άλλους,
964 3033 1034 3126 τίδ’
1061 3039 1197 3128 ἑτέρους

226 3131 388 3224 άρχουτας
407 3145 572 3228 ἔπεμπον,
596 3135 672 3230 άρτι
694 3139 731 3210 δὲ
752 3136 815 3228 τὴν
838 3145 1041 3231 στρατηγίαν
1063 3136 1196 3228 μανθά-

226 3264 346 3318 νοντας
363 3239 421 3326 τῆς
439 3235 543 3330 άρχῆς
562 3247 706 3327 ἔπαυον,
732 3237 845 3331 ὥσπερ
864 3247 911 3323 είς
930 3238 1073 3330 άσκησιν
1091 3247 1194 3332 σφᾶς,
1208 3255 1234 3298 ⁸⁰

225 3331 297 3406 ἄλλ’
319 3337 381 3408 ούκ
399 3347 446 3420 είς
463 3345 581 3429 χρησιν
599 3339 802 3431 αἱρούμενοι.

305 3443 349 3507 Οί
364 3438 512 3511 Γαλάται
531 3443 568 3512 δέ
585 3459 654 3525 τοῖς
668 3449 913 3534 Καρχηδονίοις
931 3446 1197 3533 συμμαχοῦντες,
