2562 3814
350 131 352 136 “
464 146 608 202 L1Bv11
627 145 1100 216 0AP·X1·117

128 282 215 374 υἱός,
241 273 285 354 ού
308 283 368 354 τὸν
356 285 511 407 πατέρα
533 283 647 356 καὶ
612 315 672 358 τον
695 285 882 377 άύελφόυ
867 318 885 360 ο
915 289 1134 381 Ταρκύνιοςσ

128 395 289 458 ἔκτεινεν.
327 375 425 468 οὗτος
448 376 510 456 οὖν
534 385 590 458 καὶ
617 389 738 478 περΓ
721 393 829 483 εαυτῷ
855 391 1020 473 δεδωκάς
1030 423 1101 482 μω-

128 495 212 613 ρίαν
226 485 511 577 προσεποιήσατο,
525 486 660 578 ταύτην
685 493 808 562 ἑαυτοῦ
831 491 1099 584 προστησάμενος

128 589 313 678 σώτειραν
335 587 386 659 διὸ
404 591 461 660 καὶ
477 595 624 682 Βροῦτος
642 591 826 682 ἐπεκλήθη
845 593 924 676 τοὺς
942 593 1005 717 γάρ
1024 591 1100 684 εύή-

106 705 207 772 ιθεις
226 688 315 761 οὕτω
338 705 408 771 τοῖς
430 699 587 774 Λατίνοις
613 700 691 776 ἔθος
713 703 840 765 καλεῖν.
877 694 1100 786 πλαττόμενος

136 783 200 861 οὖν
216 791 271 861 τὸν
286 799 517 882 μωραίνοντα,
540 809 609 876 τοῖς
625 801 685 864 τού
708 803 899 884 Ταρκυνίου
917 801 1034 868 παισὶν
1052 805 1099 880 είς

133 894 290 1018 Δελφούς
313 891 450 965 ἀπιοῦσι
474 891 796 986 συμπαρελήφθη
771 925 816 978 ως
840 895 988 988 άθνρμα.
1025 899 1100 968 ὁδε

129 997 186 1066 καὶ
202 993 365 1084 άνάθημα
382 997 499 1085 φέρειν
517 1001 612 1085 ἔλεγε
629 1025 674 1090 τφ
663 999 771 1092 θεῷ·
791 1027 828 1069 το
817 989 917 1068 *⁸6
896 1027 940 1088 ην
955 997 1100 1090 βάκτρου
1176 1057 1179 1065 .

127 1097 289 1186 τιμηθέν
308 1100 344 1166 έκ
361 1099 423 1167 τού
444 1099 651 1187 φαινομένου
670 1105 747 1188 ἔχον
764 1099 918 1188 χρηστόν,
942 1101 1026 1172 ὅθεν
1043 1103 1100 1171 καὶ

89 1230 114 1268 ιο
129 1201 184 1269 έπὶ
202 1195 312 1291 τούτῳ
332 1193 525 1287 ὠφλίσκανε
548 1200 685 1288 γέλωτα.
725 1199 762 1270 τό
790 1198 821 1269 θ’
845 1191 885 1290 ήυ
906 1198 981 1272 οἷον
999 1201 1099 1272 ελκύν

126 1329 177 1382 τις
196 1303 256 1388 τής
275 1297 348 1370 κατ’
363 1297 469 1371 αύτὸν
481 1299 749 1389 προσποιήσεως·
768 1299 924 1384 κοιλάνας
940 1299 1004 1392 γάρ
1019 1298 1100 1372 αύτὸ

126 1399 245 1494 λάθρᾳ
263 1408 403 1492 χρυσίου
422 1403 569 1493 ἐνέχεεν,
590 1399 846 1492 ἐνδεικνύμενος
866 1398 912 1472 δι’
932 1401 1036 1472 αύτού
1056 1401 1135 1486 ύςῑ)

128 1507 189 1573 καὶ
212 1496 249 1573 τὸ
276 1500 433 1595 φρόνημα
456 1500 547 1598 αύτῷ
570 1510 617 1598 τῷ
639 1508 698 1594 τής
724 1511 853 1596 μωρίας
876 1501 983 1598 άτίμςο
1011 1510 1100 1599 σῷον

129 1605 190 1674 καὶ
209 1609 342 1694 ἔντιμον
366 1603 639 1694 κατακρύπτεται.
677 1607 845 1697 ἐρομένων
869 1606 907 1676 δὲ
923 1609 992 1676 των
1015 1617 1099 1698 Ταρ-

89 1735 116 1775 1⁵
129 1712 254 1776 κυνίον
271 1709 358 1776 υίῶυ
375 1713 425 1787 τίς
447 1704 510 1794 τήν
527 1713 703 1795 βασιλείαν
726 1711 788 1778 τού
805 1706 928 1800 πατρὸς
951 1711 1100 1791 διαδέξε-

128 1837 201 1897 ται,
227 1815 367 1897 ἔχρησεν
384 1804 402 1877 ὁ
420 1805 500 1890 θεὸς
527 1805 588 1878 τόν
610 1814 743 1900 πρῶτον
767 1805 828 1899 τήν
852 1811 977 1900 μητέρα
1001 1806 1099 1900 φιλή-

129 1933 239 1980 σαντα
255 1907 293 1978 τὸ
310 1905 432 1998 κράτος
449 1911 545 1992 ἕξειν.
578 1911 634 1980 καὶ
652 1913 766 1993 συνεὶς
783 1905 962 2002 ὁΒρούτος
981 1909 1026 1990 ὥς
1042 1939 1099 1980 τυ-

130 2019 234 2100 χαίως
258 2009 456 2080 καταπεσων
480 2007 542 2099 τήν
564 2017 630 2100 μήν
647 2019 889 2100 κατεφίλησεν,
914 2009 1022 2098 αὐτήν
1039 2039 1099 2099 μη·
1132 2019 1135 2026 “

128 2115 212 2204 τέρα
229 2109 366 2182 πάντων
383 2109 548 2201 ὑπάρχειν
564 2119 683 2201 κρίνας
699 2107 821 2199 ὀρθοῖς.

89 2243 117 2283 εο
214 2203 360 2294 ούτος’
345 2241 363 2282 ο
385 2217 533 2304 Βρούτος
562 2212 640 2294 τούς
670 2217 880 2303 Ταρκυνίους
905 2211 1099 2298 κατέλυσεν,
1220 2228 1222 2231 ’

130 2321 247 2386 αἰτίαν
275 2311 312 2384 τὰ
340 2315 419 2406 περὶ
447 2311 509 2402 τήν
532 2320 746 2404 Λουκρητίαν
778 2305 989 2436 συμβεβημός
1022 2335 1102 2400 προ·

129 2414 352 2504 στησάμενος,
366 2417 420 2485 καλ
433 2411 541 2496 άλλως
554 2419 777 2506 μισουμένους
791 2410 880 2505 παρά
893 2411 1030 2484 πάντων
1045 2412 1101 2482 διά

128 2517 168 2588 τὸ
186 2515 391 2605 τυραννικόν
408 2543 445 2587 τε
462 2519 518 2587 καὶ
536 2523 656 2606 βίαιον.
692 2511 713 2605 ή
734 2517 770 2586 δὲ
784 2522 976 2607 Λουκρητία
994 2511 1100 2602 θυγά-

127 2647 196 2708 τηρ
219 2619 281 2708 μέν
304 2608 346 2707 ήν
363 2625 575 2707 Λουκρητίου
593 2625 786 2707 Σπουρίου,
811 2614 935 2708 ἀνδρὸς
958 2622 1025 2686 τῶν
1042 2618 1100 2704 τής

86 2748 115 2788 ετ
130 2719 325 2808 συγκλήτου
351 2717 442 2808 ἑνός,
467 2717 593 2808 γαμετή
617 2719 655 2790 δὲ
672 2725 880 2790 Κολλατίνου
908 2723 1203 2810 ΤαρκυνίουΡ1333

130 2826 203 2891 τῶν
221 2823 408 2910 ἐπιφανῶν,
428 2825 486 2892 έπί
500 2849 536 2890 τε
554 2818 667 2891 κάλλει
685 2823 740 2892 καὶ
757 2817 963 2911 σωφροσύνη
981 2813 1102 2906 τυγχά-
1276 2837 1277 2840 ’

130 2945 243 2993 νουσα
260 2920 464 3012 περιβόητος
500 2919 625 3011 ταύτην
643 2923 765 3026 Σέξτος
789 2919 807 2991 6
828 2922 890 2990 τού
912 2923 1103 3008 Ταρκυνίου

129 3021 209 3105 υίύς
226 3025 386 3148 αἰσχύνοι
404 3020 604 3113 σπούδασμα
622 3030 736 3112 ἔθετο,
759 3017 823 3110 ούχ
840 3017 928 3090 οὕτω
945 3045 1005 3088 του
991 3013 1102 3088 κάλ-

130 3135 214 3206 λους
233 3121 335 3214 αύτής
354 3120 550 3216 έρασθεὶς”
529 3145 611 3195 οσον
634 3131 675 3216 τή
698 3127 753 3195 έπὶ
779 3127 823 3216 τῷ
846 3117 996 3213 σώφρονι
1022 3117 1101 3210 θόξη

85 3253 115 3295 το
131 3223 369 3314 ἐπιβουλεύων
398 3222 511 3316 αύτής.
549 3213 765 3319 τηρτῇας
723 3254 786 3297 ουν
811 3221 872 3295 τὸν
895 3231 1104 3294 Κολλατῖνον

202 3391 237 3440 26
254 3381 305 3442 ίπί
314 3406 346 3442 τι
358 3381 460 3442 κάλλει
471 3418 505 3429 -
517 3408 543 3458 p
556 3394 614 3455 118,
624 3393 658 3442 20
670 3384 853 3442 κατέκτεινεν
864 3379 989 3455 ἑαυτήν]
1004 3387 1041 3437 Di
1043 3384 1104 3435 onis

129 3461 237 3524 fragm.
252 3459 291 3521 11,
307 3459 419 3511 13-19.
