<?xml version="1.0" encoding="UTF-8"?>
<!DOCTYPE html PUBLIC "-//W3C//DTD XHTML 1.0 Transitional//EN"
    "http://www.w3.org/TR/xhtml1/DTD/xhtml1-transitional.dtd">
<html xmlns="http://www.w3.org/1999/xhtml" xml:lang="en" lang="en">
 <head>
  <title>
</title>
<meta http-equiv="Content-Type" content="text/html;charset=utf-8" />
  <meta name='ocr-system' content='tesseract 3.04.00' />
  <meta name='ocr-capabilities' content='ocr_page ocr_carea ocr_par ocr_line ocrx_word'/>
</head>
<body>
  <div class='ocr_page' id='page_1' title='image "./iannoutouznapae01canggoog_0195.png"; bbox 0 0 2562 3814; ppageno 0'>
   <div class='ocr_carea' id='block_1_1' title="bbox 190 137 866 204">
    <p class='ocr_par' dir='ltr' id='par_1_1' title="bbox 190 137 866 204">
     <span class='ocr_line' id='line_1_1' title="bbox 190 137 866 204; baseline -0.016 0"><span class='ocrx_word' id='word_1_1' title='bbox 190 137 251 204; x_wconf 85' lang='lat'><strong><em>188</em></strong></span> <span class='ocrx_word' id='word_1_2' title='bbox 478 141 549 191; x_wconf 75' lang='lat' dir='ltr'><strong><em>mn.</em></strong></span> <span class='ocrx_word' id='word_1_3' title='bbox 569 140 644 191; x_wconf 87' lang='lat' dir='ltr'>v111.</span> <span class='ocrx_word' id='word_1_4' title='bbox 670 137 747 193; x_wconf 76' lang='grc' dir='ltr'><strong><em>σεε.</em></strong></span> <span class='ocrx_word' id='word_1_5' title='bbox 765 141 799 193; x_wconf 83' lang='grc' dir='ltr'><strong><em>ν.</em></strong></span> <span class='ocrx_word' id='word_1_6' title='bbox 817 139 866 193; x_wconf 78' lang='lat' dir='ltr'><strong><em>vi.</em></strong></span> 
     </span>
    </p>
   </div>
   <div class='ocr_carea' id='block_1_2' title="bbox 145 273 1199 3005">
    <p class='ocr_par' dir='ltr' id='par_1_2' title="bbox 189 273 1160 673">
     <span class='ocr_line' id='line_1_2' title="bbox 189 273 1157 373; baseline -0.002 -23"><span class='ocrx_word' id='word_1_7' title='bbox 189 277 273 350; x_wconf 79' lang='grc' dir='ltr'><strong><em>ἄλλα</em></strong></span> <span class='ocrx_word' id='word_1_8' title='bbox 296 276 540 368; x_wconf 78' lang='grc' dir='ltr'><strong><em>ποιησόμενον,</em></strong></span> <span class='ocrx_word' id='word_1_9' title='bbox 565 276 666 373; x_wconf 77' lang='grc' dir='ltr'><strong><em>αὐτὸς</em></strong></span> <span class='ocrx_word' id='word_1_10' title='bbox 691 278 729 348; x_wconf 76' lang='grc' dir='ltr'><strong><em>δέ</em></strong></span> <span class='ocrx_word' id='word_1_11' title='bbox 755 275 800 358; x_wconf 77' lang='grc' dir='ltr'><strong><em>ὥς</em></strong></span> <span class='ocrx_word' id='word_1_12' title='bbox 819 273 875 348; x_wconf 80' lang='grc' dir='ltr'><strong><em>διδ</em></strong></span> <span class='ocrx_word' id='word_1_13' title='bbox 892 279 1033 368; x_wconf 89' lang='grc' dir='ltr'><strong><em>βραχέος</em></strong></span> <span class='ocrx_word' id='word_1_14' title='bbox 1052 280 1157 348; x_wconf 88' lang='grc' dir='ltr'><strong><em>έπαυ-</em></strong></span> 
     </span>
     <span class='ocr_line' id='line_1_3' title="bbox 189 376 1158 470; baseline -0.002 -18"><span class='ocrx_word' id='word_1_15' title='bbox 189 380 279 470; x_wconf 79' lang='grc' dir='ltr'><strong><em>ηξων</em></strong></span> <span class='ocrx_word' id='word_1_16' title='bbox 296 376 495 452; x_wconf 80' lang='grc' dir='ltr'><strong><em>ἀπέπλευσε.</em></strong></span> <span class='ocrx_word' id='word_1_17' title='bbox 539 381 595 450; x_wconf 87' lang='grc' dir='ltr'><strong><em>καί</em></strong></span> <span class='ocrx_word' id='word_1_18' title='bbox 613 385 682 450; x_wconf 78' lang='grc' dir='ltr'><strong><em>τῶν</em></strong></span> <span class='ocrx_word' id='word_1_19' title='bbox 699 385 947 468; x_wconf 74' lang='grc' dir='ltr'><strong><em>Συρακουσίων</em></strong></span> <span class='ocrx_word' id='word_1_20' title='bbox 966 380 1158 468; x_wconf 79' lang='grc' dir='ltr'><strong><em>δεξαμένων</em></strong></span> 
     </span>
     <span class='ocr_line' id='line_1_4' title="bbox 189 477 1160 575; baseline -0.002 -23"><span class='ocrx_word' id='word_1_21' title='bbox 189 481 293 554; x_wconf 82' lang='grc' dir='ltr'><strong><em>αὐτὸν</em></strong></span> <span class='ocrx_word' id='word_1_22' title='bbox 310 483 367 552; x_wconf 84' lang='grc' dir='ltr'><strong><em>καὶ</em></strong></span> <span class='ocrx_word' id='word_1_23' title='bbox 384 479 493 552; x_wconf 78' lang='grc' dir='ltr'><strong><em>πάντα</em></strong></span> <span class='ocrx_word' id='word_1_24' title='bbox 511 477 605 575; x_wconf 75' lang='grc' dir='ltr'><strong><em>αὐτῷ</em></strong></span> <span class='ocrx_word' id='word_1_25' title='bbox 621 477 842 570; x_wconf 83' lang='grc' dir='ltr'><strong><em>ἆναθεμένων</em></strong></span> <span class='ocrx_word' id='word_1_26' title='bbox 865 481 967 571; x_wconf 68' lang='grc' dir='ltr'><strong><em>μέγας</em></strong></span> <span class='ocrx_word' id='word_1_27' title='bbox 985 482 1023 550; x_wconf 88' lang='grc' dir='ltr'><strong><em>έν</em></strong></span> <span class='ocrx_word' id='word_1_28' title='bbox 1039 488 1160 570; x_wconf 76' lang='grc' dir='ltr'><strong><em>βραχεῖ</em></strong></span> 
     </span>
     <span class='ocr_line' id='line_1_5' title="bbox 190 574 1157 673; baseline -0.002 -19"><span class='ocrx_word' id='word_1_29' title='bbox 190 574 291 667; x_wconf 85' lang='grc' dir='ltr'><strong><em>αὖθις</em></strong></span> <span class='ocrx_word' id='word_1_30' title='bbox 309 585 458 672; x_wconf 74' lang='grc' dir='ltr'><strong><em>ἐγένετο,</em></strong></span> <span class='ocrx_word' id='word_1_31' title='bbox 477 579 563 654; x_wconf 76' lang='grc' dir='ltr'><strong><em>ὥστε</em></strong></span> <span class='ocrx_word' id='word_1_32' title='bbox 579 582 658 663; x_wconf 83' lang='grc' dir='ltr'><strong><em>τούς</em></strong></span> <span class='ocrx_word' id='word_1_33' title='bbox 671 588 925 673; x_wconf 74' lang='grc' dir='ltr'><strong><em>Καρχηδονίους</em></strong></span> <span class='ocrx_word' id='word_1_34' title='bbox 941 584 1157 672; x_wconf 77' lang='grc' dir='ltr'><strong><em>φοβηθέντας</em></strong></span> 
     </span>
    </p>

    <p class='ocr_par' dir='ltr' id='par_1_3' title="bbox 145 679 1197 1283">
     <span class='ocr_line' id='line_1_6' title="bbox 145 679 1184 776; baseline -0.005 -18"><span class='ocrx_word' id='word_1_35' title='bbox 145 757 147 759; x_wconf 82' lang='grc'><strong>,</strong></span> <span class='ocrx_word' id='word_1_36' title='bbox 189 683 421 776; x_wconf 77' lang='grc' dir='ltr'><strong><em>μισθοφόρους</em></strong></span> <span class='ocrx_word' id='word_1_37' title='bbox 441 688 477 754; x_wconf 87' lang='grc' dir='ltr'><strong><em>έκ</em></strong></span> <span class='ocrx_word' id='word_1_38' title='bbox 493 687 551 775; x_wconf 74' lang='grc' dir='ltr'><strong><em>τῆς</em></strong></span> <span class='ocrx_word' id='word_1_39' title='bbox 562 681 702 765; x_wconf 90' lang='grc' dir='ltr'><strong><em>Ἰταλίας</em></strong></span> <span class='ocrx_word' id='word_1_40' title='bbox 719 689 934 772; x_wconf 77' lang='grc' dir='ltr'><strong><em>προσλαβεῖν.</em></strong></span> <span class='ocrx_word' id='word_1_41' title='bbox 972 679 1057 755; x_wconf 75' lang='grc' dir='ltr'><strong><em>ἀλλὰ</em></strong></span> <span class='ocrx_word' id='word_1_42' title='bbox 1072 681 1184 775; x_wconf 80' lang='grc' dir='ltr'><strong><em>ταχύε</em></strong></span> 
     </span>
     <span class='ocr_line' id='line_1_7' title="bbox 189 782 1158 880; baseline -0.001 -24"><span class='ocrx_word' id='word_1_43' title='bbox 189 787 271 875; x_wconf 83' lang='grc' dir='ltr'><strong><em>πρὸς</em></strong></span> <span class='ocrx_word' id='word_1_44' title='bbox 295 783 495 858; x_wconf 80' lang='grc' dir='ltr'><strong><em>τούναντίον</em></strong></span> <span class='ocrx_word' id='word_1_45' title='bbox 516 783 610 880; x_wconf 76' lang='grc' dir='ltr'><strong><em>αὐτῷ</em></strong></span> <span class='ocrx_word' id='word_1_46' title='bbox 626 786 781 874; x_wconf 77' lang='grc' dir='ltr'><strong><em>περιέστη</em></strong></span> <span class='ocrx_word' id='word_1_47' title='bbox 805 782 846 854; x_wconf 78' lang='grc' dir='ltr'><strong><em>τό</em></strong></span> <span class='ocrx_word' id='word_1_48' title='bbox 863 782 1041 875; x_wconf 78' lang='grc' dir='ltr'><strong><em>πράγματα</em></strong></span> <span class='ocrx_word' id='word_1_49' title='bbox 1057 791 1104 878; x_wconf 75' lang='grc' dir='ltr'><strong><em>τῷ</em></strong></span> <span class='ocrx_word' id='word_1_50' title='bbox 1121 811 1158 855; x_wconf 89' lang='grc' dir='ltr'><strong><em>τε</em></strong></span> 
     </span>
     <span class='ocr_line' id='line_1_8' title="bbox 190 883 1158 976; baseline -0.002 -18"><span class='ocrx_word' id='word_1_51' title='bbox 190 888 333 971; x_wconf 76' lang='grc' dir='ltr'><strong><em>πολλοὺς</em></strong></span> <span class='ocrx_word' id='word_1_52' title='bbox 363 891 431 958; x_wconf 77' lang='grc' dir='ltr'><strong><em>τῶν</em></strong></span> <span class='ocrx_word' id='word_1_53' title='bbox 462 891 499 958; x_wconf 93' lang='grc' dir='ltr'><strong><em>έν</em></strong></span> <span class='ocrx_word' id='word_1_54' title='bbox 523 889 610 958; x_wconf 86' lang='grc' dir='ltr'><strong><em>τέλει</em></strong></span> <span class='ocrx_word' id='word_1_55' title='bbox 632 885 710 968; x_wconf 82' lang='grc' dir='ltr'><strong><em>τούς</em></strong></span> <span class='ocrx_word' id='word_1_56' title='bbox 733 886 796 976; x_wconf 74' lang='grc' dir='ltr'><strong><em>μέν</em></strong></span> <span class='ocrx_word' id='word_1_57' title='bbox 819 883 994 974; x_wconf 77' lang='grc' dir='ltr'><strong><em>ἐξελάσαι,</em></strong></span> <span class='ocrx_word' id='word_1_58' title='bbox 1024 885 1103 967; x_wconf 80' lang='grc' dir='ltr'><strong><em>τούς</em></strong></span> <span class='ocrx_word' id='word_1_59' title='bbox 1121 887 1158 956; x_wconf 75' lang='grc' dir='ltr'><strong><em>δέ</em></strong></span> 
     </span>
     <span class='ocr_line' id='line_1_9' title="bbox 192 983 1158 1082; baseline -0.001 -23"><span class='ocrx_word' id='word_1_60' title='bbox 192 993 390 1080; x_wconf 69' lang='grc' dir='ltr'><strong><em>διαφθεῖραι</em></strong></span> <span class='ocrx_word' id='word_1_61' title='bbox 413 983 709 1078; x_wconf 70' lang='grc' dir='ltr'><strong><em>ὑποπτευομένους</em></strong></span> <span class='ocrx_word' id='word_1_62' title='bbox 733 983 834 1082; x_wconf 78' lang='grc' dir='ltr'><strong><em>αὐτῷ.</em></strong></span> <span class='ocrx_word' id='word_1_63' title='bbox 883 994 918 1059; x_wconf 85' lang='grc' dir='ltr'><strong><em>ολ</em></strong></span> <span class='ocrx_word' id='word_1_64' title='bbox 938 985 1003 1076; x_wconf 75' lang='grc' dir='ltr'><strong><em>γὰρ</em></strong></span> <span class='ocrx_word' id='word_1_65' title='bbox 1027 997 1158 1078; x_wconf 87' lang='grc' dir='ltr'><strong><em>Καρχη-</em></strong></span> 
     </span>
     <span class='ocr_line' id='line_1_10' title="bbox 191 1085 1159 1179; baseline -0.001 -18"><span class='ocrx_word' id='word_1_66' title='bbox 191 1089 316 1178; x_wconf 90' lang='grc' dir='ltr'><strong><em>δόνιοι,</em></strong></span> <span class='ocrx_word' id='word_1_67' title='bbox 343 1087 473 1172; x_wconf 88' lang='grc' dir='ltr'><strong><em>ἰδόντες</em></strong></span> <span class='ocrx_word' id='word_1_68' title='bbox 498 1087 603 1162; x_wconf 79' lang='grc' dir='ltr'><strong><em>αὐτόν</em></strong></span> <span class='ocrx_word' id='word_1_69' title='bbox 625 1087 708 1179; x_wconf 78' lang='grc' dir='ltr'><strong><em>μήτε</em></strong></span> <span class='ocrx_word' id='word_1_70' title='bbox 724 1106 797 1171; x_wconf 75' lang='grc' dir='ltr'><strong><em>ταῖς</em></strong></span> <span class='ocrx_word' id='word_1_71' title='bbox 814 1095 954 1171; x_wconf 78' lang='grc' dir='ltr'><strong><em>οἰκείαις</em></strong></span> <span class='ocrx_word' id='word_1_72' title='bbox 973 1085 1159 1179; x_wconf 77' lang='grc' dir='ltr'><strong><em>δυνάμεσιν</em></strong></span> 
     </span>
     <span class='ocr_line' id='line_1_11' title="bbox 191 1188 1197 1283; baseline -0.003 -21"><span class='ocrx_word' id='word_1_73' title='bbox 191 1195 381 1283; x_wconf 80' lang='grc' dir='ltr'><strong><em>ἐρρωμένον</em></strong></span> <span class='ocrx_word' id='word_1_74' title='bbox 397 1189 479 1281; x_wconf 82' lang='grc' dir='ltr'><strong><em>μήτε</em></strong></span> <span class='ocrx_word' id='word_1_75' title='bbox 495 1190 575 1272; x_wconf 79' lang='grc' dir='ltr'><strong><em>τούς</em></strong></span> <span class='ocrx_word' id='word_1_76' title='bbox 593 1193 791 1282; x_wconf 77' lang='grc' dir='ltr'><strong><em>ἐπιχωρίους</em></strong></span> <span class='ocrx_word' id='word_1_77' title='bbox 808 1188 854 1260; x_wconf 88' lang='grc' dir='ltr'><strong><em>δι’</em></strong></span> <span class='ocrx_word' id='word_1_78' title='bbox 876 1189 1010 1273; x_wconf 77' lang='grc' dir='ltr'><strong><em>εὐνοίας</em></strong></span> <span class='ocrx_word' id='word_1_79' title='bbox 1027 1197 1156 1281; x_wconf 80' lang='grc' dir='ltr'><strong><em>ἔχοντα,</em></strong></span> <span class='ocrx_word' id='word_1_80' title='bbox 1171 1217 1197 1259; x_wconf 82' lang='grc' dir='ltr'><strong><em>ιο</em></strong></span> 
     </span>
    </p>

    <p class='ocr_par' dir='ltr' id='par_1_4' title="bbox 158 1289 1159 1685">
     <span class='ocr_line' id='line_1_12' title="bbox 158 1289 1158 1384; baseline -0.001 -20"><span class='ocrx_word' id='word_1_81' title='bbox 158 1297 250 1364; x_wconf 82' lang='grc' dir='ltr'><strong><em>Βτοῦ</em></strong></span> <span class='ocrx_word' id='word_1_82' title='bbox 267 1293 414 1384; x_wconf 89' lang='grc' dir='ltr'><strong><em>πολέμου</em></strong></span> <span class='ocrx_word' id='word_1_83' title='bbox 431 1291 615 1383; x_wconf 77' lang='grc' dir='ltr'><strong><em>προθύμως</em></strong></span> <span class='ocrx_word' id='word_1_84' title='bbox 633 1290 873 1381; x_wconf 81' lang='grc' dir='ltr'><strong><em>ιἰντελολβοντο,</em></strong></span> <span class='ocrx_word' id='word_1_85' title='bbox 898 1295 955 1363; x_wconf 83' lang='grc' dir='ltr'><strong><em>καὶ</em></strong></span> <span class='ocrx_word' id='word_1_86' title='bbox 971 1289 1049 1375; x_wconf 80' lang='grc' dir='ltr'><strong><em>τούς</em></strong></span> <span class='ocrx_word' id='word_1_87' title='bbox 1067 1296 1158 1363; x_wconf 80' lang='grc' dir='ltr'><strong><em>ἐκπί-</em></strong></span> 
     </span>
     <span class='ocr_line' id='line_1_13' title="bbox 191 1391 1159 1485; baseline -0.001 -20"><span class='ocrx_word' id='word_1_88' title='bbox 191 1420 338 1477; x_wconf 87' lang='grc' dir='ltr'><strong><em>πτοντας</em></strong></span> <span class='ocrx_word' id='word_1_89' title='bbox 364 1398 433 1465; x_wconf 83' lang='grc' dir='ltr'><strong><em>τῶν</em></strong></span> <span class='ocrx_word' id='word_1_90' title='bbox 456 1399 702 1485; x_wconf 84' lang='grc' dir='ltr'><strong><em>Συρακουσίων</em></strong></span> <span class='ocrx_word' id='word_1_91' title='bbox 727 1391 898 1484; x_wconf 84' lang='grc' dir='ltr'><strong><em>δεχόμενοι</em></strong></span> <span class='ocrx_word' id='word_1_92' title='bbox 930 1393 1025 1464; x_wconf 79' lang='grc' dir='ltr'><strong><em>δεινοὶ</em></strong></span> <span class='ocrx_word' id='word_1_93' title='bbox 1056 1391 1159 1465; x_wconf 79' lang='grc' dir='ltr'><strong><em>αὐτόν</em></strong></span> 
     </span>
     <span class='ocr_line' id='line_1_14' title="bbox 192 1491 1159 1586; baseline -0.003 -19"><span class='ocrx_word' id='word_1_94' title='bbox 192 1493 408 1584; x_wconf 74' lang='grc' dir='ltr'><strong><em>εἰργάσαντο,</em></strong></span> <span class='ocrx_word' id='word_1_95' title='bbox 434 1491 519 1567; x_wconf 73' lang='grc' dir='ltr'><strong><em>ὥστε</em></strong></span> <span class='ocrx_word' id='word_1_96' title='bbox 542 1493 588 1586; x_wconf 80' lang='grc' dir='ltr'><strong><em>μὴ</em></strong></span> <span class='ocrx_word' id='word_1_97' title='bbox 611 1495 668 1578; x_wconf 80' lang='grc' dir='ltr'><strong><em>τοίς</em></strong></span> <span class='ocrx_word' id='word_1_98' title='bbox 686 1493 908 1586; x_wconf 78' lang='grc' dir='ltr'><strong><em>Συρακούσας</em></strong></span> <span class='ocrx_word' id='word_1_99' title='bbox 932 1493 1048 1585; x_wconf 87' lang='grc' dir='ltr'><strong><em>μόνον,</em></strong></span> <span class='ocrx_word' id='word_1_100' title='bbox 1074 1493 1159 1565; x_wconf 73' lang='grc' dir='ltr'><strong><em>ἀλλὰ</em></strong></span> 
     </span>
     <span class='ocr_line' id='line_1_15' title="bbox 191 1599 729 1685; baseline -0.002 -18"><span class='ocrx_word' id='word_1_101' title='bbox 191 1600 248 1667; x_wconf 86' lang='grc' dir='ltr'><strong><em>καλ</em></strong></span> <span class='ocrx_word' id='word_1_102' title='bbox 265 1599 327 1685; x_wconf 81' lang='grc' dir='ltr'><strong><em>τὴν</em></strong></span> <span class='ocrx_word' id='word_1_103' title='bbox 345 1603 507 1668; x_wconf 87' lang='grc' dir='ltr'><strong><em>Σικελίαν</em></strong></span> <span class='ocrx_word' id='word_1_104' title='bbox 524 1605 729 1667; x_wconf 79' lang='grc' dir='ltr'><strong><em>καταλιπεῖν.</em></strong></span> 
     </span>
    </p>

    <p class='ocr_par' dir='ltr' id='par_1_5' title="bbox 172 1693 1199 2295">
     <span class='ocr_line' id='line_1_16' title="bbox 172 1693 1197 1787; baseline 0.002 -25"><span class='ocrx_word' id='word_1_105' title='bbox 172 1698 192 1762; x_wconf 92' lang='grc'><strong>6</strong></span> <span class='ocrx_word' id='word_1_106' title='bbox 296 1703 342 1768; x_wconf 79' lang='lat' dir='ltr'><strong><em>Oi</em></strong></span> <span class='ocrx_word' id='word_1_107' title='bbox 351 1695 503 1787; x_wconf 80' lang='grc' dir='ltr'><strong><em>Ῥωμαῖοι</em></strong></span> <span class='ocrx_word' id='word_1_108' title='bbox 529 1699 566 1768; x_wconf 70' lang='grc' dir='ltr'><strong><em>δέ</em></strong></span> <span class='ocrx_word' id='word_1_109' title='bbox 583 1697 645 1786; x_wconf 83' lang='grc' dir='ltr'><strong><em>τὴν</em></strong></span> <span class='ocrx_word' id='word_1_110' title='bbox 661 1695 830 1769; x_wconf 89' lang='grc' dir='ltr'><strong><em>ιἰπονσίαυ</em></strong></span> <span class='ocrx_word' id='word_1_111' title='bbox 847 1693 951 1768; x_wconf 78' lang='grc' dir='ltr'><strong><em>αὐτοῦ</em></strong></span> <span class='ocrx_word' id='word_1_112' title='bbox 969 1694 1158 1787; x_wconf 87' lang='grc' dir='ltr'><strong><em>πυθόμενοι</em></strong></span> <span class='ocrx_word' id='word_1_113' title='bbox 1173 1723 1197 1764; x_wconf 81' lang='grc' dir='ltr'><strong><em>ιε</em></strong></span> 
     </span>
     <span class='ocr_line' id='line_1_17' title="bbox 192 1795 1159 1890; baseline 0.001 -22"><span class='ocrx_word' id='word_1_114' title='bbox 192 1795 432 1890; x_wconf 79' lang='grc' dir='ltr'><strong><em>ἀνεθάρσησαν</em></strong></span> <span class='ocrx_word' id='word_1_115' title='bbox 455 1799 512 1869; x_wconf 85' lang='grc' dir='ltr'><strong><em>καλ</em></strong></span> <span class='ocrx_word' id='word_1_116' title='bbox 528 1796 611 1890; x_wconf 86' lang='grc' dir='ltr'><strong><em>πρός</em></strong></span> <span class='ocrx_word' id='word_1_117' title='bbox 629 1796 764 1888; x_wconf 75' lang='grc' dir='ltr'><strong><em>ἄμυναν</em></strong></span> <span class='ocrx_word' id='word_1_118' title='bbox 781 1801 849 1870; x_wconf 76' lang='grc' dir='ltr'><strong><em>τοῖν</em></strong></span> <span class='ocrx_word' id='word_1_119' title='bbox 868 1801 1159 1888; x_wconf 81' lang='grc' dir='ltr'><strong><em>ἐπικαλεσαμένων</em></strong></span> 
     </span>
     <span class='ocr_line' id='line_1_18' title="bbox 192 1897 1158 1992; baseline 0.001 -23"><span class='ocrx_word' id='word_1_120' title='bbox 192 1897 296 1971; x_wconf 80' lang='grc' dir='ltr'><strong><em>αὐτόν</em></strong></span> <span class='ocrx_word' id='word_1_121' title='bbox 320 1899 519 1992; x_wconf 80' lang='grc' dir='ltr'><strong><em>έτροίπησαν.</em></strong></span> <span class='ocrx_word' id='word_1_122' title='bbox 562 1903 618 1971; x_wconf 86' lang='grc' dir='ltr'><strong><em>καλ</em></strong></span> <span class='ocrx_word' id='word_1_123' title='bbox 641 1899 720 1981; x_wconf 81' lang='grc' dir='ltr'><strong><em>τοδς</em></strong></span> <span class='ocrx_word' id='word_1_124' title='bbox 743 1909 972 1989; x_wconf 86' lang='grc' dir='ltr'><strong><em>Ταραντίνους</em></strong></span> <span class='ocrx_word' id='word_1_125' title='bbox 991 1906 1038 1982; x_wconf 84' lang='grc' dir='ltr'><strong><em>εἰς</em></strong></span> <span class='ocrx_word' id='word_1_126' title='bbox 1055 1899 1158 1971; x_wconf 73' lang='grc' dir='ltr'><strong><em>ἄλλον</em></strong></span> 
     </span>
     <span class='ocr_line' id='line_1_19' title="bbox 191 1999 1159 2091; baseline -0.001 -20"><span class='ocrx_word' id='word_1_127' title='bbox 191 2001 310 2090; x_wconf 85' lang='grc' dir='ltr'><strong><em>καιρόν</em></strong></span> <span class='ocrx_word' id='word_1_128' title='bbox 331 1999 560 2091; x_wconf 78' lang='grc' dir='ltr'><strong><em>ὑπερθέμενοι</em></strong></span> <span class='ocrx_word' id='word_1_129' title='bbox 584 2003 758 2090; x_wconf 83' lang='grc' dir='ltr'><strong><em>εἰσέβαλον</em></strong></span> <span class='ocrx_word' id='word_1_130' title='bbox 783 2007 829 2082; x_wconf 87' lang='grc' dir='ltr'><strong><em>εἰς</em></strong></span> <span class='ocrx_word' id='word_1_131' title='bbox 853 2001 890 2072; x_wconf 86' lang='grc' dir='ltr'><strong><em>τό</em></strong></span> <span class='ocrx_word' id='word_1_132' title='bbox 908 1999 1061 2073; x_wconf 80' lang='grc' dir='ltr'><strong><em>Σαύνιον</em></strong></span> <span class='ocrx_word' id='word_1_133' title='bbox 1076 2001 1159 2086; x_wconf 80' lang='grc' dir='ltr'><strong><em>μετὰ</em></strong></span> 
     </span>
     <span class='ocr_line' id='line_1_20' title="bbox 192 2097 1157 2194; baseline -0.003 -20"><span class='ocrx_word' id='word_1_134' title='bbox 192 2104 248 2174; x_wconf 85' lang='grc' dir='ltr'><strong><em>καὶ</em></strong></span> <span class='ocrx_word' id='word_1_135' title='bbox 271 2097 411 2175; x_wconf 78' lang='grc' dir='ltr'><strong><em>ὑπατων</em></strong></span> <span class='ocrx_word' id='word_1_136' title='bbox 427 2107 488 2174; x_wconf 77' lang='grc' dir='ltr'><em>τοὺ</em></span> <span class='ocrx_word' id='word_1_137' title='bbox 501 2099 680 2194; x_wconf 78' lang='grc' dir='ltr'><strong><em>Ῥουφίνου</em></strong></span> <span class='ocrx_word' id='word_1_138' title='bbox 694 2105 753 2173; x_wconf 84' lang='grc' dir='ltr'><strong><em>’καλ</em></strong></span> <span class='ocrx_word' id='word_1_139' title='bbox 769 2109 830 2174; x_wconf 79' lang='grc' dir='ltr'><strong><em>τοῦ</em></strong></span> <span class='ocrx_word' id='word_1_140' title='bbox 843 2099 1004 2191; x_wconf 90' lang='grc' dir='ltr'><strong><em>Ἰουνίου,</em></strong></span> <span class='ocrx_word' id='word_1_141' title='bbox 1022 2105 1079 2173; x_wconf 88' lang='grc' dir='ltr'><strong><em>καλ</em></strong></span> <span class='ocrx_word' id='word_1_142' title='bbox 1095 2101 1157 2188; x_wconf 83' lang='grc' dir='ltr'><strong><em>τήν</em></strong></span> 
     </span>
     <span class='ocr_line' id='line_1_21' title="bbox 191 2201 1199 2295; baseline -0.003 -20"><span class='ocrx_word' id='word_1_143' title='bbox 191 2232 227 2275; x_wconf 91' lang='grc' dir='ltr'><strong><em>τε</em></strong></span> <span class='ocrx_word' id='word_1_144' title='bbox 251 2203 364 2295; x_wconf 83' lang='grc' dir='ltr'><strong><em>χιόραν</em></strong></span> <span class='ocrx_word' id='word_1_145' title='bbox 382 2203 553 2294; x_wconf 82' lang='grc' dir='ltr'><strong><em>ἐπόρθουν</em></strong></span> <span class='ocrx_word' id='word_1_146' title='bbox 571 2207 627 2275; x_wconf 87' lang='grc' dir='ltr'><strong><em>καλ</em></strong></span> <span class='ocrx_word' id='word_1_147' title='bbox 644 2211 735 2294; x_wconf 86' lang='grc' dir='ltr'><strong><em>τείχη</em></strong></span> <span class='ocrx_word' id='word_1_148' title='bbox 752 2201 828 2274; x_wconf 79' lang='grc' dir='ltr'><strong><em>τινα</em></strong></span> <span class='ocrx_word' id='word_1_149' title='bbox 846 2206 1066 2294; x_wconf 81' lang='grc' dir='ltr'><strong><em>ἐκλειφθέντα</em></strong></span> <span class='ocrx_word' id='word_1_150' title='bbox 1083 2208 1156 2273; x_wconf 78' lang='grc' dir='ltr'><strong><em>ἔλα·</em></strong></span> <span class='ocrx_word' id='word_1_151' title='bbox 1170 2227 1199 2268; x_wconf 75' lang='grc' dir='ltr'><strong><em>ιο</em></strong></span> 
     </span>
    </p>

    <p class='ocr_par' dir='ltr' id='par_1_6' title="bbox 161 2302 1156 2397">
     <span class='ocr_line' id='line_1_22' title="bbox 161 2302 1156 2397; baseline -0.001 -21"><span class='ocrx_word' id='word_1_152' title='bbox 161 2325 182 2376; x_wconf 81' lang='lat' dir='ltr'>c</span> <span class='ocrx_word' id='word_1_153' title='bbox 192 2311 263 2393; x_wconf 90' lang='grc' dir='ltr'><strong><em>βου.</em></strong></span> <span class='ocrx_word' id='word_1_154' title='bbox 306 2312 341 2377; x_wconf 88' lang='grc' dir='ltr'><strong><em>οἰ</em></strong></span> <span class='ocrx_word' id='word_1_155' title='bbox 361 2305 426 2396; x_wconf 78' lang='grc' dir='ltr'><strong><em>γὰρ</em></strong></span> <span class='ocrx_word' id='word_1_156' title='bbox 444 2317 611 2378; x_wconf 74' lang='grc' dir='ltr'><strong><em>Σαυνῖται</em></strong></span> <span class='ocrx_word' id='word_1_157' title='bbox 635 2313 683 2388; x_wconf 87' lang='grc' dir='ltr'><strong><em>εἰς</em></strong></span> <span class='ocrx_word' id='word_1_158' title='bbox 700 2305 740 2376; x_wconf 78' lang='grc' dir='ltr'><strong><em>τό</em></strong></span> <span class='ocrx_word' id='word_1_159' title='bbox 757 2302 819 2394; x_wconf 86' lang='grc' dir='ltr'><strong><em>όρη</em></strong></span> <span class='ocrx_word' id='word_1_160' title='bbox 836 2303 876 2376; x_wconf 82' lang='grc' dir='ltr'><strong><em>τό</em></strong></span> <span class='ocrx_word' id='word_1_161' title='bbox 894 2302 1045 2397; x_wconf 80' lang='grc' dir='ltr'><strong><em>Κρανιτδ</em></strong></span> <span class='ocrx_word' id='word_1_162' title='bbox 1062 2303 1156 2394; x_wconf 77' lang='grc' dir='ltr'><strong><em>λεγό-</em></strong></span> 
     </span>
    </p>

    <p class='ocr_par' dir='ltr' id='par_1_7' title="bbox 161 2400 1199 2902">
     <span class='ocr_line' id='line_1_23' title="bbox 161 2400 1159 2498; baseline 0 -22"><span class='ocrx_word' id='word_1_163' title='bbox 161 2400 164 2408; x_wconf 64' lang='grc'><strong>’</strong></span> <span class='ocrx_word' id='word_1_164' title='bbox 193 2433 295 2496; x_wconf 89' lang='grc' dir='ltr'><strong><em>μενα,</em></strong></span> <span class='ocrx_word' id='word_1_165' title='bbox 314 2403 365 2476; x_wconf 85' lang='grc' dir='ltr'><strong><em>ότι</em></strong></span> <span class='ocrx_word' id='word_1_166' title='bbox 382 2414 526 2496; x_wconf 89' lang='grc' dir='ltr'><strong><em>κρανίαν</em></strong></span> <span class='ocrx_word' id='word_1_167' title='bbox 538 2405 667 2498; x_wconf 77' lang='grc' dir='ltr'><strong><em>πολλὴν</em></strong></span> <span class='ocrx_word' id='word_1_168' title='bbox 684 2413 814 2497; x_wconf 84' lang='grc' dir='ltr'><strong><em>ἔχουσι,</em></strong></span> <span class='ocrx_word' id='word_1_169' title='bbox 831 2405 872 2476; x_wconf 82' lang='grc' dir='ltr'><strong><em>τό</em></strong></span> <span class='ocrx_word' id='word_1_170' title='bbox 889 2435 926 2478; x_wconf 91' lang='grc' dir='ltr'><strong><em>τε</em></strong></span> <span class='ocrx_word' id='word_1_171' title='bbox 943 2414 1085 2496; x_wconf 89' lang='grc' dir='ltr'><strong><em>φίλτατα</em></strong></span> <span class='ocrx_word' id='word_1_172' title='bbox 1102 2408 1159 2477; x_wconf 87' lang='grc' dir='ltr'><strong><em>καλ</em></strong></span> 
     </span>
     <span class='ocr_line' id='line_1_24' title="bbox 191 2499 1162 2600; baseline 0.002 -24"><span class='ocrx_word' id='word_1_173' title='bbox 191 2507 232 2576; x_wconf 81' lang='grc' dir='ltr'><strong><em>τίι</em></strong></span> <span class='ocrx_word' id='word_1_174' title='bbox 255 2504 434 2597; x_wconf 74' lang='grc' dir='ltr'><strong><em>τιμιώτατα</em></strong></span> <span class='ocrx_word' id='word_1_175' title='bbox 457 2505 668 2598; x_wconf 79' lang='grc' dir='ltr'><strong><em>ἀνεκόμισαν.</em></strong></span> <span class='ocrx_word' id='word_1_176' title='bbox 709 2506 1023 2600; x_wconf 83' lang='grc' dir='ltr'><strong><em>καταφρονήσαντες</em></strong></span> <span class='ocrx_word' id='word_1_177' title='bbox 1047 2499 1110 2579; x_wconf 79' lang='grc' dir='ltr'><strong><em>οὖν</em></strong></span> <span class='ocrx_word' id='word_1_178' title='bbox 1127 2513 1162 2578; x_wconf 90' lang='grc' dir='ltr'><strong><em>οἰ</em></strong></span> 
     </span>
     <span class='ocr_line' id='line_1_25' title="bbox 187 2606 1157 2701; baseline 0 -23"><span class='ocrx_word' id='word_1_179' title='bbox 187 2606 340 2698; x_wconf 77' lang='grc' dir='ltr'><strong><em>Ῥωμαῖοι</em></strong></span> <span class='ocrx_word' id='word_1_180' title='bbox 372 2616 419 2692; x_wconf 90' lang='grc' dir='ltr'><strong><em>εἰς</em></strong></span> <span class='ocrx_word' id='word_1_181' title='bbox 443 2609 484 2680; x_wconf 80' lang='grc' dir='ltr'><strong><em>τὰ</em></strong></span> <span class='ocrx_word' id='word_1_182' title='bbox 508 2612 668 2701; x_wconf 86' lang='grc' dir='ltr'><strong><em>εἰρημένα</em></strong></span> <span class='ocrx_word' id='word_1_183' title='bbox 690 2607 753 2700; x_wconf 82' lang='grc' dir='ltr'><strong><em>ὅρη</em></strong></span> <span class='ocrx_word' id='word_1_184' title='bbox 776 2607 945 2699; x_wconf 76' lang='grc' dir='ltr'><strong><em>ἀναβῆναι</em></strong></span> <span class='ocrx_word' id='word_1_185' title='bbox 962 2607 1157 2699; x_wconf 81' lang='grc' dir='ltr'><strong><em>ἐτόλμησαν.</em></strong></span> 
     </span>
     <span class='ocr_line' id='line_1_26' title="bbox 192 2701 1199 2800; baseline 0.002 -22"><span class='ocrx_word' id='word_1_186' title='bbox 192 2716 320 2780; x_wconf 87' lang='grc' dir='ltr'><strong><em>λασίων</em></strong></span> <span class='ocrx_word' id='word_1_187' title='bbox 332 2701 395 2781; x_wconf 84' lang='grc' dir='ltr'><strong><em>οὖν</em></strong></span> <span class='ocrx_word' id='word_1_188' title='bbox 412 2707 525 2783; x_wconf 78' lang='grc' dir='ltr'><strong><em>αότῶν</em></strong></span> <span class='ocrx_word' id='word_1_189' title='bbox 542 2714 599 2782; x_wconf 86' lang='grc' dir='ltr'><strong><em>καί</em></strong></span> <span class='ocrx_word' id='word_1_190' title='bbox 613 2709 880 2800; x_wconf 81' lang='grc' dir='ltr'><strong><em>δυσπροσβολτων</em></strong></span> <span class='ocrx_word' id='word_1_191' title='bbox 896 2708 1021 2800; x_wconf 86' lang='grc' dir='ltr'><strong><em>όντων,</em></strong></span> <span class='ocrx_word' id='word_1_192' title='bbox 1040 2711 1157 2782; x_wconf 81' lang='grc' dir='ltr'><strong><em>πολλοὶ</em></strong></span> <span class='ocrx_word' id='word_1_193' title='bbox 1172 2731 1199 2774; x_wconf 75' lang='grc' dir='ltr'><strong><em>ιο</em></strong></span> 
     </span>
     <span class='ocr_line' id='line_1_27' title="bbox 191 2806 909 2902; baseline 0.001 -20"><span class='ocrx_word' id='word_1_194' title='bbox 191 2809 254 2900; x_wconf 78' lang='grc' dir='ltr'><strong><em>μέν</em></strong></span> <span class='ocrx_word' id='word_1_195' title='bbox 271 2806 464 2902; x_wconf 77' lang='grc' dir='ltr'><strong><em>ἀπέθανον,</em></strong></span> <span class='ocrx_word' id='word_1_196' title='bbox 482 2815 600 2884; x_wconf 78' lang='grc' dir='ltr'><strong><em>πολλοὶ</em></strong></span> <span class='ocrx_word' id='word_1_197' title='bbox 619 2814 656 2884; x_wconf 80' lang='grc' dir='ltr'><strong><em>δέ</em></strong></span> <span class='ocrx_word' id='word_1_198' title='bbox 674 2815 730 2883; x_wconf 86' lang='grc' dir='ltr'><strong><em>καί</em></strong></span> <span class='ocrx_word' id='word_1_199' title='bbox 748 2811 909 2885; x_wconf 82' lang='grc' dir='ltr'><strong><em>έάλωσαν.</em></strong></span> 
     </span>
    </p>

    <p class='ocr_par' dir='ltr' id='par_1_8' title="bbox 270 2907 1160 3005">
     <span class='ocr_line' id='line_1_28' title="bbox 270 2907 1160 3005; baseline -0.003 -20"><span class='ocrx_word' id='word_1_200' title='bbox 270 2918 315 2985; x_wconf 83' lang='lat' dir='ltr'><strong><em>Oi</em></strong></span> <span class='ocrx_word' id='word_1_201' title='bbox 337 2911 369 2984; x_wconf 84' lang='grc' dir='ltr'><strong><em>δ’</em></strong></span> <span class='ocrx_word' id='word_1_202' title='bbox 394 2910 516 2986; x_wconf 76' lang='grc' dir='ltr'><strong><em>ὕπατοι</em></strong></span> <span class='ocrx_word' id='word_1_203' title='bbox 538 2911 651 2985; x_wconf 81' lang='grc' dir='ltr'><strong><em>οὐκέτι</em></strong></span> <span class='ocrx_word' id='word_1_204' title='bbox 677 2919 772 3005; x_wconf 80' lang='grc' dir='ltr'><strong><em>κοινῇ</em></strong></span> <span class='ocrx_word' id='word_1_205' title='bbox 796 2913 856 2986; x_wconf 86' lang='grc' dir='ltr'><strong><em>τὸν</em></strong></span> <span class='ocrx_word' id='word_1_206' title='bbox 878 2911 1025 3004; x_wconf 87' lang='grc' dir='ltr'><strong><em>πόλεμον</em></strong></span> <span class='ocrx_word' id='word_1_207' title='bbox 1049 2907 1160 3002; x_wconf 77' lang='grc' dir='ltr'><strong><em>ἐποιή-</em></strong></span> 
     </span>
    </p>
   </div>
   <div class='ocr_carea' id='block_1_3' title="bbox 183 3009 1202 3316">
    <p class='ocr_par' dir='ltr' id='par_1_9' title="bbox 183 3009 1202 3316">
     <span class='ocr_line' id='line_1_29' title="bbox 191 3009 1157 3106; baseline 0 -22"><span class='ocrx_word' id='word_1_208' title='bbox 191 3035 310 3105; x_wconf 89' lang='grc' dir='ltr'><strong><em>σαντο,</em></strong></span> <span class='ocrx_word' id='word_1_209' title='bbox 335 3009 502 3105; x_wconf 75' lang='grc' dir='ltr'><strong><em>ἀλλήλους</em></strong></span> <span class='ocrx_word' id='word_1_210' title='bbox 532 3014 723 3106; x_wconf 78' lang='grc' dir='ltr'><strong><em>αἰτιώμενοι</em></strong></span> <span class='ocrx_word' id='word_1_211' title='bbox 748 3015 802 3087; x_wconf 79' lang='grc' dir='ltr'><strong><em>διδ</em></strong></span> <span class='ocrx_word' id='word_1_212' title='bbox 825 3013 863 3086; x_wconf 88' lang='grc' dir='ltr'><strong><em>τό</em></strong></span> <span class='ocrx_word' id='word_1_213' title='bbox 887 3013 1056 3106; x_wconf 76' lang='grc' dir='ltr'><strong><em>ἀτύχημα,</em></strong></span> <span class='ocrx_word' id='word_1_214' title='bbox 1081 3009 1157 3084; x_wconf 75' lang='grc' dir='ltr'><strong><em>ἀλλ’</em></strong></span> 
     </span>
     <span class='ocr_line' id='line_1_30' title="bbox 183 3112 1159 3208; baseline 0 -22"><span class='ocrx_word' id='word_1_215' title='bbox 183 3112 326 3198; x_wconf 77' lang='grc' dir='ltr'><strong><em>ΙἸούνιος</em></strong></span> <span class='ocrx_word' id='word_1_216' title='bbox 343 3118 406 3206; x_wconf 76' lang='grc' dir='ltr'><strong><em>μὲν</em></strong></span> <span class='ocrx_word' id='word_1_217' title='bbox 424 3115 527 3208; x_wconf 78' lang='grc' dir='ltr'><strong><em>ἐδῄου</em></strong></span> <span class='ocrx_word' id='word_1_218' title='bbox 544 3121 643 3208; x_wconf 86' lang='grc' dir='ltr'><strong><em>μέρος</em></strong></span> <span class='ocrx_word' id='word_1_219' title='bbox 660 3147 692 3188; x_wconf 92' lang='grc' dir='ltr'><strong><em>τι</em></strong></span> <span class='ocrx_word' id='word_1_220' title='bbox 709 3120 767 3206; x_wconf 77' lang='grc' dir='ltr'><strong><em>τῆς</em></strong></span> <span class='ocrx_word' id='word_1_221' title='bbox 785 3123 1007 3207; x_wconf 89' lang='grc' dir='ltr'><strong><em>Σαυνίτιδος,</em></strong></span> <span class='ocrx_word' id='word_1_222' title='bbox 1027 3114 1159 3205; x_wconf 77' lang='grc' dir='ltr'><strong><em>Ῥουφῖ-</em></strong></span> 
     </span>
     <span class='ocr_line' id='line_1_31' title="bbox 191 3217 1202 3316; baseline 0 -30"><span class='ocrx_word' id='word_1_223' title='bbox 191 3244 248 3298; x_wconf 89' lang='grc' dir='ltr'><strong><em>νος</em></strong></span> <span class='ocrx_word' id='word_1_224' title='bbox 268 3217 305 3316; x_wconf 65' lang='grc' dir='ltr'><strong><em>δέ</em></strong></span> <span class='ocrx_word' id='word_1_225' title='bbox 322 3227 508 3303; x_wconf 69' lang='grc' dir='ltr'><strong><em>Λευκανοῖς</em></strong></span> <span class='ocrx_word' id='word_1_226' title='bbox 532 3221 587 3289; x_wconf 89' lang='grc' dir='ltr'><strong><em>καλ</em></strong></span> <span class='ocrx_word' id='word_1_227' title='bbox 606 3226 774 3311; x_wconf 86' lang='grc' dir='ltr'><strong><em>Βρεττίοις</em></strong></span> <span class='ocrx_word' id='word_1_228' title='bbox 792 3218 987 3309; x_wconf 81' lang='grc' dir='ltr'><strong><em>έλυμήνατο.</em></strong></span> <span class='ocrx_word' id='word_1_229' title='bbox 1030 3219 1087 3288; x_wconf 86' lang='grc' dir='ltr'><strong><em>καλ</em></strong></span> <span class='ocrx_word' id='word_1_230' title='bbox 1105 3217 1158 3288; x_wconf 86' lang='grc' dir='ltr'><strong><em>έπλ</em></strong></span> <span class='ocrx_word' id='word_1_231' title='bbox 1172 3237 1202 3280; x_wconf 74' lang='lat'><strong><em>³0</em></strong></span> 
     </span>
    </p>
   </div>
   <div class='ocr_carea' id='block_1_4' title="bbox 190 3380 1158 3513">
    <p class='ocr_par' dir='ltr' id='par_1_10' title="bbox 190 3380 1158 3513">
     <span class='ocr_line' id='line_1_32' title="bbox 190 3380 1158 3501; baseline 0.001 -70"><span class='ocrx_word' id='word_1_232' title='bbox 190 3450 224 3499; x_wconf 67' lang='lat'><strong><em>40</em></strong></span> <span class='ocrx_word' id='word_1_233' title='bbox 251 3380 367 3501; x_wconf 50' lang='grc' dir='ltr'><strong><em>ἔξαρῃθ.</em></strong></span> <span class='ocrx_word' id='word_1_234' title='bbox 377 3383 492 3501; x_wconf 68' lang='grc' dir='ltr'><strong><em>4Ι1)ἰοοίε</em></strong></span> <span class='ocrx_word' id='word_1_235' title='bbox 511 3383 653 3436; x_wconf 76' lang='lat' dir='ltr'><strong>Historiae</strong></span> <span class='ocrx_word' id='word_1_236' title='bbox 672 3384 814 3436; x_wconf 78' lang='lat' dir='ltr'><strong>Romanae</strong></span> <span class='ocrx_word' id='word_1_237' title='bbox 837 3384 903 3436; x_wconf 85' lang='lat' dir='ltr'><strong>libri</strong></span> <span class='ocrx_word' id='word_1_238' title='bbox 921 3381 1037 3450; x_wconf 75' lang='lat' dir='ltr'><strong>perditi:</strong></span> <span class='ocrx_word' id='word_1_239' title='bbox 1057 3383 1158 3448; x_wconf 81' lang='lat' dir='ltr'><strong>fragm.</strong></span> 
     </span>
     <span class='ocr_line' id='line_1_33' title="bbox 226 3486 420 3513; baseline 0 -16"><span class='ocrx_word' id='word_1_240' title='bbox 226 3487 232 3512; x_wconf 88' lang='lat'>,</span> <span class='ocrx_word' id='word_1_241' title='bbox 286 3486 292 3512; x_wconf 88' lang='lat'>‚</span> <span class='ocrx_word' id='word_1_242' title='bbox 352 3487 359 3513; x_wconf 89' lang='lat'>,</span> <span class='ocrx_word' id='word_1_243' title='bbox 414 3487 420 3497; x_wconf 93' lang='lat'>.</span> 
     </span>
    </p>
   </div>
   <div class='ocr_carea' id='block_1_5' title="bbox 0 0 1286 3814">
    <p class='ocr_par' dir='ltr' id='par_1_11' title="bbox 0 0 1286 3814">
     <span class='ocr_line' id='line_1_34' title="bbox 0 0 1286 3814; baseline 0 0"><span class='ocrx_word' id='word_1_244' title='bbox 0 0 1286 3814; x_wconf 95' lang='lat' dir='ltr'><strong><em> </em></strong></span> 
     </span>
    </p>
   </div>
  </div>
 </body>
</html>
