2586 3800
427 143 504 211 ιιι,
517 143 579 198 x11,
599 143 677 194 cAP.
691 145 768 196 xm.
1020 101 1081 208 1¹15
1189 204 1195 216 ,

111 287 152 374 κη’
182 279 358 375 αὐταρχίμ·
378 286 584 372 αἰσθομένου
616 281 864 374 έιτιχειρούσης,
896 283 1080 375 ἐκελεύσθη

13 389 14 392 '
111 385 337 456 ἐκλελοιπέναι
354 381 416 474 τήν
436 381 637 474 Ἀντιόχειαν
653 386 708 455 καί
726 381 792 477 ότη
810 382 965 474 βούλοιτο
981 384 1080 456 άπελ-

110 499 198 558 θεῖν.
235 484 256 576 ή
277 486 314 556 δέ
330 483 404 557 τότε
423 488 617 577 διέφθειρεν
636 484 769 576 ἑαυτήν.
888 523 891 528 ·

193 592 261 658 Τοῦ
276 585 310 658 δ’
322 585 529 680 Ἀρταβάνου
544 585 706 678 δυνάμεσι
719 585 878 678 μεγάλαις
891 590 1080 679 φερομένου

84 689 195 762 τκατά
213 687 400 780 Ῥωμαίων,
434 685 616 779 συμβαλών
641 685 732 784 αὐτῷ
755 691 831 779 περὶ
854 687 916 778 τήν
939 698 1080 781 Νίσιβιν

110 787 128 862 ὃ
148 802 325 883 Μακρῖνος
343 791 396 873 δίς
413 786 542 881 ἡττήθη
560 793 617 860 καί
635 787 834 882 ἠναγκάσθη
852 798 985 862 πολλῶν
1002 821 1079 883 χρη

111 892 225 982 μάτων
254 891 317 983 τὴν
343 889 481 984 εἰρήνην
513 896 724 983 έκκρίασθαι.
773 888 790 963 ὁ
822 894 883 983 μέν
911 882 974 964 οὖν
996 895 1079 985 πρός

109 992 313 1084 Ἀρτάβανον
336 993 543 1084 κατηύναστο
567 992 725 1084 πόλεμος,
753 991 920 1085 ἀνερράγη
949 994 987 1065 δὲ
1010 1011 1079 1076 τοῖς

106 1095 276 1187 Ῥωμαίοις
295 1094 454 1186 ἐμφύλιος
473 1099 591 1186 ἔτερος.
636 1093 845 1186 Εύτνχιανὸς
862 1095 926 1187 γάρ
944 1107 993 1179 τιςΙ
1011 1105 1080 1167 τῶν
1152 1125 1153 1130 ’

70 1231 98 1271 ιο
112 1205 346 1288 Καισαρείων,
364 1195 428 1287 τήν
444 1201 512 1268 των
529 1204 740 1290 στρατιωτῶν
758 1205 805 1280 εἰς
823 1197 881 1269 τὸν
904 1209 1079 1290 Μακρῖυον

110 1297 297 1390 άτέχθειαν
323 1297 472 1371 συνιδών
496 1297 546 1370 ὅτι
571 1298 616 1390 μή
634 1296 758 1370 άιιλετα
777 1297 857 1381 ὦςὸ
880 1297 1079 1382 Ἀντωνῖνος
1098 1336 1105 1356 ⁵

112 1399 227 1484 αὐτοῖς
259 1405 439 1492 ἐχαρίζετο,
471 1403 526 1471 καί
556 1399 622 1472 ὑπὸ
651 1407 818 1492 μαντείων
848 1397 1112 1490 άνατιεισθείς,Β

113 1500 335 1574 ἐπαναστάσει
353 1501 436 1573 κατά
454 1506 514 1574 τοῦ
525 1511 706 1594 Μακρίνου
724 1506 958 1595 ἐπικεχείρηκε.
989 1511 1079 1574 Μαί-

112 1628 172 1695 σης
196 1595 259 1676 οὖν
281 1609 340 1693 τῆς
362 1599 543 1695 ὁμαίμονος
568 1611 626 1694 τῆς
653 1601 792 1686 Ἰουλίας
821 1608 883 1694 τής
906 1611 1079 1694 βασιλίδος

69 1735 99 1777 ιε
112 1709 301 1797 θυγατέρας
319 1704 458 1796 ἐχούσης
477 1704 551 1794 δύο,
570 1713 738 1795 Σοαιμίδα
755 1709 811 1776 καὶ
829 1715 1005 1797 Μαμαίαν,
1023 1709 1080 1778 καὶ

113 1807 175 1878 δύο
194 1805 352 1898 ἐγγόνους
369 1805 512 1899 άρσενας
530 1810 562 1892 ἐξ
580 1803 704 1896 αὐτῶν,
722 1807 781 1878 τόν
799 1812 859 1879 ένα
877 1807 1006 1880 τούτων
1022 1817 1078 1878 λα·
1105 1828 1107 1838 ”

112 1909 184 1998 βάν
201 1907 219 1980 ὁ
237 1907 455 2000 Εύτυχιανός,
479 1911 534 1979 καὶ
553 1907 630 1980 υἰὸν
648 1909 734 1980 εἰναι
751 1915 917 2000 μοιχίδιον
934 1913 994 1982 τού
1010 1919 1079 1980 Κα-
1173 1987 1176 1994 ,

112 2009 280 2101 ρακάλλον
297 2009 519 2101 πλασάμενος,
538 2017 585 2093 εἰς
601 2009 638 2080 τό
657 2008 882 2100 στρατόπεδον
894 2006 959 2082 ύττό
973 2010 1080 2083 νύκτα

113 2109 281 2204 εἰσήγαγε,
299 2116 355 2184 καὶ
372 2109 450 2194 τούς
468 2110 671 2204 στρατιώτας
684 2109 793 2200 λαβήν
806 2118 982 2201 ζητοῦντας
1001 2116 1078 2180 ἐπα-

66 2245 99 2286 εο
111 2214 302 2298 ναστάσεως
321 2221 515 2306 νεωτερίσαι
533 2209 717 2284 άνέτεισεν.
758 2219 792 2282 οἰ
808 2213 863 2282 καί
879 2207 1079 2302 Ἀντωνίνον

111 2313 217 2388 αὐτὸν
251 2315 476 2408 ὀνομάσαντες
510 2311 737 2406 αὐτοκράτορα
765 2309 892 2394 ,αὐτίκα
925 2311 1078 2402 άνεῑτιον,

110 2426 217 2490 καίτοι
234 2425 371 2490 παιδίον
387 2415 604 2510 τυγχάνοντα.
649 2419 705 2486 καί
730 2420 850 2489 τοῦτον
867 2413 1078 2506 παραλαβόν-

110 2547 163 2602 τες
182 2523 236 2592 έτὶ
249 2517 309 2590 τόν
323 2531 503 2613 Μακρῖνον
514 2516 645 2609 ἤλασαν
659 2523 696 2589 ἐν
706 2514 887 2613 Ἀντιοχείᾳ
901 2517 1077 2610 διάγοντα·

111 2624 167 2692 καί
190 2619 418 2712 συμβαλόντες
440 2621 529 2716 αὐτῷ
554 2627 591 2691 ἐν
613 2649 679 2691 τινι
697 2628 808 2716 χωρίφ
826 2617 912 2692 πολύ
928 2624 986 2711 τῆς
1006 2617 1078 2692 Ἀν-

64 2752 96 2793 25
110 2729 253 2812 τιοχείας
273 2725 426 2814 διέχοντι,
444 2719 639 2814 ἡττήθησαν
655 2725 733 2812 μέν·
762 2720 821 2793 εἰτ’
844 2714 944 2804 αὖθις
963 2726 1110 2794 ἔπιον-0

110 2823 254 2908 στάντας
271 2823 393 2906 αὐτούς
410 2823 428 2896 ὁ
446 2833 621 2916 Μακρῖνος
640 2824 723 2894 ἰδάν
741 2831 788 2906 εἰς
806 2821 920 2913 φυγήν
940 2822 1076 2913 ἐτράπη,

108 2929 167 2996 καί
184 2925 283 3018 άτήει
302 2933 349 3009 εἰς
370 2923 571 3016 Ἀντιόχειαν
595 2923 639 3008 ὡς
658 2930 773 3013 δῆθεν
796 2922 994 3014 νενικηκός,
1020 2927 1078 2993 ἵνα

108 3027 156 3118 μή
173 3025 413 3119 άτοκλεισθείη
429 3033 487 3117 τῆς
505 3025 640 3110 πόλεως.
694 3022 753 3096 τόν
772 3025 809 3095 δέ
827 3023 904 3095 υἰὸν
921 3022 1003 3114 πρὸς
1020 3021 1078 3094 τὸν

106 3127 314 3219 Ἀρτάβανον
331 3138 487 3221 ἔπεμψεν.
533 3123 752 3219 άγγελθείσης
771 3127 808 3198 δέ
825 3133 883 3216 τῆς
899 3122 997 3215 ἥττης
1016 3121 1079 3195 αὖ-

65 3261 94 3302 εο
108 3234 188 3320 τού,
213 3234 270 3302 καί
287 3230 405 3321 φόνων
422 3231 608 3322 γινομένων
625 3233 777 3317 πολλῶν,
798 3226 927 3319 άτέδρα
945 3225 1077 3316 νυκτός,

108 3333 173 3423 τὴν
196 3331 347 3424 κεφαλήν
370 3331 552 3428 ξυράμενος
577 3334 631 3403 καί
654 3327 691 3403 τό
713 3333 862 3421 γένειον,
893 3332 949 3401 καί
972 3328 1079 3420 φαιὰν

111 3439 239 3524 ἐσθῆτα
264 3432 395 3525 λαβών,
420 3429 465 3517 ιδς
489 3429 532 3505 άν
556 3434 601 3526 μή
626 3431 890 3524 ἐτιγινοόσιιοιτο·
930 3435 988 3504 καί
1005 3427 1077 3524 μετ’

879 3550 924 3612 g*
