2586 3800
421 196 493 248 LIB.
506 195 569 247 XII.
590 194 669 250 CAP.
681 195 744 248 XII.
1007 199 1066 262 lll

96 331 299 408 Ἀντωνίνου
323 333 569 426 εἰσαθησαυτες
594 335 735 420 ἑαυτούς
773 339 844 409 ἐκεῖ
871 335 929 408 τόν
959 339 1067 410 Γίταν

97 439 305 526 κατέκοψαν,
328 441 375 530 τῷ
399 435 552 534 τραχήλῳ
575 442 634 529 τῆς
653 437 776 532 μητρός
793 437 993 531 προσφύντα
1010 443 1066 510 καὶ

96 555 166 620 τοῖς
191 555 328 626 μαστοῖς
352 541 408 609 καὶ
432 555 502 621 τοῖς
525 539 705 629 στήθεσιν,
737 538 823 614 ῶστε
844 547 905 612 τοῦ
930 547 1066 631 αἳματος

96 637 203 712 αὐτοῦ
226 639 487 730 ἀναπλησθῆναι
510 639 636 732 αὐτήν,
667 647 836 734 πληγῆναι
861 643 900 713 δὲ
922 645 979 714 καὶ
1004 641 1066 732 τὴν

68 759 200 833 εχεῖρα.
232 737 308 830 ἡδ’
327 745 365 812 ἐκ
381 770 440 812 του
428 741 569 832 φόβου
585 742 667 816 ούδδ
683 748 744 815 τού
759 742 946 836 τραύματος
963 741 1066 835 ᾔσθε-
1174 763 1177 770 “

94 872 142 915 το.
186 846 243 914 καί
271 842 352 914 οὐδὲ
381 849 551 932 πενθῆσαι
580 841 666 938 αὐτῇ
695 846 755 917 τόν
788 843 865 917 υἰδν
900 843 1065 936 ἐξεγένετο
1143 922 1146 927 ,

95 943 203 1026 οὕτως
220 951 360 1036 οἰκτρῶς
377 941 472 1016 καί’
452 943 570 1038 αῶριυς
592 945 805 1037 άπολιιλότα,
834 945 898 1018 δύο
920 948 985 1038 γὰρ
1008 950 1066 1018 καί

96 1056 226 1117 εἰκόσιν
243 1037 365 1118 ἐτῶν
344 1073 389 1134 ην
406 1049 463 1118 καί
480 1050 579 1120 ίννία
595 1052 729 1139 μηνῶν,
754 1039 959 1120 δεδοικυία
944 1079 991 1140 μη
981 1047 1065 1120 καὶ

94 1147 182 1237 αύτὴ
200 1148 438 1237 συναπόληται.

53 1285 80 1326 ιο
167 1245 415 1332 ΟΑντανῖνος
440 1247 472 1320 δ
493 1247 615 1322 αὐτίκα
638 1248 838 1341 καταλαβῶν
860 1249 897 1323 τὸ
921 1250 1062 1344 στρατό-

93 1349 221 1422 πεδονῖ
224 1345 390 1444 ’χαίρετε”
411 1351 527 1425 εἶ’πεν
530 1347 569 1422 ‘to
556 1343 710 1445 άνδρες
715 1360 988 1524 συστρατιῶταιῖ·
1007 1347 1085 1423 καί

91 1453 156 1544 γάρ
178 1453 246 1543 ἤδη
269 1457 378 1538 ἔξεστί
399 1482 456 1544 μοι
486 1449 677 1544 εὐεργετεῖν
704 1453 808 1546 ὑμᾶς,
845 1450 982 1528 ἐπείεί
980 1457 1063 1538 ςίξ

91 1552 191 1644 ὑμῶν
215 1561 296 1645 εἰμι,
320 1551 400 1644 μεθ’
426 1550 523 1646 ὑμῶν
547 1557 585 1626 δὲ
608 1559 665 1627 καὶ
689 1554 773 1627 δι’
754 1559 842 1646 υμάς
860 1562 919 1646 ζῆν
937 1557 1091 1644 ἐθίλω,Ι)

92 1653 138 1726 ιν’
158 1645 240 1746 ύμῖν
257 1656 365 1726 πολλά
373 1659 577 1749 χαρίζομαι.
597 1666 628 1728 εί
646 1655 742 1729 δὲ
695 1687 753 1748 μη,
771 1655 856 1729 άλλὰ
869 1655 983 1748 μεθΗ
964 1662 1061 1748 υμῶν

49 1795 77 1837 15
91 1784 133 1847 γε
160 1769 285 1829 θανεῖν
315 1755 480 1849 εύχομαιῗ
527 1757 610 1849 πρδς
642 1761 679 1830 δὲ
708 1760 771 1850 τὴν
800 1758 990 1850 σύγκλητον
1019 1764 1060 1850 τῇ

88 1857 253 1953 ύστεραίᾳ
270 1869 409 1931 πλεῖστα
428 1866 635 1951 διαλεχθείς,
653 1888 672 1930 τ
674 1863 746 1944 ἕλος
674 1859 878 1933 έείπεν
881 1857 1060 1933 ἀκούσατέ

90 1979 171 2050 μου·
189 1967 247 2032 ἵνα
263 1963 354 2032 πάσα
371 1960 394 2052 ἡ
411 1965 590 2052 οἰκουμένη
607 1966 707 2053 χαρῇ,
724 1961 848 2045 πάντες
862 1967 896 2034 οί
907 1960 1059 2052 φυγάδες

92 2059 377 2134 κατελθίτιοσαν.”
412 2069 481 2135 τῶν
506 2063 544 2134 δὲ
568 2070 783 2155 Καισαρείοιν
806 2065 953 2134 καὶτῶν
976 2063 1059 2152 μετά

90 2166 155 2234 τού
176 2157 263 2235 Γίτα
287 2168 501 2256 στρατιωτῶν
526 2168 560 2246 ἐς
584 2162 646 2235 δύο
676 2163 842 2254 μυριάδας
872 2161 1058 2250 ἀπέκτεινε,

43 2301 76 2342 το
90 2267 148 2336 καί
166 2268 203 2336 ἐκ
220 2270 288 2336 τῶν
300 2270 475 2356 ἐπιφανῶν
487 2264 625 2357 άνδρῶν
638 2264 856 2356 παμπόλλους
870 2264 1057 2354 διέφθειρε,

92 2368 148 2440 καί
171 2373 306 2439 πολλῶν
328 2365 472 2458 άγαθῶν
495 2366 632 2459 άνδρῶν
655 2366 727 2456 τὴν
740 2364 870 2457 Ῥῶμην
896 2367 1060 2458 ἐστέρησε.

90 2466 128 2540 τὸ
147 2470 184 2540 δὲ
202 2473 297 2559 ξίφος
315 2467 362 2540 δι’
382 2460 424 2541 ού
447 2468 465 2540 ὁ
489 2467 635 2560 άδελφὸς
658 2467 764 2540 αύτού
786 2465 964 2559 ἀπεσφάγη
982 2465 1061 2539 άνά-

90 2582 185 2660 θημα
204 2569 387 2660 ἐποιήσατο.
430 2575 467 2642 ἐκ
490 2571 529 2642 δὲ
550 2575 619 2642 τῶν
642 2569 760 2661 φόνων
783 2577 831 2654 εἰς
848 2570 984 2652 παιδιάς
1001 2599 1061 2660 με-

87 2669 171 2743 τιῶν
193 2675 251 2743 καί
274 2676 311 2744 ἐν
333 2673 468 2755 ταύταις
491 2671 603 2764 ἐφόνα.
640 2676 696 2744 καὶ
719 2680 767 2757 εἰς
784 2674 847 2764 μὲν
864 2672 943 2754 τούς
960 2693 1057 2764 στρα-

36 2807 73 2850 ςτ
87 2769 208 2856 τιῶτας
225 2772 491 2865 φιλοθηρότατος
507 2765 570 2864 ἦν,
596 2771 677 2856 τούς
700 2777 738 2846 δὲ
761 2772 897 2856 λοιπούς
919 2771 1057 2863 άυθριύ-

88 2901 176 2957 παυς
193 2873 380 2966 περιδύειν,
397 2874 583 2965 άποσυλάν,
602 2873 774 2966 ἐκτρύχειν
797 2879 929 2946 ἐτίθετο
952 2871 1059 2943 σπού-

89 2983 222 3067 δασμα,
246 2981 302 3048 καλ
319 2973 382 3068 ούχ
398 2975 517 3068 ἥκιστα
533 2975 611 3058 τούς
627 2973 879 3066 συγκλητικούς.
913 2973 1002 3046 οὕτω
1021 2973 1058 3042 δὲ

89 3077 184 3170 παρά
198 3077 311 3150 πάντα
327 3077 387 3150 τόν
404 3083 462 3170 τῆς
479 3076 584 3169 ἀρχῆς
602 3075 707 3150 αὐτοῦ
730 3073 853 3168 χρόνον
875 3075 897 3167 ἡ
914 3071 1158 3164 ύπήκοοςΡΙσιε

90 3176 184 3274 αύτῷ
201 3183 247 3270 γῆ
269 3178 448 3272 ἐπορθήθη
472 3178 558 3252 ὥστε
574 3179 655 3250 ποτὲ
671 3185 730 3268 τῆς
744 3177 883 3260 Ἰουλίας
901 3173 1060 3266 εἰπούσης

34 3313 75 3356 το
90 3277 143 3353 ότι
168 3277 312 3352 “ούκέθ’
344 3280 426 3373 ἡμῖν
455 3279 533 3353 ούτε
567 3287 694 3364 δίκαιος
723 3277 797 3352 οὔτ’
824 3277 937 3362 άδικος
958 3275 1061 3370 πόρος

89 3379 329 3454 ύπολείπεται”
362 3381 565 3477 ἀπεκρίνατο
591 3383 628 3454 τὸ
655 3385 752 3474 ξίφος
769 3378 880 3475 ἠρκῶς
906 3375 1062 3471 “θάρσει,

89 3487 210 3576 μῆτερ·
237 3488 300 3568 ἕως
322 3483 387 3578 γάρ
411 3480 454 3556 άν
476 3481 568 3558 τοῦτ’
588 3491 734 3576 ἔγαμεν,
758 3482 862 3558 οὐδὲν
883 3478 970 3574 ἡμᾶς
989 3485 1062 3554 ἐπι-
