2566 3800
374 154 445 204 LIB.
464 153 543 205 ΧῙῙΙ.
562 154 641 205 ΟΔΡ.
660 155 711 208 ΠΙ.
730 155 777 205 lv,
1012 154 1073 218 183

106 293 227 363 τοῦτου
245 293 339 374 τινάς
363 297 432 362 τῦν
449 292 542 380 ῆλων
560 294 847 384 ε’ναρμοσάμενος,
867 302 903 363 οἳ
917 291 956 364 τό
975 302 1072 386 σῶμα

10 391 14 466 ζ
105 399 165 464 τοῦ
183 400 305 484 κυρίου
324 394 664 484 προσεπαττάλευσαν
680 401 727 488 τῷ
753 402 906 488 σωτηρίῳ
924 403 1071 491 σταυρῷ,

9 509 11 518 ‘
106 493 125 566 δ
150 496 208 564 καὶ
231 495 346 586 μέχρις
370 493 468 585 ήμῦν
494 495 669 586 διήρκεσεν
688 497 750 566 ἐπλ
760 503 822 567 τοῦ
840 504 954 578 κίονος
974 500 1067 586 ἔστη·

104 597 171 678 κός.
208 598 360 666 πέπτωκε
378 596 416 666 δὲ
432 596 670 685 βασιλεύοντος
686 593 834 680 Ἀλεξίου
852 603 913 668 τοῦ
932 607 1071 688 Κομνη-

80 701 182 777 ενοῦ,
213 696 339 787 άνίμου
370 699 580 780 πνεύσαντος
610 705 723 786 βιαίου
755 727 789 769 τε
819 700 876 768 καί
901 703 1070 791 σφοδροῦ·

8 847 9 850 =
104 798 240 869 κάκεῖνό
256 827 292 868 τε
310 800 527 889 συντίτριπτο
545 800 604 868 καί
621 799 767 882 πολλοῦς
784 805 854 870 τοῦν
873 803 942 870 ε’κεῑ
959 827 1069 892 παραυ

103 899 275 990 τυχόντων
293 901 481 990 συνέτριψε.
516 903 574 970 καὶ
596 899 634 971 τό
654 901 849 973 Παλλάδιον
867 903 906 972 δέ
924 900 990 973 άπό
1010 911 1070 992 τῆς

109 1008 228 1094 Τροίας
253 1001 432 1091 μετήνεγκε
462 1003 520 1072 καὶ
551 1006 588 1072 ἐν
617 1007 659 1092 τῆ
684 1009 852 1094 Πλακωτῆ
883 1005 940 1074 καὶ
969 1010 1070 1074 τοῦτο

104 1110 241 1190 ἔστησεν
265 1101 383 1194 άγορᾷ.
419 1101 532 1184 ἄλλοις
556 1131 592 1174 τε
609 1095 686 1189 οῦν,
712 1102 756 1185 ὦς
775 1115 914 1195 εἴρηται,
933 1115 1078 1188 πολλοῖς»

65 1237 91 1277 ιο
103 1204 165 1294 τῆν
183 1204 282 1274 πόλιν
298 1203 315 1274 δ
334 1206 437 1294 μέγας
451 1215 711 1286 Κωνσταντϊνος
730 1205 893 1296 ἐκόσμησε
910 1208 967 1276 καί
984 1207 1070 1296 πρό-

104 1333 201 1395 τερον
215 1305 400 1394 ἐπισκοπὴν
414 1303 455 1376 όν
467 1306 506 1378 τό
518 1306 701 1390 Βυζάντιον
713 1313 773 1396 τῆς
789 1313 957 1398 Θρᾳκικῆς
965 1307 1103 1398 ‘Hya-B

18 1493 19 1498 ¹
103 1415 228 1496 κλείας,
255 1406 300 1488 ῦς
317 1406 386 1478 ῦπό
406 1408 564 1501 Σευῆρον
582 1423 652 1489 τοῖς
669 1416 881 1500 Πειρινῦίοις
899 1408 1071 1480 ῦποτεδὲν

62 1565 65 1570 .
103 1508 183 1598 μετά
201 1505 264 1597 τῆν
281 1508 426 1598 ἅλωσιν,
453 1508 498 1591 ὦς
517 1513 554 1580 ἐν
571 1506 738 1601 τοῖςπερὶ
757 1509 916 1600 Σευῆρον
935 1511 1070 1601 ίστόρη-

102 1638 166 1698 ται,
185 1615 232 1692 είς
250 1608 349 1699 τιμήν
367 1609 517 1698 ἀνήγαγε
533 1611 785 1702 πατριαρχικήν,
800 1617 842 1704 τῆ
859 1615 1071 1706 πρεσβυτέρᾳ

3 1703 7 1710 ’
63 1711 205 1802 ιεῬοίμη
228 1710 269 1781 τά
292 1719 453 1800 πρεσβεία
470 1712 616 1802 τηρήσας
640 1711 695 1782 διά
718 1710 781 1801 τῆν
804 1715 1072 1804 πρεσβυγένειαν

104 1815 160 1884 καὶ
176 1811 214 1882 τό
233 1812 296 1901 τήν
314 1819 486 1900 βασιλείαν
504 1817 638 1884 ἐκεῖθεν
652 1817 803 1884 ἐνταῦθα
819 1821 1069 1904 μετενεχθῆναι.

102 1909 146 2002 ῆν
163 1913 202 1984 δέ
218 1913 293 1984 τότε
309 1920 371 1984 τοῦ
389 1922 575 1998 Βυζαντίου
603 1917 784 1997 ἐπίσκοπος
802 1917 1035 2006 Μητροῳάνης
1052 1915 1070 1988 ὁ

41 2091 43 2094 ,
104 2015 292 2104 ίεράτατος,
310 2016 385 2098 υίὸς
407 2023 576 2106 Δομετίου
602 2014 752 2106 άδελφοῦ
770 2018 908 2106 Πρόβου
926 2025 989 2087 τοῦ
1005 2026 1071 2107 βα·

103 2117 219 2198 σιλέως
236 2117 429 2207 γενόμενος,
454 2111 560 2210 ὅσπερ
584 2117 626 2206 δή
645 2115 663 2188 ὁ
684 2118 845 2206 Δομίτιος
865 2120 897 2200 ἐξ
916 2117 1071 2199 ἀπιστίας

60 2249 89 2290 ιο
103 2225 151 2300 είς
176 2226 289 2290 πίστιν
313 2225 542 2308 μετενεχθείς,
567 2220 624 2288 καί
649 2217 704 2288 διά
728 2223 829 2288 τοῦτο
853 2216 916 2306 τήν
943 2217 1072 2308 Ῥοίμην

101 2320 221 2407 λιπάν,
240 2326 289 2402 είς
305 2319 343 2391 τό
358 2319 543 2405 Βυζάντιον
554 2320 776 2411 παραγίγονε,
790 2319 847 2388 καὶ
865 2325 912 2400 είς
930 2318 994 2406 τῆν
1011 2325 1071 2406 τῆς

2 2439 3 2442 ’
102 2425 285 2509 ἐπισκοπῆς
309 2417 444 2511 άυήχθη
461 2419 644 2511 περιωπήν.
680 2419 762 2510 μεθ’
783 2417 825 2490 δν
843 2419 976 2511 Πρόβος
994 2421 1072 2502 υίδς

99 2521 209 2594 αῦτοῦ
232 2525 344 2613 ἕτερος
369 2531 418 2606 είς
441 2522 502 2594 τόν
526 2521 757 2615 άρχιερατικόν
780 2528 902 2593 τοῦτον
920 2522 1072 2614 ίδρόεται

99 2623 244 2714 θρόνον,
262 2623 303 2693 δν
320 2625 553 2716 Μητροφάνης
570 2623 588 2694 ὁ
607 2623 753 2714 άδελφός
771 2625 949 2708 διεδέξατο.
1083 2644 1105 2695 0

55 2755 86 2796 τε
175 2722 248 2796 Ἐπί
271 2724 395 2796 τοῦτου
412 2733 474 2796 τοῦ
492 2721 739 2817 αὐτοκράτορος
757 2727 814 2795 καὶ
832 2724 989 2817 δ”Αρειος
1007 2732 1066 2814 τῆς
1081 2737 1104 2800 4

101 2830 140 2896 ἐν
154 2824 388 2919 Ἀλεξανδρείᾳ
401 2829 577 2916 ἐκκλησίας
596 2827 706 2916 ίερεῦς
724 2829 931 2916 ἐγνωρίζετο,
949 2835 1072 2914 κτίσμα

98 2927 269 3016 τολμήσας
294 2935 402 3000 είπείν
425 2928 485 2999 τόν
507 2927 587 2998 υίόν
611 2934 673 2997 τοῦ
697 2933 783 2996 θεοῦ
808 2927 866 2996 καὶ
889 2925 992 3013 λόγον
1016 2928 1072 2994 καί

99 3026 222 3110 οῦσίας
242 3031 355 3120 ἑτέρας
379 3031 437 3100 καί
461 3027 503 3099 οῦ
527 3034 703 3102 συναίδιον
720 3033 768 3121 τῷ
785 3034 899 3117 πατρί,
924 3025 988 3096 οῦκ
1006 3025 1072 3096 αῦ-

100 3127 159 3211 τός
181 3132 355 3223 γεννήτωρ
375 3137 435 3220 τῆς
461 3131 620 3222 αίρέσεως
645 3127 805 3217 γεγονός.
849 3133 980 3220 πρῶτος
1006 3125 1072 3220 γάρ

59 3262 89 3302 εο
100 3230 276 3322 Ὠριγένης
302 3232 387 3322 πρὸς
412 3232 527 3314 άλλαις
545 3239 715 3312 πλείσταις
734 3229 845 3313 δόξαις
864 3229 1073 3320 διεφθαρμέν

101 3361 177 3414 ναις
201 3335 259 3402 καὶ
281 3332 342 3404 τόν
363 3340 532 3424 μονογενῆ
556 3331 636 3404 νίόν
659 3338 720 3403 τοῦ
742 3337 829 3402 θεοῦ
852 3330 985 3402 κτιστόν
1016 3334 1072 3402 καὶ

102 3433 281 3527 ἀλλότριον
300 3433 385 3504 εἶναι
403 3441 462 3524 τῆς
481 3433 600 3517 οόσίας
614 3441 673 3524 τῆς
686 3439 849 3526 πατρικῆς
863 3432 1072 3524 εἰσηγήσατο.
