2558 3820
448 167 755 222 mmwwn
1027 169 1091 235 m

7 329 8 334 ’
114 307 221 390 πολὺς
245 307 283 378 δέ
305 305 452 398 γεγονῶς
475 302 493 378 ὁ
517 317 650 400 Καίσαρ
674 305 741 400 ἤδη
766 306 818 380 ἐπ’
848 306 950 382 αὐτὸν
974 309 1089 404 ἐχῶρει

114 407 304 500 Πομπήιον.
340 408 357 480 ὁ
382 409 421 480 δέ
443 407 564 499 φυγῶν
588 417 636 492 είς
654 414 854 503 Βρεντέσιον
878 415 1086 496 ἐξέπλευσεν.

114 510 253 602 άπορῶν
267 512 304 582 δὲ
317 514 410 600 νηῶν
427 507 592 602 δΚαλσαρ
607 519 654 596 είς
672 511 735 602 τὴν
750 507 877 604 Ῥῶμην
888 513 1086 605 ἀνέστρεψε,

113 616 169 684 καλ
188 611 299 701 πάσης
311 619 369 702 τῆς
384 609 523 696 Ἰταλίας
541 609 704 704 άναιμωιλ
722 612 836 704 κάριος
853 617 994 706 γέγονεν
1010 615 1088 706 ἡμέ·

85 741 100 783 ε
115 743 190 805 ραις
210 711 377 803 ἑξήκοντα.
411 713 523 803 εὖρῶν
542 716 580 786 δέ
597 718 653 786 καλ
666 713 729 805 τὴν
741 715 841 788 πόλιν
854 722 1087 809 καθεστῶσαν,

113 819 172 886 καί
188 820 260 888 τῶν
276 813 343 886 άπὸ
367 820 426 906 τῆς
450 820 574 906 βουλῆς
598 817 744 907 συχνοὺς
768 821 805 889 ἐν
829 817 932 912 αὐτῇ,
957 818 1088 903 τούτοις
1146 873 1153 890 .

114 921 242 1006 ἐπιεικῆ
280 920 468 1008 διειλέχθη,
503 915 605 1002 άξιῶν
636 915 758 1002 αὐτοὺς
792 917 878 1008 πρδς
908 919 1088 1011 Πομπήιον

111 1015 331 1090 ἀποστέλλειν
345 1022 399 1090 ἐπὶ
412 1017 633 1110 σνμβάσεσιν.
665 1023 806 1110 ἐπείσθη
822 1021 853 1092 δ’
874 1019 999 1106 οὐδείς.
1025 1026 1188 1098 τοῦΡΙεεε

7 1173 9 1178 ,
112 1121 151 1191 δὲ
171 1118 342 1211 δημάρχου
357 1123 533 1193 Μετέλλου
547 1119 734 1205 κωλύοντος
748 1121 851 1194 αὐτὸν
869 1127 988 1195 ἐκτῶν
1005 1119 1085 1195 άπο·

69 1247 97 1287 ιο
109 1222 224 1294 θένων
241 1220 418 1312 χρημάτων
435 1222 637 1313 λαμβάνειν,
657 1225 713 1294 καλ
730 1221 856 1314 νόμους
873 1227 1086 1316 προσφέρον-

108 1351 185 1412 τος,
209 1329 274 1412 ἐφη
292 1322 337 1414 μὴ
356 1322 415 1398 τόν
432 1321 536 1396 αὐτδν
552 1323 668 1396 ὅπλων
686 1328 744 1396 καί
767 1323 881 1416 νόμων
906 1325 993 1397 εἶναι
1010 1355 1084 1398 και-

109 1421 188 1516 ρόν·
211 1422 278 1496 “σδ
297 1427 333 1496 δέ
351 1427 417 1496 νῶν
430 1427 492 1516 μέν
506 1425 658 1498 ἐκποδῶν
671 1427 786 1498 άπιθι·
814 1435 1001 1518 παρρησίας
1019 1427 1083 1519 γάρ

111 1524 154 1598 οὐ
171 1531 278 1596 δεῖται
291 1524 443 1617 πόλεμος.
475 1523 556 1598 ὅταν
574 1528 613 1598 δὲ
625 1527 666 1599 τά
683 1525 769 1600 ὅπλα
783 1527 991 1620 κατάθωμαι,
1010 1527 1085 1600 τότε

111 1625 375 1718 δημαγωγήσεις.
418 1630 475 1699 καί
498 1625 623 1700 ταῶνα”
650 1636 715 1721 ἐφη
733 1625 843 1720 “λε’γω
866 1636 935 1702 τῶν
962 1634 1084 1703 ἑαυτοῦ

7 1781 10 1822 5
68 1751 96 1791 1⁶
110 1735 254 1800 δικαίων
270 1729 466 1820 ὑφιέμενος·
496 1729 572 1819 ἐμὸς
595 1730 660 1820 γάρ
684 1732 717 1802 ελ
736 1735 792 1804 καί
815 1733 858 1803 σὺ
882 1735 938 1804 καὶ
962 1731 1083 1815 πάντες

7 1847 8 1864 ³
108 1829 210 1914 ὅσους
226 1833 295 1902 τῶν
320 1829 404 1924 πρὸς
430 1832 487 1922 ἐμὲ
504 1830 758 1905 στασιασάντων
781 1829 998 1925 συνέλαβον.”
1036 1835 1082 1926 μὴ

8 1933 10 1940 ’
109 1934 324 2022 φαινομένων
359 1934 397 2004 δέ
430 1939 499 2005 τῶν
534 1937 677 2004 κλειδῶν
713 1933 886 2006 ἐκκόπτειν
917 1939 1080 2008 ἐκέλευεν.

108 2027 211 2115 αὖθις
228 2034 267 2104 δέ
283 2038 343 2105 τοῦ
361 2037 537 2106 Μετέλλου
560 2033 763 2125 κωλύοντος,
789 2042 849 2106 καί
869 2063 973 2108 τινων
991 2040 1082 2106 ἐπαι-

108 2136 282 2224 νούντων,
306 2131 490 2225 ἠπείλησεν
512 2133 710 2206 άποκτενελν
727 2131 850 2224 αὐτόν,
876 2142 907 2205 εί
930 2133 975 2225 μὴ
993 2134 1082 2206 παύ-

8 2247 10 2312 ῗ
66 2259 225 2340 εοὶσαιτο,
252 2233 582 2329 είπῶν“μειράκιον,
608 2235 740 2326 ἀγνοεῖς
758 2234 809 2307 ὅτι
828 2234 1111 2327 δυσκολῶτερόνΒ

109 2343 184 2410 ἐστί
197 2366 254 2429 μοι
272 2345 381 2410 εἰπεῖν
398 2333 419 2428 ἢ
437 2343 559 2430 πρᾶξαι
566 2335 593 2424 ;”

181 2437 398 2532 Ἐστράτενσε
425 2438 457 2510 δ’
480 2447 527 2524 είς
542 2437 705 2531 Ἰβηρίαν,
730 2442 787 2511 καί
803 2432 863 2523 τάς
887 2443 958 2512 ἐκεί
974 2439 1082 2512 δυνά-

9 2561 10 2564 ’
106 2569 181 2631 μεις
198 2544 255 2611 καλ
272 2540 330 2623 τάς
344 2545 504 2632 ἐπαρχίας
516 2539 576 2631 ὑφ’
599 2542 722 2613 ἑαυτὸν
739 2540 961 2632 ποιησάμενος
975 2540 1081 2626 οὕτως

108 2645 165 2714 ἐπὶ
189 2641 369 2732 Πομπήιον
390 2639 547 2733 ἤλαυνεν.
589 2647 739 2733 αἱρεθεὶς
765 2645 802 2716 δέ
826 2643 989 2735 δικτάτωρ
1012 2642 1081 2715 άπὸ

66 2777 94 2818 ει
107 2751 168 2834 τῆς
186 2749 311 2834 βουλῆς
328 2743 483 2834 φυγάδας
505 2772 542 2815 τε
565 2743 732 2835 κατήγαγε
756 2748 812 2816 κάλ
836 2743 948 2816 άλλων
972 2744 1080 2832 ἥψατο

107 2844 370 2936 πολιτευμάτων.
404 2851 441 2917 ἑν
457 2841 595 2938 ἡμέραις
615 2847 652 2916 δέ
670 2849 791 2918 ἕνδεκα
804 2845 866 2934 τὴν
882 2847 945 2936 μὲν
957 2874 1080 2936 μοναρ-

108 2955 188 3038 χίαν
205 2943 448 3036 ἀπειπάμενος,
473 2944 603 3019 ὕπατον
620 2947 659 3018 δέ
677 2945 855 3031 ἀναδείξας
879 2945 1000 3017 ἑαυτὸν
1022 2949 1079 3017 καλ

107 3056 313 3139 Σερουίλιον
331 3046 536 3141 Ἰσαυρικόν,
568 3060 673 3143 είχετο
702 3055 761 3136 τῆς
792 3051 973 3137 στρατείας.
1024 3051 1080 3118 καί

108 3149 230 3238 διαβάς
251 3149 312 3222 τὸν
337 3147 457 3222 Ἰόνιον
479 3147 618 3240 Ὤρικον
641 3151 698 3219 καλ
724 3146 954 3220 Ἀπολλωνίαν
980 3154 1079 3239 αλρεί.

66 3283 94 3326 εο
108 3255 143 3336 ἐξ
158 3248 383 3335 Ἀπολλωνίας
408 3253 445 3323 δὲ
469 3250 583 3345 κρύφα
605 3249 742 3324 πάντων
765 3257 813 3333 είς
836 3260 955 3322 πλοίου
976 3248 1080 3341 ἐμβάς

110 3350 393 3444 δωδεκάσκαλμον
428 3358 465 3425 ἐν
501 3357 618 3443 ἐσθῆτι
646 3351 854 3445 θεράποντος
888 3349 1080 3443 άναχδῆυαι

108 3453 194 3545 πρὸς
211 3451 248 3526 τὸ
265 3457 466 3547 Βρεντέσιον
484 3451 724 3545 ἐβουλεύσατο,
747 3457 808 3526 τοῦ
828 3451 994 3542 πελάγους
1011 3447 1113 3524 δπδο
