2538 3824
181 164 246 228 446
495 165 566 220 τω.
578 165 613 217 x.
633 165 712 217 cAP.
725 165 836 223 XXXV.

183 317 317 396 χθείσιν
332 301 489 394 ήθέλησε.
525 305 587 394 τήν
606 303 637 375 δ’
658 302 842 395 ἡγεμονίαν
860 312 997 395 καίπερ,
1016 301 1060 387 ὦς
1079 311 1154 376 ἐλε-
1262 285 1265 354 ‘ss

184 435 255 496 γεν,
274 405 398 495 άφιείς,
423 406 538 495 ἐπειδὴ
556 409 612 477 καὶ
631 402 671 477 τά
690 403 831 496 δεύτερα
850 407 931 478 δέκα
948 413 1005 496 ἐτη
1022 413 1152 496 παρήλ-

183 519 262 597 θον,
281 505 373 580 άκων
386 513 495 598 δήθεν
509 501 610 592 αὖθις
624 511 767 597 ἐδέξατο,
787 503 831 590 ὥς
847 511 900 579 ἐπὶ
913 505 991 592 τούς
1005 507 1153 590 Κελτούς

184 607 406 700 στρατεύσωυ.
455 611 511 680 καὶ
534 607 633 692 αύτὸς
657 611 719 700 μέν
742 620 828 682 οίκοι
850 613 1062 700 κατέμεινεν,
1095 607 1148 680 ἐπ’
1263 611 1265 616 ’

185 715 334 793 ἐκείνους
353 712 389 782 δὲ
407 708 465 782 τὸν
488 713 642 800 Τιβέρωυ
660 719 816 802 ἐπεμψεν.
861 707 902 784 ὃν
921 709 1180 783 ἐπανελθόνταε

185 809 413 903 αὐτοκράτορά
435 839 471 883 τε
494 809 612 884 άνειπε
635 815 691 884 καί
714 809 844 885 ύπατον
867 803 969 898 αύθις
999 809 1153 897 άπέδειξε

184 917 240 985 καί
264 931 333 999 τοῖς
357 917 531 996 ἐπινικίοις
555 917 745 1006 ἐσέμνυνεν.
782 912 881 997 αὐτὸς
900 916 937 986 δέ
954 913 1013 986 τὸν
1030 919 1152 999 Σεξτί-

150 1026 259 1088 ὒλιου
276 1013 484 1105 καλούμενον
499 1023 590 1106 μῆνα
608 1013 809 1106 Αὔγουστον
824 1014 1047 1107 άντωυόμασε.

267 1121 336 1188 ,Τού
355 1119 391 1188 δέ
402 1115 587 1206 ΙΜαικήνου
601 1116 859 1208 τελευτήσαντος
877 1115 1017 1208 ήλγησε·
1046 1115 1154 1190 πολλά

183 1220 246 1309 μὲν
263 1219 328 1310 γάρ
345 1221 402 1289 καλ
418 1219 503 1290 ἄλλα
520 1216 580 1290 ὑπ’
600 1217 705 1290 αύτοῦ
723 1216 849 1310 ὤνητο,
880 1219 1020 1311 μάλιστα
1039 1221 1077 1290 δὲ
1092 1223 1151 1310 τής
1167 1249 1194 1289 ιο

183 1320 305 1412 ὀργής,
328 1319 385 1391 ὅτε
402 1316 643 1413 άκρατέστερον
661 1317 747 1413 αύτή
766 1323 939 1412 ἐκέχρητο,
966 1319 1153 1412 παρελύετο

185 1425 241 1493 καὶ
271 1420 453 1513 μετήνεκτο
475 1422 560 1513 πρὸς
588 1420 625 1493 τό
649 1421 843 1515 ἠπιώτερον.
892 1421 1070 1514 τεκμήρωυ
1101 1420 1177 1512 θέ,Ι

186 1521 377 1609 θικάζοντός
401 1551 480 1594 ποτε
503 1522 707 1607 καλπολλάς
730 1522 993 1615 ἀποφηναμένου
1017 1523 1152 1615 ψήφους

70 1627 73 1637 '
125 1663 127 1668 ·
183 1622 386 1718 θαυατικάς,
417 1628 610 1716 ἐπεχείρησε
633 1627 695 1717 μὲν
717 1625 734 1697 ὁ
759 1625 938 1716 Μαικήνας
963 1624 1153 1698 διώσασθαι

183 1724 262 1809 τούς
284 1730 505 1816 περιεστῶτας
529 1730 584 1798 καλ
611 1728 709 1818 ἐγγύς
734 1725 824 1823 αύτῷ
854 1736 1074 1817 προσελθεῖν,
1105 1727 1151 1818 μή
1166 1755 1191 1795 ιτ

183 1831 348 1918 ’δυνηθεὶς
361 1829 398 1900 δὲ
407 1835 553 1918 ἔγραψεν
568 1833 605 1900 ἐν
614 1828 718 1922 χάρτη
728 1837 835 1924 μικρῷ
843 1827 1006 1919 “άνάστα,
1022 1826 1152 1920 δήμιε”,

185 1931 242 2002 καὶ
261 1926 343 2002 αύτὸ
363 1936 410 2012 είς
427 1929 486 2002 τὸν
504 1928 630 2002 κόλπον
648 1929 752 2002 αὐτοῦ
771 1937 924 2023 ἔρριψεν
960 1927 979 2003 ὃ
997 1931 1153 2002 ἐπελθών

186 2035 312 2116 ἐκεῖνος
337 2029 442 2115 εύθύς
467 2028 589 2122 άνέστη
616 2035 672 2104 καί
689 2030 749 2114 τάς
765 2031 901 2124 ψήφους
919 2029 1095 2125 ἠκύρωσεν
1112 2029 1152 2116 άς
1250 2047 1252 2050 ’

184 2138 366 2222 τηνικαῦτα
383 2124 426 2224 ἦν
443 2132 684 2224 ψηφισάμενος.
720 2133 761 2205 ού
778 2135 844 2226 γάρ
861 2133 1040 2225 ἠγανάκτει
1059 2141 1148 2225 διορ-
1266 2131 1267 2138 ³

150 2248 175 2298 D
186 2233 353 2326 θούμενος
369 2230 437 2306 ύπὸ
454 2241 522 2306 τῶν
539 2243 661 2325 φίλων,
680 2234 766 2306 άλλά
783 2245 902 2328 ἐχαιρε.
938 2239 1092 2328 μέγιστον
1111 2235 1149 2305 δὲ
1163 2261 1191 2301 ‘20

184 2341 242 2428 τῆς
260 2335 379 2428 ἀρετῆς
396 2343 457 2407 τοῦ
475 2334 657 2426 Μαικήναν
677 2343 807 2428 δεῖγμα,
826 2337 876 2410 ὅτι
894 2343 941 2433 τῷ
957 2365 994 2410 τε
1012 2334 1151 2428 Αύγού-

185 2461 253 2532 στω
281 2437 365 2528 πρὸς
396 2435 455 2519 τάς
477 2433 581 2529 ὁρμάς
605 2437 711 2510 αύτοῦ
734 2435 978 2530 ἀνθιστάμενος
1004 2435 1152 2533 ρύκείωτο

185 2542 328 2620 καὶτοῖς
345 2535 457 2620 ἄλλοις
474 2535 600 2612 ἅπασιν
612 2538 745 2632 ήρεσκε,
763 2543 819 2612 καλ
832 2537 883 2614 ὅτι
896 2551 1053 2613 πλείστου
1067 2537 1150 2630 παρ’
1266 2547 1267 2556 ’

185 2636 276 2734 αύτῷ
295 2646 476 2730 δυνηθείς,
501 2639 587 2712 ὥστε
611 2651 746 2726 πολλοῖς
768 2645 825 2714 καὶ
848 2640 943 2733 τιμάς
966 2645 1022 2713 καὶ
1046 2638 1152 2734 άρχὰς

185 2747 318 2831 δοῦναι,
341 2739 439 2826 αύτός
464 2747 502 2814 ἐν
525 2750 573 2838 τῷ
596 2747 664 2815 τῶν
683 2747 812 2816 ἱππέων
828 2749 914 2816 τέλει
932 2751 1076 2834 κατεβίω
1094 2747 1150 2816 καὶ
1165 2768 1193 2810 2⁵
1266 2829 1267 2832 Ἴ

184 2840 247 2934 ούχ
263 2842 548 2935 ὑπερεφρόνησεν.

257 2945 364 3036 Ὁρῶν
393 2947 430 3018 δὲ
456 2945 475 3018 ὁ
504 2943 700 3036 Αὔγουστος
725 2946 784 3019 τόν
814 2976 850 3019 τε
873 2945 977 3018 Γάιον
1008 2949 1063 3018 καὶ
1091 2945 1152 3018 τὸν

184 3043 332 3120 Λούκιον
348 3047 426 3131 τούς
443 3046 601 3137 ἐγγόνους
619 3045 741 3140 αύτού,
766 3044 822 3131 ούς
843 3051 898 3120 καὶ
916 3047 1150 3139 νίοθετήσατο,

184 3149 229 3237 μή
246 3147 287 3220 τά
304 3145 374 3238 ήθη
392 3153 571 3238 ζηλοῦντας
589 3149 709 3238 αύτού,
733 3149 774 3221 ού
792 3150 856 3244 γάρ
873 3147 1057 3242 άβρότερον
1076 3153 1152 3239 διή-

185 3275 246 3333 γου
269 3247 389 3338 μόνον,
414 3245 500 3319 άλλά
522 3254 578 3320 καί
604 3249 852 3343 ἐθρασύνοντο,
884 3255 940 3323 καί
964 3253 1149 3343 βουληθείς
1164 3276 1194 3316 30

185 3341 306 3428 αύτούς
323 3350 615 3439 σωφρονεστέρους
632 3353 758 3424 θέσθαι
777 3351 821 3436 ὡς
840 3351 992 3444 ίδιοάτας,
1019 3359 1066 3449 τῷ
1089 3363 1150 3424 Τι-

184 3450 288 3540 βῑθίῳ
313 3447 369 3528 εἰς’
382 3452 481 3520 πέντε
505 3456 561 3540 ἐτη
586 3451 648 3542 τήν
668 3453 876 3548 δημαρχικὴν
894 3459 1049 3540 ἐξουσίαν
1065 3451 1150 3528 άπέ-
1266 3461 1267 3464 ’
