2562 3814
429 135 500 185 mss.
515 137 574 186 vn.
594 136 673 192 σεε.
685 138 787 190 xxm.
1030 139 1091 204 155

116 299 189 344 νεν.
223 267 312 344 οὕτω
331 273 369 342 δὲ
388 274 443 342 καὶ
460 271 537 356 τούς
555 273 693 358 λοιποὺς
711 271 861 366 ἀνῄρουν
879 277 1089 367 προσπεσόν-

115 405 172 456 τες
190 379 228 445 οί
243 372 428 464 βάρβαροι,
453 373 583 458 καλιάς
601 384 708 458 οἰκίας
727 376 898 466 ἐπόρθουν
916 381 971 450 καὶ
989 410 1088 452 πατε-

114 484 327 566 πίμπρασιιν.
366 475 437 545 εἶτα
454 477 510 546 καὶ
527 481 574 570 τῷ
587 487 788 572 Καπιτωλίῳ
801 485 1024 569 προσέβαλον·
1044 477 1089 564 οἱς

117 577 149 648 δ’
175 581 230 648 ἐπὶ
248 574 373 657 πολλάς
394 571 635 668 ἐπιχειροῦντες
653 579 777 669 ἡμέρας
795 579 896 652 οὐδὲν
913 579 1037 672 ήνυον,
1055 589 1091 654 οί

87 681 184 768 τμὲν
203 677 394 769 ἐφρούρουν
411 677 447 749 τό
465 678 690 771 Καπιτώλιον,
711 688 746 751 ολ
762 683 799 752 δὲ
816 681 879 772 τήν
897 682 1009 774 χάραν
1027 715 1088 754 κα-

121 783 277 869 τέτρεχον
298 778 425 872 τροφάς
448 783 674 871 ποριζόμενοι,
700 782 915 872 σκιδνάμενοι
933 789 989 855 καὶ
1007 810 1087 857 σπο-

118 880 234 971 ράδην
251 880 407 972 ἐπιόντες,
425 877 500 953 ἄλλ’
515 882 576 972 οὐχ
594 883 689 972 ὁμοῦ,
708 883 765 954 άτε
782 889 866 974 μέγα
880 893 1085 976 φρονοῦντες
1099 907 1120 957 c

115 990 165 1076 τῷ
189 977 410 1072 εάτυχήματι,
443 986 499 1053 καὶ
522 982 590 1054 ὑπό
620 989 726 1073 μέθης
754 988 973 1075 ἐσφάλλοντο
1005 1001 1086 1081 οίνφ

114 1085 183 1173 γὰρ
203 1083 401 1173 ἐντυχόντες
425 1089 538 1179 πολλςό
554 1085 796 1173 ἀκρατέστερον
819 1092 963 1178 ἐχρῶντο
981 1088 1084 1184 αὐτῷ,

76 1215 102 1256 ιο
113 1185 218 1276 μήπω
236 1185 401 1276 πρότερον
419 1186 564 1276 πόματος
581 1188 735 1258 τοιούτου
753 1189 962 1277 γευσάμενοι.

197 1283 301 1358 Οὕτω
314 1287 347 1358 δ’
363 1297 498 1378 ἔχοντας
515 1286 605 1377 ὅρων
616 1289 693 1370 τούς
705 1287 855 1369 Γαλάτας
873 1289 891 1360 ὁ
907 1289 1085 1380 Κάμιλλος,

114 1391 192 1462 ἐπεὶ
212 1392 270 1458 καὶ
283 1387 344 1476 τήν
357 1394 426 1462 τοῖν
441 1385 629 1478 Ἀρδεατῶν
642 1395 808 1479 ἐληίζοντο
821 1389 946 1480 χώραν,
965 1389 1087 1476 αὐτοὺς

30 1485 33 1487 ’
114 1493 153 1560 δὲ
172 1489 252 1572 τούς
267 1486 445 1580 Ἀρδεάτας
463 1489 586 1580 πλήθει
603 1494 665 1582 μὲν
684 1489 819 1574 ίκανοός
837 1489 946 1580 όντας,
964 1492 1086 1582 τόλμης

116 1593 155 1662 δὲ
181 1593 361 1681 δεομένους
386 1589 434 1662 δι’
455 1592 614 1680 άπειρίαν
637 1597 693 1664 καὶ
716 1592 858 1683 τόπρός
881 1592 986 1685 μάχας
1004 1591 1085 1666 άνά·

75 1721 102 1762 15
115 1717 255 1782 σκητον,
274 1692 374 1782 λόγον
391 1694 475 1783 πρός
493 1697 571 1776 τούς
589 1699 771 1781 νεωτέρους
786 1700 944 1784 ἐνέβαλεν
963 1695 1007 1780 ὡς
1021 1695 1084 1768 οὐκ

114 1793 260 1886 ἀνδρείᾳ
284 1801 353 1864 τῶν
377 1793 559 1886 βαρβάρων
582 1796 643 1884 τήν
669 1796 855 1885 εὐπραγίαν
877 1797 990 1870 αὐτοῖν
1016 1803 1084 1868 ἐπι-

115 1895 309 1984 γράφεσθαι
329 1903 391 1985 δεῖ,
411 1893 486 1967 ἀλλ’
501 1895 620 1988 άτυχίμ
634 1896 813 1988 Ῥωμαίων,
834 1903 888 1968 καὶ
908 1907 939 1970 εί
956 1913 1084 1986 προθυ-

117 2012 234 2086 μοῖντο
265 2001 321 2068 καὶ
350 2003 538 2086 θαρροῦσιν
569 1997 681 2086 αὐτοί,
713 1996 905 2082 άκινδάνως
934 1999 1085 2086 νικήσειν

116 2097 197 2180 τούς
218 2105 398 2188 πολεμίους
422 2107 647 2190 διισχυρίζετο.
690 2097 779 2170 οὕτω
802 2107 920 2182 πείσας
937 2099 1015 2182 τούς
1033 2103 1085 2171 νέ·

76 2227 104 2268 το
116 2228 195 2288 ους,
222 2201 292 2270 εἶτα
310 2203 366 2271 καὶ
384 2201 463 2283 τούς
487 2199 641 2289 λοιπούς,
667 2200 791 2272 ὥπλισε
808 2197 887 2280 τοός
905 2204 943 2272 ἐν
959 2200 1083 2292 ἡλικίᾳ,
1094 2221 1118 2269 D

115 2308 171 2370 παλ
190 2299 312 2384 νυκτός
330 2309 472 2390 βαθείας
495 2301 683 2392 μεθάουσιν
701 2299 802 2384 αὐτὸς
819 2300 901 2390 μετά
920 2304 989 2371 τοῖν
1010 2298 1086 2390 Ἀρ-

115 2406 247 2474 δεατῶν
265 2420 333 2483 τοῖς
351 2401 533 2493 βαρβάροις
551 2408 736 2494 προσέμιξε.
764 2406 820 2474 καὶ
838 2401 915 2486 τούς
929 2411 1086 2486 πλείονας

113 2511 187 2576 ε’κεῑ
204 2506 399 2593 κατέκοψεν,
419 2513 451 2576 εί
468 2507 507 2574 δέ
521 2533 610 2588 τινες
633 2508 690 2576 καὶ
713 2522 838 2595 φυγεῖν
861 2504 1085 2594 ἠδυνήθησαν
1130 2522 1132 2526 ’

113 2612 152 2675 ἐν
169 2609 219 2698 τῷ
237 2605 359 2695 σκότει,
378 2603 458 2696 μεθ’
472 2605 600 2696 ἡμέραν
618 2609 815 2698 διέφθειρον
833 2612 944 2689 ίππεϊς
963 2605 1085 2690 αὐτους

74 2733 100 2774 ετ
113 2705 439 2794 καταλαμβάνοντες.

200 2813 280 2893 Τῆς·
296 2811 333 2880 δὲ
357 2808 469 2898 φήμης
494 2809 577 2901 ταχύ
605 2807 793 2899 κηρυξάσης
824 2809 1016 2898 ἁπανταχοῦ
1046 2805 1083 2878 τό

113 2907 337 2998 κατόρθωμα,
368 2909 441 2981 ὅσοι
471 2915 538 2980 τῶν
566 2906 735 3000 Ῥωμαίων
761 2910 926 2999 φυγόντες
959 2915 993 2978 ἐι
1024 2913 1083 2989 τῆς

114 3009 250 3099 πραότης
269 3010 351 3098 πρός
368 3011 446 3094 τούς
464 3010 615 3092 Γαλάτας
632 3012 737 3100 μάχης
750 3012 919 3098 ἐσώζοντο,
938 3009 978 3082 τά
996 3007 1082 3096 ὅπλα

115 3111 279 3202 λαβόντες
297 3109 450 3204 άπήεσαν
467 3110 549 3201 πρός
560 3112 618 3187 τὸν
631 3113 815 3203 Κάμιλλον,
836 3116 992 3202 δέχεσθαι
1007 3110 1084 3184 δεό-

76 3241 210 3301 τομενοι
229 3211 293 3301 τήν
306 3211 412 3304 άρχὴν
426 3213 546 3285 αὐτῶν.
583 3211 600 3284 ὁ
621 3212 653 3284 δ’
668 3212 730 3284 οὐκ
748 3223 812 3304 ἐφη
825 3213 1084 3303 πεισθήσεσθαι,
1117 3297 1119 3300 ¹

114 3449 147 3498 π
180 3382 217 3498 ξθ
237 3371 252 3429 ὁ
266 3369 296 3430 δ’
311 3369 363 3431 οάιι
378 3373 447 3446 ἔφη]
463 3378 606 3429 Plutarchi
618 3380 705 3430 verba
718 3385 791 3444 sunt,
806 3395 860 3430 non
873 3380 970 3431 Dionis
984 3379 1083 3443 fragm.

153 3483 161 3512 ,
200 3483 206 3497 .
