<?xml version="1.0" encoding="UTF-8"?>
<!DOCTYPE html PUBLIC "-//W3C//DTD XHTML 1.0 Transitional//EN"
    "http://www.w3.org/TR/xhtml1/DTD/xhtml1-transitional.dtd">
<html xmlns="http://www.w3.org/1999/xhtml" xml:lang="en" lang="en">
 <head>
  <title>
</title>
<meta http-equiv="Content-Type" content="text/html;charset=utf-8" />
  <meta name='ocr-system' content='tesseract 3.04.00' />
  <meta name='ocr-capabilities' content='ocr_page ocr_carea ocr_par ocr_line ocrx_word'/>
</head>
<body>
  <div class='ocr_page' id='page_1' title='image "./iannoutouznapae01canggoog_0593.png"; bbox 0 0 2586 3800; ppageno 0'>
   <div class='ocr_carea' id='block_1_1' title="bbox 1172 8 1280 48">
    <p class='ocr_par' dir='ltr' id='par_1_1' title="bbox 1172 8 1280 48">
     <span class='ocr_line' id='line_1_1' title="bbox 1172 8 1280 48; baseline 0 -14"><span class='ocrx_word' id='word_1_1' title='bbox 1172 8 1280 48; x_wconf 60' lang='grc' dir='ltr'><strong><em>ΓξΙἿ</em></strong></span> 
     </span>
    </p>
   </div>
   <div class='ocr_carea' id='block_1_2' title="bbox 234 143 870 210">
    <p class='ocr_par' dir='ltr' id='par_1_2' title="bbox 234 143 870 210">
     <span class='ocr_line' id='line_1_2' title="bbox 234 143 870 210; baseline -0.006 -12"><span class='ocrx_word' id='word_1_2' title='bbox 234 145 295 210; x_wconf 89' lang='lat'><strong><em>108</em></strong></span> <span class='ocrx_word' id='word_1_3' title='bbox 561 145 633 196; x_wconf 87' lang='lat' dir='ltr'><strong>LIB.</strong></span> <span class='ocrx_word' id='word_1_4' title='bbox 644 143 710 196; x_wconf 82' lang='lat' dir='ltr'><strong><em>xn.</em></strong></span> <span class='ocrx_word' id='word_1_5' title='bbox 728 143 810 199; x_wconf 76' lang='lat' dir='ltr'>cAP.</span> <span class='ocrx_word' id='word_1_6' title='bbox 822 145 870 194; x_wconf 83' lang='lat' dir='ltr'><strong><em>XI.</em></strong></span> 
     </span>
    </p>
   </div>
   <div class='ocr_carea' id='block_1_3' title="bbox 132 279 1276 3520">
    <p class='ocr_par' dir='ltr' id='par_1_3' title="bbox 132 279 1276 3520">
     <span class='ocr_line' id='line_1_3' title="bbox 233 279 1205 376; baseline -0.002 -21"><span class='ocrx_word' id='word_1_7' title='bbox 233 281 369 376; x_wconf 83' lang='grc' dir='ltr'><strong><em>νήσης.”</em></strong></span> <span class='ocrx_word' id='word_1_8' title='bbox 410 299 490 368; x_wconf 80' lang='grc' dir='ltr'><strong><em>παῖς</em></strong></span> <span class='ocrx_word' id='word_1_9' title='bbox 515 282 547 354; x_wconf 91' lang='grc' dir='ltr'><strong><em>δ’</em></strong></span> <span class='ocrx_word' id='word_1_10' title='bbox 575 281 823 373; x_wconf 79' lang='grc' dir='ltr'><strong><em>ἐπιτυγχάνων</em></strong></span> <span class='ocrx_word' id='word_1_11' title='bbox 849 281 994 372; x_wconf 76' lang='grc' dir='ltr'><strong><em>καλιήν</em></strong></span> <span class='ocrx_word' id='word_1_12' title='bbox 1024 279 1205 372; x_wconf 75' lang='grc' dir='ltr'><strong><em>ἐγκύκλιον</em></strong></span> 
     </span>
     <span class='ocr_line' id='line_1_4' title="bbox 233 381 1204 477; baseline -0.004 -19"><span class='ocrx_word' id='word_1_13' title='bbox 233 387 359 477; x_wconf 72' lang='grc' dir='ltr'><strong><em>μιτιοδυ</em></strong></span> <span class='ocrx_word' id='word_1_14' title='bbox 376 392 536 457; x_wconf 76' lang='grc' dir='ltr'><strong><em>παιδείαν</em></strong></span> <span class='ocrx_word' id='word_1_15' title='bbox 552 388 610 456; x_wconf 82' lang='grc' dir='ltr'><strong><em>καὶ</em></strong></span> <span class='ocrx_word' id='word_1_16' title='bbox 622 401 696 467; x_wconf 77' lang='grc' dir='ltr'><strong><em>ταῖς</em></strong></span> <span class='ocrx_word' id='word_1_17' title='bbox 704 393 815 467; x_wconf 87' lang='grc' dir='ltr'><strong><em>θείαις</em></strong></span> <span class='ocrx_word' id='word_1_18' title='bbox 828 399 974 476; x_wconf 74' lang='grc' dir='ltr'><strong><em>γραφαῖς</em></strong></span> <span class='ocrx_word' id='word_1_19' title='bbox 988 381 1204 476; x_wconf 77' lang='grc' dir='ltr'><strong><em>ἐνησχόλητο,</em></strong></span> 
     </span>
     <span class='ocr_line' id='line_1_5' title="bbox 232 480 1206 578; baseline -0.001 -19"><span class='ocrx_word' id='word_1_20' title='bbox 232 487 331 560; x_wconf 79' lang='grc' dir='ltr'><strong><em>τοῦτό</em></strong></span> <span class='ocrx_word' id='word_1_21' title='bbox 348 485 384 560; x_wconf 86' lang='grc' dir='ltr'><strong><em>οἱ</em></strong></span> <span class='ocrx_word' id='word_1_22' title='bbox 398 492 458 558; x_wconf 79' lang='grc' dir='ltr'><strong><em>τοῦ</em></strong></span> <span class='ocrx_word' id='word_1_23' title='bbox 476 487 600 578; x_wconf 86' lang='grc' dir='ltr'><strong><em>πατρὸς</em></strong></span> <span class='ocrx_word' id='word_1_24' title='bbox 619 484 861 570; x_wconf 62' lang='grc' dir='ltr'><strong><em>ἐπιτάσσοντος.</em></strong></span> <span class='ocrx_word' id='word_1_25' title='bbox 887 485 906 556; x_wconf 91' lang='grc' dir='ltr'><strong><em>ό</em></strong></span> <span class='ocrx_word' id='word_1_26' title='bbox 925 486 963 556; x_wconf 73' lang='grc' dir='ltr'><strong><em>δὲ</em></strong></span> <span class='ocrx_word' id='word_1_27' title='bbox 980 483 1042 574; x_wconf 81' lang='grc' dir='ltr'><strong><em>οὐχ</em></strong></span> <span class='ocrx_word' id='word_1_28' title='bbox 1059 480 1105 568; x_wconf 79' lang='grc' dir='ltr'><strong><em>άς</em></strong></span> <span class='ocrx_word' id='word_1_29' title='bbox 1121 502 1206 568; x_wconf 84' lang='grc' dir='ltr'><strong><em>παῖς</em></strong></span> 
     </span>
     <span class='ocr_line' id='line_1_6' title="bbox 231 585 1205 679; baseline -0.002 -17"><span class='ocrx_word' id='word_1_30' title='bbox 231 605 302 674; x_wconf 77' lang='grc' dir='ltr'><strong><em>τοῖς</em></strong></span> <span class='ocrx_word' id='word_1_31' title='bbox 337 588 449 679; x_wconf 77' lang='grc' dir='ltr'><strong><em>λόγοις</em></strong></span> <span class='ocrx_word' id='word_1_32' title='bbox 483 605 553 671; x_wconf 72' lang='grc' dir='ltr'><strong><em>τοῖς</em></strong></span> <span class='ocrx_word' id='word_1_33' title='bbox 588 593 691 679; x_wconf 79' lang='grc' dir='ltr'><strong><em>ἱεροῖς</em></strong></span> <span class='ocrx_word' id='word_1_34' title='bbox 717 592 751 672; x_wconf 79' lang='grc' dir='ltr'><strong><em>ἐξ</em></strong></span> <span class='ocrx_word' id='word_1_35' title='bbox 783 593 939 677; x_wconf 80' lang='grc' dir='ltr'><strong><em>ἐπιπολῆς</em></strong></span> <span class='ocrx_word' id='word_1_36' title='bbox 970 585 1205 678; x_wconf 77' lang='grc' dir='ltr'><strong><em>ἐνετύγχανεν,</em></strong></span> 
     </span>
     <span class='ocr_line' id='line_1_7' title="bbox 233 688 1231 782; baseline -0.002 -20"><span class='ocrx_word' id='word_1_37' title='bbox 233 689 318 762; x_wconf 80' lang='grc' dir='ltr'><strong><em>ἀλλά</em></strong></span> <span class='ocrx_word' id='word_1_38' title='bbox 341 693 399 762; x_wconf 86' lang='grc' dir='ltr'><strong><em>ααὶ</em></strong></span> <span class='ocrx_word' id='word_1_39' title='bbox 429 692 620 782; x_wconf 70' lang='grc' dir='ltr'><strong><em>βαθυτέρας</em></strong></span> <span class='ocrx_word' id='word_1_40' title='bbox 648 688 770 779; x_wconf 83' lang='grc' dir='ltr'><strong><em>ήπτετο</em></strong></span> <span class='ocrx_word' id='word_1_41' title='bbox 798 698 964 779; x_wconf 80' lang='grc' dir='ltr'><strong><em>θεωρίας,</em></strong></span> <span class='ocrx_word' id='word_1_42' title='bbox 988 691 1045 759; x_wconf 83' lang='grc' dir='ltr'><strong><em>καὶ</em></strong></span> <span class='ocrx_word' id='word_1_43' title='bbox 1069 692 1231 778; x_wconf 72' lang='grc' dir='ltr'><strong><em>ἐρωταίνς</em></strong></span> 
     </span>
     <span class='ocr_line' id='line_1_8' title="bbox 234 785 1205 885; baseline -0.003 -21"><span class='ocrx_word' id='word_1_44' title='bbox 234 796 384 883; x_wconf 77' lang='grc' dir='ltr'><strong><em>συνεχεῖς</em></strong></span> <span class='ocrx_word' id='word_1_45' title='bbox 418 790 478 865; x_wconf 90' lang='grc' dir='ltr'><strong><em>τόν</em></strong></span> <span class='ocrx_word' id='word_1_46' title='bbox 512 794 637 880; x_wconf 72' lang='grc' dir='ltr'><strong><em>πατέρα</em></strong></span> <span class='ocrx_word' id='word_1_47' title='bbox 680 789 857 882; x_wconf 84' lang='grc' dir='ltr'><strong><em>πράγματα</em></strong></span> <span class='ocrx_word' id='word_1_48' title='bbox 899 806 1059 880; x_wconf 77' lang='grc' dir='ltr'><strong><em>παρεῖχεν</em></strong></span> <span class='ocrx_word' id='word_1_49' title='bbox 1101 785 1205 885; x_wconf 75' lang='grc' dir='ltr'><strong><em>αὐτῷ.</em></strong></span> 
     </span>
     <span class='ocr_line' id='line_1_9' title="bbox 235 891 1207 988; baseline -0.002 -22"><span class='ocrx_word' id='word_1_50' title='bbox 235 898 363 976; x_wconf 70' lang='grc' dir='ltr'><strong><em>ἐκείνας</em></strong></span> <span class='ocrx_word' id='word_1_51' title='bbox 382 895 419 964; x_wconf 71' lang='grc' dir='ltr'><strong><em>δὲ</em></strong></span> <span class='ocrx_word' id='word_1_52' title='bbox 436 893 525 988; x_wconf 74' lang='grc' dir='ltr'><strong><em>λόγῳ</em></strong></span> <span class='ocrx_word' id='word_1_53' title='bbox 542 894 605 984; x_wconf 71' lang='grc' dir='ltr'><strong><em>μὲν</em></strong></span> <span class='ocrx_word' id='word_1_54' title='bbox 623 897 805 982; x_wconf 80' lang='grc' dir='ltr'><strong><em>ἐπέπληττε</em></strong></span> <span class='ocrx_word' id='word_1_55' title='bbox 822 891 881 964; x_wconf 87' lang='grc' dir='ltr'><strong><em>τόν</em></strong></span> <span class='ocrx_word' id='word_1_56' title='bbox 897 898 1003 964; x_wconf 78' lang='grc' dir='ltr'><strong><em>παῖδα</em></strong></span> <span class='ocrx_word' id='word_1_57' title='bbox 1025 898 1083 980; x_wconf 76' lang='grc' dir='ltr'><strong><em>τῆς</em></strong></span> <span class='ocrx_word' id='word_1_58' title='bbox 1101 901 1207 964; x_wconf 81' lang='grc' dir='ltr'><strong><em>πολυ-</em></strong></span> 
     </span>
     <span class='ocr_line' id='line_1_10' title="bbox 234 990 1209 1088; baseline -0.002 -21"><span class='ocrx_word' id='word_1_59' title='bbox 234 993 493 1088; x_wconf 85' lang='grc' dir='ltr'><strong><em>πραγμοσόνης,</em></strong></span> <span class='ocrx_word' id='word_1_60' title='bbox 526 999 569 1086; x_wconf 76' lang='grc' dir='ltr'><strong><em>τῇ</em></strong></span> <span class='ocrx_word' id='word_1_61' title='bbox 599 991 632 1065; x_wconf 89' lang='grc' dir='ltr'><strong><em>δ’</em></strong></span> <span class='ocrx_word' id='word_1_62' title='bbox 657 991 803 1088; x_wconf 80' lang='grc' dir='ltr'><strong><em>άληθείη</em></strong></span> <span class='ocrx_word' id='word_1_63' title='bbox 832 992 896 1083; x_wconf 88' lang='grc' dir='ltr'><strong><em>τήν</em></strong></span> <span class='ocrx_word' id='word_1_64' title='bbox 920 990 1026 1065; x_wconf 80' lang='grc' dir='ltr'><strong><em>αότοό</em></strong></span> <span class='ocrx_word' id='word_1_65' title='bbox 1050 992 1209 1066; x_wconf 90' lang='grc' dir='ltr'><strong><em>διάνοιαν</em></strong></span> 
     </span>
     <span class='ocr_line' id='line_1_11' title="bbox 235 1091 1208 1191; baseline -0.003 -22"><span class='ocrx_word' id='word_1_66' title='bbox 235 1095 464 1186; x_wconf 77' lang='grc' dir='ltr'><strong><em>ἐξεπλήττετο·</em></strong></span> <span class='ocrx_word' id='word_1_67' title='bbox 507 1100 564 1167; x_wconf 79' lang='grc' dir='ltr'><strong><em>καὶ</em></strong></span> <span class='ocrx_word' id='word_1_68' title='bbox 599 1096 766 1168; x_wconf 77' lang='grc' dir='ltr'><strong><em>όπνονντι</em></strong></span> <span class='ocrx_word' id='word_1_69' title='bbox 799 1103 846 1191; x_wconf 76' lang='grc' dir='ltr'><strong><em>τῷ</em></strong></span> <span class='ocrx_word' id='word_1_70' title='bbox 880 1101 946 1190; x_wconf 76' lang='grc' dir='ltr'><strong><em>υἱῷ</em></strong></span> <span class='ocrx_word' id='word_1_71' title='bbox 985 1091 1208 1185; x_wconf 76' lang='grc' dir='ltr'><strong><em>ἐφιστάμενος</em></strong></span> 
     </span>
     <span class='ocr_line' id='line_1_12' title="bbox 236 1195 1243 1320; baseline 0.002 -51"><span class='ocrx_word' id='word_1_72' title='bbox 236 1196 385 1320; x_wconf 76' lang='grc' dir='ltr'><strong><em>ἐγύμνου</em></strong></span> <span class='ocrx_word' id='word_1_73' title='bbox 402 1198 443 1268; x_wconf 80' lang='grc' dir='ltr'><strong><em>τά</em></strong></span> <span class='ocrx_word' id='word_1_74' title='bbox 460 1203 582 1288; x_wconf 82' lang='grc' dir='ltr'><strong><em>στέρνα</em></strong></span> <span class='ocrx_word' id='word_1_75' title='bbox 598 1196 719 1270; x_wconf 81' lang='grc' dir='ltr'><strong><em>τούτου</em></strong></span> <span class='ocrx_word' id='word_1_76' title='bbox 735 1195 894 1278; x_wconf 82' lang='grc' dir='ltr'><strong><em>πολλάκις</em></strong></span> <span class='ocrx_word' id='word_1_77' title='bbox 907 1199 964 1267; x_wconf 75' lang='grc' dir='ltr'><strong><em>καὶ</em></strong></span> <span class='ocrx_word' id='word_1_78' title='bbox 977 1195 1205 1284; x_wconf 77' lang='grc' dir='ltr'><strong><em>κατησπάζετο</em></strong></span> <span class='ocrx_word' id='word_1_79' title='bbox 1219 1236 1243 1280; x_wconf 74' lang='grc' dir='ltr'><strong><em>ις</em></strong></span> 
     </span>
     <span class='ocr_line' id='line_1_13' title="bbox 236 1293 1207 1391; baseline -0.001 -21"><span class='ocrx_word' id='word_1_80' title='bbox 236 1297 280 1383; x_wconf 83' lang='grc' dir='ltr'><strong><em>άς</em></strong></span> <span class='ocrx_word' id='word_1_81' title='bbox 303 1307 403 1372; x_wconf 87' lang='grc' dir='ltr'><strong><em>θείου</em></strong></span> <span class='ocrx_word' id='word_1_82' title='bbox 427 1297 615 1389; x_wconf 77' lang='grc' dir='ltr'><strong><em>πνεύματος</em></strong></span> <span class='ocrx_word' id='word_1_83' title='bbox 638 1297 830 1391; x_wconf 88' lang='grc' dir='ltr'><strong><em>οἱκητήρια,</em></strong></span> <span class='ocrx_word' id='word_1_84' title='bbox 865 1302 922 1369; x_wconf 77' lang='grc' dir='ltr'><strong><em>καὶ</em></strong></span> <span class='ocrx_word' id='word_1_85' title='bbox 947 1305 1006 1387; x_wconf 82' lang='grc' dir='ltr'><strong><em>τῆς</em></strong></span> <span class='ocrx_word' id='word_1_86' title='bbox 1030 1293 1207 1382; x_wconf 74' lang='grc' dir='ltr'><strong><em>εὐτεκνίας</em></strong></span> 
     </span>
     <span class='ocr_line' id='line_1_14' title="bbox 180 1398 1207 1529; baseline -0.001 -56.966"><span class='ocrx_word' id='word_1_87' title='bbox 180 1401 359 1529; x_wconf 75' lang='grc' dir='ltr'><strong><em>611ἑαυτὸν</em></strong></span> <span class='ocrx_word' id='word_1_88' title='bbox 382 1399 563 1491; x_wconf 76' lang='grc' dir='ltr'><strong><em>ἐμακάριζε.</em></strong></span> <span class='ocrx_word' id='word_1_89' title='bbox 606 1405 667 1472; x_wconf 83' lang='grc' dir='ltr'><strong><em>τοῦ</em></strong></span> <span class='ocrx_word' id='word_1_90' title='bbox 694 1402 732 1470; x_wconf 70' lang='grc' dir='ltr'><strong><em>δὲ</em></strong></span> <span class='ocrx_word' id='word_1_91' title='bbox 756 1399 879 1491; x_wconf 87' lang='grc' dir='ltr'><strong><em>πατρὸς</em></strong></span> <span class='ocrx_word' id='word_1_92' title='bbox 901 1398 1006 1470; x_wconf 79' lang='grc' dir='ltr'><strong><em>αὐτοῦ</em></strong></span> <span class='ocrx_word' id='word_1_93' title='bbox 1029 1408 1207 1494; x_wconf 80' lang='grc' dir='ltr'><strong><em>μαρτυρίαι</em></strong></span> 
     </span>
     <span class='ocr_line' id='line_1_15' title="bbox 132 1479 1207 1601; baseline 0 -29"><span class='ocrx_word' id='word_1_94' title='bbox 132 1479 498 1601; x_wconf 52' lang='grc' dir='ltr'><strong><em>ξήξήωτελειωθέυτος</em></strong></span> <span class='ocrx_word' id='word_1_95' title='bbox 519 1499 735 1587; x_wconf 73' lang='grc' dir='ltr'><strong><em>ἐσπάνιζε</em></strong></span> <span class='ocrx_word' id='word_1_96' title='bbox 690 1530 758 1572; x_wconf 85' lang='grc' dir='ltr'><strong><em>ταν</em></strong></span> <span class='ocrx_word' id='word_1_97' title='bbox 775 1500 1003 1590; x_wconf 85' lang='grc' dir='ltr'><strong><em>άναγκαίοινὸ</em></strong></span> <span class='ocrx_word' id='word_1_98' title='bbox 1021 1499 1207 1591; x_wconf 81' lang='grc' dir='ltr'><strong><em>Ώριγένης.</em></strong></span> 
     </span>
     <span class='ocr_line' id='line_1_16' title="bbox 234 1601 1208 1694; baseline -0.005 -16"><span class='ocrx_word' id='word_1_99' title='bbox 234 1605 467 1694; x_wconf 82' lang='grc' dir='ltr'><strong><em>προσληφθεὶς</em></strong></span> <span class='ocrx_word' id='word_1_100' title='bbox 480 1605 516 1673; x_wconf 72' lang='grc' dir='ltr'><strong><em>δὲ</em></strong></span> <span class='ocrx_word' id='word_1_101' title='bbox 528 1601 618 1693; x_wconf 91' lang='grc' dir='ltr'><strong><em>παρά</em></strong></span> <span class='ocrx_word' id='word_1_102' title='bbox 630 1631 720 1685; x_wconf 88' lang='grc' dir='ltr'><strong><em>τινος</em></strong></span> <span class='ocrx_word' id='word_1_103' title='bbox 733 1603 893 1692; x_wconf 83' lang='grc' dir='ltr'><strong><em>γυναικός</em></strong></span> <span class='ocrx_word' id='word_1_104' title='bbox 904 1606 973 1674; x_wconf 74' lang='grc' dir='ltr'><strong><em>τάν</em></strong></span> <span class='ocrx_word' id='word_1_105' title='bbox 980 1605 1208 1692; x_wconf 84' lang='grc' dir='ltr'><strong><em>ἐπιφανεστά-</em></strong></span> 
     </span>
     <span class='ocr_line' id='line_1_17' title="bbox 234 1694 1245 1797; baseline 0.005 -23"><span class='ocrx_word' id='word_1_106' title='bbox 234 1733 303 1774; x_wconf 85' lang='grc' dir='ltr'><strong><em>των</em></strong></span> <span class='ocrx_word' id='word_1_107' title='bbox 317 1707 354 1775; x_wconf 84' lang='grc' dir='ltr'><strong><em>ἐν</em></strong></span> <span class='ocrx_word' id='word_1_108' title='bbox 368 1703 615 1797; x_wconf 79' lang='grc' dir='ltr'><strong><em>Ἀλεξανδρεία,</em></strong></span> <span class='ocrx_word' id='word_1_109' title='bbox 629 1733 652 1795; x_wconf 82' lang='grc' dir='ltr'><strong><em>η</em></strong></span> <span class='ocrx_word' id='word_1_110' title='bbox 640 1694 721 1775; x_wconf 78' lang='grc' dir='ltr'><strong><em>καὶ</em></strong></span> <span class='ocrx_word' id='word_1_111' title='bbox 727 1695 900 1788; x_wconf 90' lang='grc' dir='ltr'><strong><em>πλουτος</em></strong></span> <span class='ocrx_word' id='word_1_112' title='bbox 877 1734 921 1794; x_wconf 89' lang='grc' dir='ltr'><strong><em>ην</em></strong></span> <span class='ocrx_word' id='word_1_113' title='bbox 928 1702 1082 1794; x_wconf 74' lang='grc' dir='ltr'><strong><em>δαυιλης,</em></strong></span> <span class='ocrx_word' id='word_1_114' title='bbox 1088 1712 1206 1788; x_wconf 83' lang='grc' dir='ltr'><strong><em>καίτις</em></strong></span> <span class='ocrx_word' id='word_1_115' title='bbox 1219 1739 1245 1780; x_wconf 85' lang='grc' dir='ltr'><strong><em>ιε</em></strong></span> 
     </span>
     <span class='ocr_line' id='line_1_18' title="bbox 235 1801 1207 1898; baseline 0.003 -23"><span class='ocrx_word' id='word_1_116' title='bbox 235 1801 322 1892; x_wconf 87' lang='grc' dir='ltr'><strong><em>άνήρ</em></strong></span> <span class='ocrx_word' id='word_1_117' title='bbox 332 1803 519 1895; x_wconf 70' lang='grc' dir='ltr'><strong><em>Ἀντιοχεύς</em></strong></span> <span class='ocrx_word' id='word_1_118' title='bbox 532 1813 689 1888; x_wconf 85' lang='grc' dir='ltr'><strong><em>εἱςθετοῦ</em></strong></span> <span class='ocrx_word' id='word_1_119' title='bbox 702 1803 796 1889; x_wconf 84' lang='grc' dir='ltr'><strong><em>τάξιν</em></strong></span> <span class='ocrx_word' id='word_1_120' title='bbox 802 1811 881 1878; x_wconf 76' lang='grc' dir='ltr'><strong><em>υἱοῦ</em></strong></span> <span class='ocrx_word' id='word_1_121' title='bbox 890 1803 976 1898; x_wconf 79' lang='grc' dir='ltr'><strong><em>αὐτῇ</em></strong></span> <span class='ocrx_word' id='word_1_122' title='bbox 990 1811 1207 1896; x_wconf 86' lang='grc' dir='ltr'><strong><em>είσπεποίητο</em></strong></span> 
     </span>
     <span class='ocr_line' id='line_1_19' title="bbox 235 1904 1207 2000; baseline 0.005 -25"><span class='ocrx_word' id='word_1_123' title='bbox 235 1909 371 1987; x_wconf 78' lang='grc' dir='ltr'><strong><em>Παύλος</em></strong></span> <span class='ocrx_word' id='word_1_124' title='bbox 388 1905 425 1977; x_wconf 87' lang='grc' dir='ltr'><strong><em>τό</em></strong></span> <span class='ocrx_word' id='word_1_125' title='bbox 442 1904 566 1998; x_wconf 82' lang='grc' dir='ltr'><strong><em>ὄνομα,</em></strong></span> <span class='ocrx_word' id='word_1_126' title='bbox 592 1904 639 1990; x_wconf 84' lang='grc' dir='ltr'><strong><em>εἱς</em></strong></span> <span class='ocrx_word' id='word_1_127' title='bbox 657 1936 706 1990; x_wconf 88' lang='grc' dir='ltr'><strong><em>τις</em></strong></span> <span class='ocrx_word' id='word_1_128' title='bbox 723 1912 791 1980; x_wconf 75' lang='grc' dir='ltr'><strong><em>τῶν</em></strong></span> <span class='ocrx_word' id='word_1_129' title='bbox 809 1910 846 1978; x_wconf 90' lang='grc' dir='ltr'><strong><em>ἐν</em></strong></span> <span class='ocrx_word' id='word_1_130' title='bbox 861 1904 1093 2000; x_wconf 80' lang='grc' dir='ltr'><strong><em>Ἀλεξανδρείᾳ</em></strong></span> <span class='ocrx_word' id='word_1_131' title='bbox 1111 1913 1207 1999; x_wconf 87' lang='grc' dir='ltr'><strong><em>αἱρε-</em></strong></span> 
     </span>
     <span class='ocr_line' id='line_1_20' title="bbox 236 2004 1206 2100; baseline -0.001 -19"><span class='ocrx_word' id='word_1_132' title='bbox 236 2011 379 2097; x_wconf 79' lang='grc' dir='ltr'><strong><em>σιυτάν,</em></strong></span> <span class='ocrx_word' id='word_1_133' title='bbox 398 2004 454 2097; x_wconf 82' lang='grc' dir='ltr'><strong><em>ἐφ’</em></strong></span> <span class='ocrx_word' id='word_1_134' title='bbox 470 2005 511 2080; x_wconf 81' lang='grc' dir='ltr'><strong><em>όν</em></strong></span> <span class='ocrx_word' id='word_1_135' title='bbox 527 2007 681 2098; x_wconf 80' lang='grc' dir='ltr'><strong><em>πλήθους</em></strong></span> <span class='ocrx_word' id='word_1_136' title='bbox 694 2007 774 2080; x_wconf 88' lang='grc' dir='ltr'><strong><em>καθ’</em></strong></span> <span class='ocrx_word' id='word_1_137' title='bbox 792 2006 936 2098; x_wconf 77' lang='grc' dir='ltr'><strong><em>ἑκάστην</em></strong></span> <span class='ocrx_word' id='word_1_138' title='bbox 948 2007 1206 2100; x_wconf 78' lang='grc' dir='ltr'><strong><em>ἀθροιζομένου,</em></strong></span> 
     </span>
     <span class='ocr_line' id='line_1_21' title="bbox 236 2106 1205 2202; baseline -0.002 -20"><span class='ocrx_word' id='word_1_139' title='bbox 236 2107 344 2182; x_wconf 84' lang='grc' dir='ltr'><strong><em>ἐδόκει</em></strong></span> <span class='ocrx_word' id='word_1_140' title='bbox 362 2109 426 2200; x_wconf 79' lang='grc' dir='ltr'><strong><em>γὰρ</em></strong></span> <span class='ocrx_word' id='word_1_141' title='bbox 446 2109 559 2193; x_wconf 86' lang='grc' dir='ltr'><strong><em>ἱκανὸς</em></strong></span> <span class='ocrx_word' id='word_1_142' title='bbox 578 2114 615 2184; x_wconf 85' lang='grc' dir='ltr'><strong><em>ἐν</em></strong></span> <span class='ocrx_word' id='word_1_143' title='bbox 629 2107 751 2200; x_wconf 85' lang='grc' dir='ltr'><strong><em>λόγοις,</em></strong></span> <span class='ocrx_word' id='word_1_144' title='bbox 771 2115 804 2194; x_wconf 80' lang='grc' dir='ltr'><strong><em>ἐξ</em></strong></span> <span class='ocrx_word' id='word_1_145' title='bbox 819 2106 969 2200; x_wconf 84' lang='grc' dir='ltr'><strong><em>άνάγιιης</em></strong></span> <span class='ocrx_word' id='word_1_146' title='bbox 982 2109 1098 2181; x_wconf 82' lang='grc' dir='ltr'><strong><em>συνιόν</em></strong></span> <span class='ocrx_word' id='word_1_147' title='bbox 1109 2109 1205 2202; x_wconf 78' lang='grc' dir='ltr'><strong><em>αὐτῷ</em></strong></span> 
     </span>
     <span class='ocr_line' id='line_1_22' title="bbox 234 2209 1249 2307; baseline 0.005 -26"><span class='ocrx_word' id='word_1_148' title='bbox 234 2209 253 2281; x_wconf 90' lang='grc' dir='ltr'><strong><em>ό</em></strong></span> <span class='ocrx_word' id='word_1_149' title='bbox 281 2209 455 2301; x_wconf 80' lang='grc' dir='ltr'><strong><em>Ώριγένης</em></strong></span> <span class='ocrx_word' id='word_1_150' title='bbox 488 2209 652 2283; x_wconf 83' lang='grc' dir='ltr'><strong><em>οόδέποτε</em></strong></span> <span class='ocrx_word' id='word_1_151' title='bbox 686 2209 778 2307; x_wconf 75' lang='grc' dir='ltr'><strong><em>αὐτῷ</em></strong></span> <span class='ocrx_word' id='word_1_152' title='bbox 811 2217 990 2283; x_wconf 82' lang='grc' dir='ltr'><strong><em>συνίστατο</em></strong></span> <span class='ocrx_word' id='word_1_153' title='bbox 1021 2210 1102 2284; x_wconf 83' lang='grc' dir='ltr'><strong><em>κατά</em></strong></span> <span class='ocrx_word' id='word_1_154' title='bbox 1133 2209 1206 2298; x_wconf 84' lang='grc' dir='ltr'><strong><em>τήν</em></strong></span> <span class='ocrx_word' id='word_1_155' title='bbox 1220 2245 1249 2286; x_wconf 79' lang='grc' dir='ltr'><strong><em>ει</em></strong></span> 
     </span>
     <span class='ocr_line' id='line_1_23' title="bbox 190 2307 1208 2403; baseline 0.001 -20"><span class='ocrx_word' id='word_1_156' title='bbox 190 2323 193 2328; x_wconf 69' lang='grc'>“</span> <span class='ocrx_word' id='word_1_157' title='bbox 236 2307 356 2402; x_wconf 82' lang='grc' dir='ltr'><strong><em>εόγήν,</em></strong></span> <span class='ocrx_word' id='word_1_158' title='bbox 382 2307 426 2392; x_wconf 69' lang='grc' dir='ltr'><strong><em>οἱς</em></strong></span> <span class='ocrx_word' id='word_1_159' title='bbox 445 2312 632 2400; x_wconf 79' lang='grc' dir='ltr'><strong><em>ἱστόρηται,</em></strong></span> <span class='ocrx_word' id='word_1_160' title='bbox 658 2311 921 2403; x_wconf 76' lang='grc' dir='ltr'><strong><em>βδελυττόμενος</em></strong></span> <span class='ocrx_word' id='word_1_161' title='bbox 945 2313 1007 2384; x_wconf 89' lang='grc' dir='ltr'><strong><em>τόν</em></strong></span> <span class='ocrx_word' id='word_1_162' title='bbox 1031 2307 1186 2402; x_wconf 88' lang='grc' dir='ltr'><strong><em>άνδρα</em></strong></span> <span class='ocrx_word' id='word_1_163' title='bbox 1159 2342 1208 2396; x_wconf 84' lang='grc' dir='ltr'><strong><em>ως</em></strong></span> 
     </span>
     <span class='ocr_line' id='line_1_24' title="bbox 234 2409 1209 2504; baseline 0.001 -21"><span class='ocrx_word' id='word_1_164' title='bbox 234 2442 280 2502; x_wconf 91' lang='grc' dir='ltr'><strong><em>μη</em></strong></span> <span class='ocrx_word' id='word_1_165' title='bbox 268 2409 492 2502; x_wconf 76' lang='grc' dir='ltr'><strong><em>όρθόδοξον.</em></strong></span> <span class='ocrx_word' id='word_1_166' title='bbox 521 2409 749 2486; x_wconf 83' lang='grc' dir='ltr'><strong><em>ὀκτωκαίδεκα</em></strong></span> <span class='ocrx_word' id='word_1_167' title='bbox 767 2411 801 2485; x_wconf 89' lang='grc' dir='ltr'><strong><em>δ’</em></strong></span> <span class='ocrx_word' id='word_1_168' title='bbox 822 2419 905 2486; x_wconf 77' lang='grc' dir='ltr'><strong><em>ἐτεόν</em></strong></span> <span class='ocrx_word' id='word_1_169' title='bbox 922 2415 1070 2504; x_wconf 73' lang='grc' dir='ltr'><strong><em>γεγονός</em></strong></span> <span class='ocrx_word' id='word_1_170' title='bbox 1085 2420 1149 2485; x_wconf 82' lang='grc' dir='ltr'><strong><em>τοῦ</em></strong></span> <span class='ocrx_word' id='word_1_171' title='bbox 1170 2418 1209 2484; x_wconf 82' lang='grc' dir='ltr'><strong><em>ἐν</em></strong></span> 
     </span>
     <span class='ocr_line' id='line_1_25' title="bbox 231 2511 1210 2607; baseline 0.003 -24.018"><span class='ocrx_word' id='word_1_172' title='bbox 231 2511 466 2605; x_wconf 84' lang='grc' dir='ltr'><strong><em>Ἀλεξανδρεία</em></strong></span> <span class='ocrx_word' id='word_1_173' title='bbox 483 2541 705 2605; x_wconf 84' lang='grc' dir='ltr'><strong><em>κατηχητικυυ</em></strong></span> <span class='ocrx_word' id='word_1_174' title='bbox 688 2519 863 2607; x_wconf 88' lang='grc' dir='ltr'><strong><em>προέστη</em></strong></span> <span class='ocrx_word' id='word_1_175' title='bbox 878 2522 1128 2603; x_wconf 81' lang='grc' dir='ltr'><strong><em>διδασκαλείου,</em></strong></span> <span class='ocrx_word' id='word_1_176' title='bbox 1148 2519 1210 2587; x_wconf 80' lang='grc' dir='ltr'><strong><em>καὶ</em></strong></span> 
     </span>
     <span class='ocr_line' id='line_1_26' title="bbox 234 2609 1210 2708; baseline 0.006 -26"><span class='ocrx_word' id='word_1_177' title='bbox 234 2609 313 2695; x_wconf 84' lang='grc' dir='ltr'><strong><em>τοός</em></strong></span> <span class='ocrx_word' id='word_1_178' title='bbox 335 2611 410 2684; x_wconf 91' lang='grc' dir='ltr'><strong><em>τότε</em></strong></span> <span class='ocrx_word' id='word_1_179' title='bbox 433 2612 624 2698; x_wconf 76' lang='grc' dir='ltr'><strong><em>ἀθλοῦντας</em></strong></span> <span class='ocrx_word' id='word_1_180' title='bbox 655 2615 826 2704; x_wconf 81' lang='grc' dir='ltr'><strong><em>ἐπότρυνε</em></strong></span> <span class='ocrx_word' id='word_1_181' title='bbox 849 2615 933 2708; x_wconf 87' lang='grc' dir='ltr'><strong><em>πρός</em></strong></span> <span class='ocrx_word' id='word_1_182' title='bbox 956 2615 1019 2706; x_wconf 89' lang='grc' dir='ltr'><strong><em>τήν</em></strong></span> <span class='ocrx_word' id='word_1_183' title='bbox 1043 2613 1210 2707; x_wconf 85' lang='grc' dir='ltr'><strong><em>άθλησιν,</em></strong></span> 
     </span>
     <span class='ocr_line' id='line_1_27' title="bbox 235 2709 1253 2844; baseline 0.007 -58"><span class='ocrx_word' id='word_1_184' title='bbox 235 2709 335 2786; x_wconf 84' lang='grc' dir='ltr'><strong><em>καὶ’</em></strong></span> <span class='ocrx_word' id='word_1_185' title='bbox 316 2718 453 2786; x_wconf 84' lang='grc' dir='ltr'><strong><em>απιοῦσι</em></strong></span> <span class='ocrx_word' id='word_1_186' title='bbox 475 2715 537 2806; x_wconf 86' lang='grc' dir='ltr'><strong><em>τήν</em></strong></span> <span class='ocrx_word' id='word_1_187' title='bbox 561 2719 616 2789; x_wconf 79' lang='grc' dir='ltr'><strong><em>ἐπὶ</em></strong></span> <span class='ocrx_word' id='word_1_188' title='bbox 639 2715 790 2790; x_wconf 86' lang='grc' dir='ltr'><strong><em>θάνατον</em></strong></span> <span class='ocrx_word' id='word_1_189' title='bbox 809 2717 1031 2844; x_wconf 82' lang='grc' dir='ltr'><strong><em>παρωμάρτει</em></strong></span> <span class='ocrx_word' id='word_1_190' title='bbox 1050 2719 1107 2788; x_wconf 82' lang='grc' dir='ltr'><strong><em>καὶ</em></strong></span> <span class='ocrx_word' id='word_1_191' title='bbox 1127 2721 1212 2792; x_wconf 88' lang='grc' dir='ltr'><strong><em>ἐπε</em></strong></span> <span class='ocrx_word' id='word_1_192' title='bbox 1226 2751 1253 2792; x_wconf 70' lang='lat' dir='ltr'><strong>z</strong></span> 
     </span>
     <span class='ocr_line' id='line_1_28' title="bbox 201 2811 1214 2916; baseline 0.004 -28"><span class='ocrx_word' id='word_1_193' title='bbox 201 2811 425 2905; x_wconf 87' lang='grc' dir='ltr'><strong><em>Βθάρρυνεν,</em></strong></span> <span class='ocrx_word' id='word_1_194' title='bbox 450 2816 494 2902; x_wconf 78' lang='grc' dir='ltr'><strong><em>ὥς</em></strong></span> <span class='ocrx_word' id='word_1_195' title='bbox 517 2821 573 2890; x_wconf 81' lang='grc' dir='ltr'><strong><em>καὶ</em></strong></span> <span class='ocrx_word' id='word_1_196' title='bbox 596 2816 754 2901; x_wconf 87' lang='grc' dir='ltr'><strong><em>πολλάκις</em></strong></span> <span class='ocrx_word' id='word_1_197' title='bbox 777 2817 870 2916; x_wconf 76' lang='grc' dir='ltr'><strong><em>αὐτῷ</em></strong></span> <span class='ocrx_word' id='word_1_198' title='bbox 891 2848 970 2904; x_wconf 87' lang='grc' dir='ltr'><strong><em>τους</em></strong></span> <span class='ocrx_word' id='word_1_199' title='bbox 988 2817 1116 2910; x_wconf 80' lang='grc' dir='ltr'><strong><em>δήμους</em></strong></span> <span class='ocrx_word' id='word_1_200' title='bbox 1137 2825 1214 2892; x_wconf 85' lang='grc' dir='ltr'><strong><em>ἐπι-</em></strong></span> 
     </span>
     <span class='ocr_line' id='line_1_29' title="bbox 234 2909 1276 3046; baseline 0.008 -59"><span class='ocrx_word' id='word_1_201' title='bbox 234 2921 395 3007; x_wconf 86' lang='grc' dir='ltr'><strong><em>μανήναι·</em></strong></span> <span class='ocrx_word' id='word_1_202' title='bbox 432 2947 559 3002; x_wconf 92' lang='grc' dir='ltr'><strong><em>ουςκ</em></strong></span> <span class='ocrx_word' id='word_1_203' title='bbox 522 2925 559 2990; x_wconf 84' lang='grc' dir='ltr'><strong><em>ἐκ</em></strong></span> <span class='ocrx_word' id='word_1_204' title='bbox 588 2919 735 3002; x_wconf 86' lang='grc' dir='ltr'><strong><em>θείας’</em></strong></span> <span class='ocrx_word' id='word_1_205' title='bbox 697 2925 849 3046; x_wconf 79' lang='grc' dir='ltr'><strong><em>αραγῆς</em></strong></span> <span class='ocrx_word' id='word_1_206' title='bbox 878 2927 967 2992; x_wconf 89' lang='grc' dir='ltr'><strong><em>διεδί</em></strong></span> <span class='ocrx_word' id='word_1_207' title='bbox 968 2926 1125 3010; x_wconf 79' lang='grc' dir='ltr'><strong><em>δρασκεν.</em></strong></span> <span class='ocrx_word' id='word_1_208' title='bbox 1166 2921 1212 2995; x_wconf 82' lang='lat'><strong><em>06</em></strong></span> <span class='ocrx_word' id='word_1_209' title='bbox 1275 2909 1276 2930; x_wconf 29' lang='grc' dir='ltr'><strong><em>ἱ</em></strong></span> 
     </span>
     <span class='ocr_line' id='line_1_30' title="bbox 234 3012 1275 3144; baseline 0.008 -56"><span class='ocrx_word' id='word_1_210' title='bbox 234 3016 322 3114; x_wconf 75' lang='grc' dir='ltr'><strong><em>λόγῳ</em></strong></span> <span class='ocrx_word' id='word_1_211' title='bbox 342 3018 443 3090; x_wconf 69' lang='grc' dir='ltr'><strong><em>δὲ’</em></strong></span> <span class='ocrx_word' id='word_1_212' title='bbox 397 3049 493 3115; x_wconf 83' lang='grc' dir='ltr'><strong><em>μονηι</em></strong></span> <span class='ocrx_word' id='word_1_213' title='bbox 510 3012 650 3112; x_wconf 75' lang='grc' dir='ltr'><strong><em>μέγας</em></strong></span> <span class='ocrx_word' id='word_1_214' title='bbox 630 3051 674 3144; x_wconf 82' lang='grc' dir='ltr'><strong><em>ην</em></strong></span> <span class='ocrx_word' id='word_1_215' title='bbox 691 3019 709 3092; x_wconf 87' lang='grc' dir='ltr'><strong>ὁ</strong></span> <span class='ocrx_word' id='word_1_216' title='bbox 727 3017 835 3114; x_wconf 87' lang='grc' dir='ltr'><strong><em>άνήρ,</em></strong></span> <span class='ocrx_word' id='word_1_217' title='bbox 862 3018 947 3092; x_wconf 82' lang='grc' dir='ltr'><strong><em>άλλόι</em></strong></span> <span class='ocrx_word' id='word_1_218' title='bbox 964 3024 1021 3093; x_wconf 85' lang='grc' dir='ltr'><strong><em>ααὶ</em></strong></span> <span class='ocrx_word' id='word_1_219' title='bbox 1039 3029 1120 3111; x_wconf 82' lang='grc' dir='ltr'><strong><em>βίον</em></strong></span> <span class='ocrx_word' id='word_1_220' title='bbox 1141 3030 1218 3096; x_wconf 89' lang='grc' dir='ltr'><strong><em>διε·</em></strong></span> <span class='ocrx_word' id='word_1_221' title='bbox 1274 3045 1275 3106; x_wconf 56' lang='lat'>3</span> 
     </span>
     <span class='ocr_line' id='line_1_31' title="bbox 235 3119 1219 3218; baseline 0.007 -30"><span class='ocrx_word' id='word_1_222' title='bbox 235 3124 298 3205; x_wconf 79' lang='grc' dir='ltr'><strong><em>βίω</em></strong></span> <span class='ocrx_word' id='word_1_223' title='bbox 322 3121 509 3210; x_wconf 86' lang='grc' dir='ltr'><strong><em>φιλόσοφον</em></strong></span> <span class='ocrx_word' id='word_1_224' title='bbox 532 3125 587 3193; x_wconf 77' lang='grc' dir='ltr'><strong><em>καὶ</em></strong></span> <span class='ocrx_word' id='word_1_225' title='bbox 612 3130 660 3218; x_wconf 79' lang='grc' dir='ltr'><strong><em>τῷ</em></strong></span> <span class='ocrx_word' id='word_1_226' title='bbox 684 3119 774 3216; x_wconf 80' lang='grc' dir='ltr'><strong><em>λόγῳ</em></strong></span> <span class='ocrx_word' id='word_1_227' title='bbox 797 3121 998 3218; x_wconf 78' lang='grc' dir='ltr'><strong><em>συνᾴδοντα.</em></strong></span> <span class='ocrx_word' id='word_1_228' title='bbox 1034 3120 1116 3194; x_wconf 79' lang='grc' dir='ltr'><strong><em>οὔτε</em></strong></span> <span class='ocrx_word' id='word_1_229' title='bbox 1143 3155 1219 3216; x_wconf 82' lang='grc' dir='ltr'><strong><em>γαρ</em></strong></span> 
     </span>
     <span class='ocr_line' id='line_1_32' title="bbox 236 3217 1260 3315; baseline 0.016 -29"><span class='ocrx_word' id='word_1_230' title='bbox 236 3217 395 3307; x_wconf 81' lang='grc' dir='ltr'><strong><em>δεύτερον</em></strong></span> <span class='ocrx_word' id='word_1_231' title='bbox 417 3229 506 3310; x_wconf 81' lang='grc' dir='ltr'><strong><em>ἔχειν</em></strong></span> <span class='ocrx_word' id='word_1_232' title='bbox 530 3251 655 3312; x_wconf 85' lang='grc' dir='ltr'><strong><em>χιτωνα</em></strong></span> <span class='ocrx_word' id='word_1_233' title='bbox 686 3223 854 3315; x_wconf 81' lang='grc' dir='ltr'><strong><em>ἱστόρηται</em></strong></span> <span class='ocrx_word' id='word_1_234' title='bbox 880 3221 962 3296; x_wconf 73' lang='grc' dir='ltr'><strong><em>οὗθ’</em></strong></span> <span class='ocrx_word' id='word_1_235' title='bbox 995 3223 1221 3300; x_wconf 74' lang='grc' dir='ltr'><strong><em>ὑποδεῖσθαι</em></strong></span> <span class='ocrx_word' id='word_1_236' title='bbox 1235 3259 1260 3302; x_wconf 83' lang='grc' dir='ltr'><strong><em>ιο</em></strong></span> 
     </span>
     <span class='ocr_line' id='line_1_33' title="bbox 235 3315 1222 3455; baseline 0.014 -70"><span class='ocrx_word' id='word_1_237' title='bbox 235 3315 312 3398; x_wconf 80' lang='grc' dir='ltr'><strong><em>τούς</em></strong></span> <span class='ocrx_word' id='word_1_238' title='bbox 335 3317 441 3401; x_wconf 88' lang='grc' dir='ltr'><strong><em>πόδας</em></strong></span> <span class='ocrx_word' id='word_1_239' title='bbox 465 3321 516 3391; x_wconf 84' lang='grc' dir='ltr'><strong><em>ἐπ’</em></strong></span> <span class='ocrx_word' id='word_1_240' title='bbox 544 3329 631 3393; x_wconf 83' lang='grc' dir='ltr'><strong><em>ἐτεοι</em></strong></span> <span class='ocrx_word' id='word_1_241' title='bbox 654 3322 867 3396; x_wconf 78' lang='grc' dir='ltr'><strong><em>πλείοσιν”</em></strong></span> <span class='ocrx_word' id='word_1_242' title='bbox 824 3324 896 3396; x_wconf 82' lang='grc' dir='ltr'><strong><em>ευτ’</em></strong></span> <span class='ocrx_word' id='word_1_243' title='bbox 918 3337 1001 3420; x_wconf 75' lang='grc' dir='ltr'><strong><em>οἱνςο</em></strong></span> <span class='ocrx_word' id='word_1_244' title='bbox 1018 3331 1222 3455; x_wconf 80' lang='grc' dir='ltr'><strong><em>κεχρῆσθαι</em></strong></span> 
     </span>
     <span class='ocr_line' id='line_1_34' title="bbox 236 3410 1222 3520; baseline 0.024 -40"><span class='ocrx_word' id='word_1_245' title='bbox 236 3410 312 3485; x_wconf 79' lang='grc' dir='ltr'><strong><em>οὔτε</em></strong></span> <span class='ocrx_word' id='word_1_246' title='bbox 325 3417 454 3507; x_wconf 82' lang='grc' dir='ltr'><strong><em>τροφήν</em></strong></span> <span class='ocrx_word' id='word_1_247' title='bbox 467 3420 556 3512; x_wconf 85' lang='grc' dir='ltr'><strong><em>παρά</em></strong></span> <span class='ocrx_word' id='word_1_248' title='bbox 569 3449 632 3509; x_wconf 90' lang='grc' dir='ltr'><strong><em>την</em></strong></span> <span class='ocrx_word' id='word_1_249' title='bbox 640 3421 828 3515; x_wconf 87' lang='grc' dir='ltr'><strong><em>αναγκαίαν</em></strong></span> <span class='ocrx_word' id='word_1_250' title='bbox 841 3423 1097 3520; x_wconf 70' lang='grc' dir='ltr'><strong><em>προσίεσθαι,“</em></strong></span> <span class='ocrx_word' id='word_1_251' title='bbox 1073 3455 1121 3510; x_wconf 83' lang='grc' dir='ltr'><strong><em>ας</em></strong></span> <span class='ocrx_word' id='word_1_252' title='bbox 1143 3428 1218 3502; x_wconf 66' lang='grc' dir='ltr'><strong><em>δὲ’</em></strong></span> <span class='ocrx_word' id='word_1_253' title='bbox 1197 3461 1222 3504; x_wconf 92' lang='grc' dir='ltr'><strong><em>ο</em></strong></span> 
     </span>
    </p>
   </div>
   <div class='ocr_carea' id='block_1_4' title="bbox 0 0 1305 3800">
    <p class='ocr_par' dir='ltr' id='par_1_4' title="bbox 0 0 1305 3800">
     <span class='ocr_line' id='line_1_35' title="bbox 0 0 1305 3800; baseline 0 0"><span class='ocrx_word' id='word_1_254' title='bbox 0 0 1305 3800; x_wconf 95' lang='lat' dir='ltr'><strong><em> </em></strong></span> 
     </span>
    </p>
   </div>
  </div>
 </body>
</html>
