2580 3816
446 137 517 188 LIB
537 135 610 188 XIV.
630 134 708 187 cAP.
725 134 789 192 x11.
1033 130 1097 196 293

128 276 253 358 αύτούς
271 274 498 366 ἀνεμίμνησκε
515 279 573 362 τῆς
592 271 754 361 ύπηνείας
765 227 946 364 Ὁρμίσᾶου
965 273 1079 341 καὶ
1036 299 1097 360 της

128 377 315 468 ύμότητος,
342 377 397 445 καὶ
422 373 476 446 διαί
502 374 633 445 τούτων
656 372 798 464 ἀντᾶραι
821 389 946 466 χεῖρας
958 369 1098 498 ἠρέθισε

4 504 7 546 3
127 479 211 550 κατὰ
234 484 295 550 τοῦ
322 482 420 567 σφοῑυ
445 473 608 566 ἀρχηγοῦ.
658 475 858 556 ἐπελθόντες
881 467 946 562 οὖν
969 472 1098 599 ἀθρόον

128 579 221 672 αύτῷ
252 579 414 666 κατέσχον
450 578 507 646 καὶ
546 577 705 664 ἐνέβαλον
736 582 784 658 είς
816 557 987 668 6366.-
1009 573 1026 644 6
1059 575 1097 644 δὲ

103 675 378 754 εύποθέσθαι’
335 693 451 760 αυτοῖς
464 678 601 768 περὶ”
560 705 618 766 της
635 683 705 747 666
719 683 864 770 Περσων
877 675 983 768 ἀρχῆς
995 675 1117 766 ἠξίου

129 783 210 852 ἅττα
233 783 297 874 τῷ
307 788 399 851 ἔθνει
425 778 582 867 γινώσκει
598 780 833 902 σνμφέρρντα,
854 779 910 848 καὶ
930 776 1097 865 συνεβού-

130 892 218 956 λευε
223 881 297 1008 μὴ
287 880 349 952 τόν
370 869 524 968 Χόσρόην
540 877 623 950 νίὸν
641 875 750 950 αύτοῦ
769 878 852 950 6666
869 883 1099 970 προκριθηναι

131 991 179 1066 είς
197 1011 259 1072 την
277 981 403 1072 ἀργήν,
421 979 631 1106 όίπληστον”
610 1008 693 1051 οντα
710 1009 769 1050 και
756 979 915 1069 ἄδικον,
922 978 1099 1106 ὑβριστήν

129 1085 240 1156 τεκαὶ
258 1078 552 1170 ύλαζονικύτατον,
571 1079 645 1152 ἀλλ’
667 1084 781 1174 ἕτερον
794 1081 874 1152 υίόν
887 1079 994 1152 αύτού
1013 1104 1098 1170 προ-

93 1217 124 1257 10
130 1191 342 1277 χειρισθηναι
364 1189 427 1254 τού
454 1182 627 1264 ἔθνους”
606 1211 729 1304 αρχειν.
771 1181 1034 1254 όντιπεσόντων
1061 1181 1099 1252 66

5 1319 6 1324 ¹
127 1301 197 1368 τοῖς
215 1286 325 1374 λόγοις
342 1285 465 1356 τούτου
484 1287 584 1354 ἐνίων
599 1289 669 1354 τῶν
688 1287 725 1354 έν
742 1281 927 1374 ὑπεροχαῖς
944 1284 1000 1354 καλ
1018 1281 1093 1354 κατ’

129 1386 236 1458 66606
258 1386 338 1468 τούς
357 1387 492 1476 Πέρσας
510 1383 737 1475 ἐκμηνοίντων,
763 1379 781 1454 6
800 1385 863 1474 μὲν
880 1383 956 1466 υίός
975 1381 1095 1471 αύτού,

131 1487 172 1558 66
196 1495 244 1570 είς
268 1487 331 1576 τήν
354 1484 462 1576 ἀρχὴν
487 1488 614 1567 ἐκεῖνος
638 1487 831 1575 προέκρινε,
856 1487 914 1556 καὶ
938 1483 957 1574 ἡ
985 1485 1096 1574 μήτηρ

131 1593 263 1662 ἐκείνου
282 1588 426 1659 ένύπιον
444 1585 552 1657 αύτού
569 1581 723 1676 όνηρέθη
740 1585 831 1676 6636
850 1594 910 1657 τοῦ
927 1585 1095 1676 πλήθους,

4 1773 5 1776 ¹
45 1777 46 1780 ,
91 1725 116 1766 ιε
131 1691 188 1760 καὶ
211 1687 311 1770 αύτὸς
329 1689 367 1758 66
386 1688 524 1776 ἐξεκόπη
541 1687 582 1757 τίι
601 1686 744 1776 ὄμματα,
769 1689 826 1757 καὶ
842 1687 936 1762 ,οὕτω
953 1694 1129 1778 καθείρ-Β

131 1801 208 1880 γθη.
234 1788 261 1862 6
279 1791 328 1872 δέ
349 1817 388 1876 γε
406 1789 558 1878 Χοσρόης
582 1795 630 1869 είς
655 1788 718 1878 την
741 1786 850 1879 ἀρχὴν
873 1786 984 1881 ᾑρέθη
1008 1787 1098 1878 6636

4 1915 6 1940 ³
52 1949 55 1955 .
132 1897 194 1961 τού
213 1897 338 2016 ἔθνους
357 1889 491 1971 παντός.
518 1890 574 1958 καὶ
586 1889 682 1980 μέχρι
694 1892 758 1978 μέν
774 1919 864 1974 τινος
881 1890 1107 1982 φιλοφρόνως

133 1992 217 2076 πρὸς
240 1991 301 2063 τόν
323 1992 450 2081 πατέρα
467 1992 617 2078 διέκειτο,
642 2019 703 2080 της
721 1991 785 2080 μὲν
801 1993 957 2113 φρουρός
975 1989 1016 2062 06
1035 1991 1101 2061 λύ-

4 2159 6 2166 ,
133 2115 195 2175 663
212 2088 330 2180 αύτόν,
349 2098 462 2162 πᾶσαν
480 2092 519 2162 66
533 2097 720 2182 θεραπείαν
733 2089 838 2162 αύτον
826 2095 966 2190 ἐκεῖσε
983 2091 1098 2161 ποιού

4 2271 12 2289 3
94 2229 121 2269 το
134 2222 245 2292 μενος.
281 2191 303 2265 6
325 2193 364 2263 δὲ
389 2189 494 2264 οὐδὲν
518 2195 590 2262 666
605 2191 696 2283 παραὶ
714 2218 775 2262 του
761 2195 873 2262 υίού
892 2191 985 2286 αύτρτ
972 2199 1101 2262 στελ-

4 2287 7 2308 ³
133 2297 286 2384 λομένων
309 2301 480 2385 προσίετο,
505 2290 591 2364 ἄλλοί
608 2295 666 2362 καὶ
683 2293 803 2383 ύβρεσι
819 2298 949 2384 μᾶλλον
965 2293 1025 2374 τὰς
1042 2321 1100 2382 φι-

5 2399 11 2428 ²
132 2395 347 2486 λοφροσύνας
364 2394 531 2485 ημείβετο.
558 2400 660 2486 θνμιὸ
674 2385 739 2465 ούν
757 2393 812 2464 θινὶ
829 2399 937 2465 ταύτα
955 2394 1102 2484 ληφθείς

133 2495 151 2567 6
177 2497 347 2588 X663633,
371 2494 529 2587 ῥοπάλοις
555 2499 710 2568 ἐκέλευσε
732 2494 816 2566 κατὰ
846 2498 915 2566 τῶν
945 2495 1103 2584 λαγόνων

133 2598 344 2687 τυπτόμενον
366 2596 429 2667 τόν
452 2598 579 2690 πατέρα
603 2607 734 2674 θανεῖν.
771 2603 872 2668 τούτο
889 2613 986 2686 μῖσος
1005 2600 1101 2686 ἐγγε-

95 2697 256 2771 εενέσθαι
276 2712 347 2778 τοῖς
365 2699 512 2788 Πέρσαις
536 2697 620 2783 6666
646 2697 801 2790 Χοσρόου
827 2701 970 2786 ἐποίησε.
1017 2696 1035 2769 6
1062 2697 1103 2768 θλ

134 2797 217 2866 κατὰ
239 2797 365 2924 Βαροὶμ
391 2798 641 2890 ἐξεστράτευσε,
672 2801 731 2868 καὶ
760 2798 977 2880 ὑποπτεύσας
1007 2798 1102 2881 τινὰς

117 2903 203 2968 τοῖν
221 2895 302 2989 παρ’
322 2893 417 2992 αύτῷ
433 2898 644 2989 μεγιστάνων
666 2905 713 2992 τῷ
731 2898 850 2990 B6366
868 2909 1102 2989 προσκεῖσθαι,

19 3023 20 3026 ’
134 2995 270 3071 όνεῖλεν
293 2994 427 3082 αύτούς.
476 3007 538 3072 τού
562 3003 601 3072 6
625 3000 875 3092 στρατεύματος
893 2997 966 3070 κατ’
994 2994 1137 3070 αύτούσ

135 3099 394 3190 στασιάσαντος,
421 3105 536 3183 δείσας
570 3097 698 3185 ἐκεῖνος
729 3101 813 3191 μετοί
843 3129 945 3172 τινων
975 3099 1102 3190 ὀλίγων

4 3289 5 3292 ,
93 3233 121 3276 εο
135 3201 395 3295 ἀποδιδράσκει,
402 3203 458 3272 καί
476 3199 561 3294 πρός
576 3202 756 3294 Ρωμαίονς
773 3197 923 3292 ἄφίκετο.
947 3199 1103 3293 όμαθύν
1169 3283 1172 3287 ,

133 3301 369 3396 όΜαυρίκιος
399 3303 530 3376 κελεύει
558 3311 606 3398 τῷ
637 3309 878 3396 στρατηγοῦντι
901 3307 961 3393 τῆς
990 3303 1102 3394 γείρας

133 3403 365 3490 ὑποδέξασθαι
381 3403 442 3476 τὸν
455 3403 612 3496 Χοσρύην
628 3413 813 3495 βασιλικαῖς
830 3411 1027 3496 θεραπείαις
1044 3404 1101 3476 καὶ
