2586 3800
200 159 267 222 ὥ·
526 157 845 214 ffluffim

190 297 330 386 Ἴωνας,
355 293 400 380 ὥς
424 295 442 367 6
461 295 643 379 Ἀππιανδς
668 299 704 367 ἐν
727 299 782 391 τῷ
798 302 937 389 εἰκοστῷ
959 302 1061 390 τρίτῳ
1080 293 1171 391 λόγῳ

200 405 260 490 τῆς
277 400 458 490 Ῥωμαϊκῆς
484 405 629 488 ἱστορίας
653 404 754 488 φησί,
781 397 862 487 μήτε
881 395 1035 520 χρήματα
1052 393 1074 466 6
1093 401 1170 470 ἐπε-

201 509 296 582 τείως
315 499 504 591 ἐλάμβανον
517 499 650 574 διδόναι
664 495 777 582 αὐτοῖς
790 498 989 622 ἀνεχόμενος
1001 501 1059 570 καὶ
1073 505 1111 570 δί
1096 507 1170 582 ίιιας

202 602 461 725 εἰσπράξασθαι
468 609 538 674 τῶν
555 603 801 694 πεπραγμένων
818 597 932 682 αδτολς
951 599 1169 691 ίμειράμενος

201 706 393 795 πυθόμενος
416 692 482 775 οὖν
504 703 522 774 6
547 699 801 794 Δεκέβαλος,“
781 732 817 784 ος
840 693 921 792 ἦρχε
938 707 1083 791 Δακων,
1106 702 1198 792 τὴνε

201 835 260 879 του
249 810 448 899 Τραιανοῦ
462 805 548 876 κατὰ
561 835 622 876 τον
609 804 788 886 Ηέθνους
773 803 891 894 ορμήν,
911 811 1054 893 ἔδεισεν,
1071 803 1171 886 είδδς

201 909 271 981 τὸν
283 909 391 999 ἀνδρα
414 905 732 1000 στρατηγικώτατον
785 909 841 977 καὶ
871 909 1036 996 πολέμου
1043 926 1168 997 συρρα-

199 1012 318 1098 γέντος
340 1019 437 1101 σφίσι
457 1009 602 1092 πολλοδς
619 1010 743 1099 μὲν
697 1037 766 1080 των
783 1014 954 1097 πολεμίων
970 1003 1172 1078 ἀπέκτειναν

68 1119 237 1189 P158506
252 1111 422 1202 Ρωμαῖοι,
451 1111 493 1182 οά
507 1119 623 1238 μείους
642 1111 680 1182 δὲ
697 1107 812 1182 ταδ’
772 1137 885 1180 αντων
903 1109 1172 1200 ἐτραυματίσθη-

202 1235 291 1286 σαν.Ι
311 1211 516 1288 τοσοῦτοιδ’
535 1205 623 1304 ἦσαν
643 1217 680 1284 οί
701 1206 951 1304 τραυματίαι
926 1241 988 1294 ως
985 1209 1168 1282 ίπιλιπόν·
1183 1243 1211 1284 ιο

202 1344 271 1386 των
287 1321 355 1387 τῶν
374 1318 563 1406 ίπιδέσμων
579 1315 722 1404 μηδὲ
681 1344 740 1405 της
758 1317 878 1386 ἑαυτου
863 1317 1038 1403 ἐσθῆτος
1050 1319 1172 1403 φείσα-

204 1429 286 1488 σθαι
303 1417 362 1490 τὸν
381 1415 559 1510 Τραιανόν.
597 1419 668 1488 ἐπεὶ
695 1413 797 1487 δὲ’
756 1445 796 1486 τα
813 1443 850 1486 τε
866 1412 972 1508 ἀκρα,
1000 1418 1172 1540 δυσχερῶς

201 1521 281 1609 μέν,
305 1523 467 1610 κατέλαβε
491 1523 545 1606 δέ,
569 1521 625 1588 καί
648 1519 750 1600 πέλας
773 1523 841 1588 τῶν
865 1523 1000 1606 βασιλεί
999 1546 1048 1588 ων
1063 1507 1172 1606 ἦλθεν

202 1617 326 1710 αὐτῶν,
341 1619 528 1712 πρεσβεις
512 1649 529 1691 ο
546 1623 736 1708 Δεκέβαλος
750 1621 915 1710 πέπομφε,
930 1619 1173 1708 συντιθέμενος

202 1721 243 1793 τά
260 1749 296 1791 τε
309 1720 396 1795 ὅπλα
408 1719 514 1794 καί
477 1751 518 1792 τα
530 1720 749 1812 μηχανήματα
763 1721 819 1792 καὶ
831 1721 911 1802 τοδς
923 1745 1172 1810 μηχανοποιους
1186 1750 1212 1792 ιο

204 1827 433 1915 παραδοῦναι,
459 1822 560 1895 666⁰
539 1851 629 1894 απαν
652 1827 767 1914 ἕτερον
789 1817 809 1893 6
826 1818 870 1894 ἀν
886 1818 1058 1893 άπαιτοῖτο
1076 1825 1172 1910 ποιῇ·
1216 1873 1220 1876 -

204 1945 275 1996 σαι
312 1925 467 2016 καὶπρὸς
485 1923 544 1996 τὸν
562 1922 790 2015 αὐτοκράτορα
809 1923 920 1996 ἐλθάν
939 1927 972 2006 ἐς
989 1914 1093 2006 οὖδας
1110 1951 1173 1994 κα-

201 2031 372 2112 τανλιθελς
390 2025 483 2123 αὐτῷ
500 2025 761 2119 προσεκύνησεν
799 2055 870 2098 ειτα
888 2033 936 2108 είς
953 2023 1015 2114 τὴν
1028 2023 1172 2097 Ἰταλίαν

202 2128 221 2200 6
244 2129 407 2222 Τραιανδς
425 2099 604 2216 ἀναζεύξας
622 2131 677 2200 καί
694 2127 773 2210 τοδς
786 2157 846 2200 τον
830 2123 1055 2216 Δεκεβάλον
1068 2127 1173 2216 πρίσ-

203 2239 274 2320 βεις
299 2232 448 2322 ἐπήγετο.
488 2237 585 2321 οἵπερ
609 2232 821 2322 είσαχθίντες
845 2237 893 2312 είς
916 2227 953 2299 τδ
977 2231 1168 2316 συνέδρων,
1185 2257 1216 2300 το

167 2337 260 2404 Βκαί
277 2332 318 2404 τά
335 2330 421 2405 ὅπλα
437 2361 474 2404 τε
492 2332 696 2421 ἀποθέμενοι
718 2334 776 2403 καὶ
792 2329 850 2416 τάς
868 2347 980 2421 χεῖρας
997 2327 1173 2414 συνάψαν-

202 2463 255 2516 τες
273 2439 311 2505 ἐν
329 2431 546 2524 αἰχμαλώτων
568 2432 710 2523 σχήματι
731 2429 838 2505 πολλά
861 2461 897 2504 τε
916 2432 1012 2504 είπον
1029 2433 1085 2503 καὶ
1104 2433 1173 2502 ι’κί·

203 2552 342 2605 τευσαν·
378 2538 435 2606 καί
452 2532 539 2606 οὕτω
557 2542 715 2607 σπονδῶν
731 2533 887 2626 τυχόντες
905 2525 1008 2618 αὖθις
1025 2533 1067 2604 τά
1083 2531 1189 2604 ὅπλα

202 2634 382 2725 ἀπέλαβον.
423 2637 585 2728 Τραιανδς
610 2639 647 2708 δὲ
669 2639 726 2708 καὶ
750 2635 975 2727 ἐθριάμβευσε
992 2638 1049 2706 καὶ
1066 2645 1174 2706 Λακι-

201 2735 264 2863 ηδς
277 2735 469 2830 ὠνομάσθη.
510 2735 573 2864 οὐχ
590 2734 636 2822 άς
653 2737 769 2830 ἀρήιος
787 2739 825 2810 δὲ
841 2741 909 2810 τεᾶν
926 2735 1039 2808 ἄλλων
1055 2732 1175 2827 ἠμέλει
1186 2765 1217 2808 τε

202 2831 341 2970 66vvov
361 2845 414 2912 666
399 2849 527 2930 ίκαζεν,
553 2837 637 2911 ἀλλά
662 2843 718 2912 καὶ
741 2843 912 2930 πολλαχοῦ
934 2841 991 2910 καὶ
1009 2835 1174 2920 πολλάκις

203 2945 258 3014 ἐπὶ
274 2941 421 3032 βήματος
438 2951 579 3034 ἔκρινεν

275 3040 331 3126 Ὡς
362 3045 401 3115 δὲ
430 3042 656 3134 ἀπηγγέλλετο
686 3041 781 3114 αάτω
810 3041 1045 3131 ὁΔεκίβαλος
1068 3029 1176 3122 αὖθις

203 3153 408 3237 νεωτερίζων
425 3148 481 3216 καὶ
499 3161 571 3228 ταῖς
589 3143 777 3234 σννθηκαις
794 3141 868 3217 οὖν
875 3146 1044 3236 ἐμμένων,
1071 3137 1178 3226 αὐτὸς

273 3411 286 3456 1
301 3405 419 3477 εἰκοστῷ
430 3405 675 3524 τρίτωχίοεοτὶμίο
689 3407 812 3478 Δακική.
838 3409 917 3462 Oonf.
930 3409 1025 3462 Photii
1036 3404 1179 3462 Biblioth.

203 3458 625 3537 p16a22edBeizer1..
