2566 3812
184 143 248 208 248
485 145 560 196 ιιε.
572 145 647 196 v111.
666 104 859 198 cffssxm.

187 283 387 374 δικτάτωρος
411 279 642 374 ὠλιγώρησεν,
667 280 816 374 ὁρμήσας
843 281 874 351 δ’
903 287 950 364 είς
974 279 1157 372 παράταξιν

185 383 224 456 τό
242 385 304 474 μέν
322 389 455 475 πρῶτον
472 390 572 455 νικᾶν
589 388 720 473 ἔδοξεν,
737 385 806 455 είτα
823 379 963 474 ήττήθη.
996 379 1059 456 κάν
1073 409 1156 453 παν-

186 489 266 558 συδί
292 483 480 577 διεφθάρη,
508 493 539 557 εί
561 483 607 576 μή
632 511 721 568 τινες
745 489 925 556 Σαυνιτῶν
949 481 1031 556 κατά
1050 482 1158 575 τόχην

98 588 100 594 ’
152 603 256 672 θεοῖς
279 585 451 678 Ῥωμαίοις
483 591 655 679 ἐπίκουροι
684 583 925 677 άφικνοάμενοι
955 584 1057 670 δόξαν
1086 603 1154 668 τοῖς

186 684 430 779 Καρχηδονίοις
448 691 615 780 παρέσχον
632 689 805 779 προσιέναι
824 686 882 759 τόν
900 687 1039 776 Φάβιον.
1076 686 1186 758 ἀνα-ε

80 788 420 881 Ψιιτιχωρησάντων
450 784 513 860 οὖν
544 789 598 860 διδ
627 794 725 862 τοῦτο
748 791 989 882 κεκρατηκέναι
1014 787 1155 880 ἐνόμισε,

187 895 244 962 καὶ
276 895 308 973 ἐς
323 889 398 981 τήν
424 890 551 982 Ῥώμην
581 892 617 962 τδ
649 897 748 982 ἔργον
777 889 979 981 μεχαλάνων
1012 893 1069 960 καὶ
1098 889 1159 960 τὸν

189 993 373 1082 δικτάτωρα
396 991 677 1084 προσδιαβάλλων
702 995 907 1082 ἐπέστειλεν,
925 991 1079 1086 [ὀκνηρόν
1101 993 1158 1061 καλ

80 1147 82 1154 -
187 1093 354 1185 μελλητήν
378 1091 481 1167 αὐτὸν
505 1098 618 1165 καλόν
647 1096 703 1164 καί
728 1092 768 1164 τά
791 1099 859 1166 τῶν
890 1099 1054 1165 ἐναντίων
1077 1121 1157 1185 φρο·

186 1201 322 1267 νοῦντα.
1172 1226 1201 1266 ιο

268 1303 313 1368 Οί
329 1296 361 1368 δ’
379 1303 417 1370 έν
429 1303 470 1390 τῇ
482 1296 588 1389 Ῥάμη
602 1299 814 1386 νενικηκέναι
826 1297 886 1368 τὸν
897 1295 1038 1387 Ῥοῦφον
1054 1293 1159 1375 όντως
1188 1361 1190 1366 .

190 1397 366 1489 ἐνόμισαν,
385 1402 441 1469 καὶ
458 1395 513 1470 οἷα
531 1397 622 1490 παρά
636 1397 737 1482 δόξαν
750 1399 983 1490 θαρσήσαντες
1001 1399 1056 1468 καὶ
1076 1395 1159 1488 ἐπή-

189 1529 274 1573 νουν
292 1498 395 1572 αὐτὸν
412 1503 468 1570 καὶ
494 1503 631 1591 ἐτίμων,
654 1502 711 1570 καὶ
734 1501 793 1571 τόν
817 1498 947 1589 Φάβιον
970 1504 1007 1571 ἐν
1029 1497 1160 1590 ὑποψία
1202 1585 1204 1587 ¹

189 1599 326 1691 σχόντες
348 1599 404 1670 διά
429 1608 535 1672 ταῦτα
558 1603 614 1672 καὶ
637 1599 688 1672 ότι
710 1598 751 1671 τά
781 1605 819 1672 ἐν
841 1607 1025 1694 Καμπανίᾳ
1055 1607 1160 1691 χωρία

191 1700 297 1772 αὐτοῦ
315 1699 377 1773 οόκ
396 1701 566 1794 ἐδήωσαν,
585 1707 707 1794 μικροῦ
725 1704 781 1773 καλ
799 1705 858 1792 τής
876 1699 978 1793 ἀρχῆς
996 1699 1039 1773 διν
1056 1704 1161 1792 παρέ-
1175 1729 1202 1770 ιε

191 1813 309 1874 λυσαν.
346 1799 418 1873 ἀλλ’
440 1809 570 1876 ἐκεῖνον
593 1803 655 1894 μέν
678 1802 840 1895 χρήσιμον
863 1813 1053 1894 νομίζοντες
1074 1803 1161 1874 εἶναι

154 1921 179 1973 c
192 1903 255 1976 οὐκ
278 1911 446 1996 ἔπαυσαν,
476 1909 522 2001 τῷ
548 1903 580 1977 δ’
609 1905 765 2000 ίππάρχῳ
788 1905 850 1994 τήν
875 1903 982 1994 αότήν
1006 1907 1162 1988 ἐξουσίαν

191 2009 426 2097 προσένειμαν,
442 2003 521 2078 ὥστ’
536 2004 637 2098 άμφω
650 2005 718 2078 άπό
732 2014 790 2096 τῆς
805 2017 878 2096 ίσης
892 2004 1015 2098 άρχειν.
1046 2003 1161 2089 δοξάν-
1279 2049 1282 2106 χ

191 2135 260 2180 των
278 2109 317 2179 δέ
333 2107 462 2180 τούτων
479 2105 496 2179 ὁ
514 2111 576 2200 μέν
595 2107 721 2197 Φάβιος
738 2105 817 2180 οότε
833 2125 902 2190 τοῖς
919 2115 1066 2189 πολίταις
1084 2104 1161 2178 οότε
1281 2109 1282 2112 ’

190 2215 238 2304 τῷ
258 2208 386 2304 Ῥοόφω
411 2219 507 2301 ἔσχεν
534 2208 657 2300 ὀργήν,
687 2208 705 2282 ὁ
732 2210 770 2280 δὲ
789 2205 944 2299 Ῥοάφος,
974 2209 1057 2281 οὐδὲ
1079 2211 1209 2298 πρλνεο

191 2308 305 2402 ὀρθῶς
328 2317 483 2402 φρονῶν,
508 2312 582 2383 τότε
605 2309 749 2402 μάλιστα
773 2310 961 2401 ἐπεφύσητο
986 2313 1041 2382 καὶ
1064 2311 1162 2380 κατέ-

193 2440 265 2502 χειν
288 2411 410 2482 ἕαυτόυ
433 2409 496 2483 οόκ
518 2409 683 2504 ήδόνατο,
712 2407 787 2482 ἀλλ’
805 2411 934 2502 ἡμέραν
956 2410 1054 2501 ήξίου
1077 2406 1160 2498 παρ’

194 2511 324 2602 ἡμέραν
341 2507 363 2600 ἦ
381 2515 436 2582 καί
455 2521 590 2597 πλείους
615 2518 733 2604 ἐφεξῆς
759 2514 898 2598 ἐναλλάξ
917 2512 1020 2603 μόνος
1037 2513 1161 2602 άρχειν.

196 2621 310 2695 δείσας
325 2611 356 2682 δ’
374 2612 391 2684 ὁ
407 2613 531 2704 Φάβιος
544 2613 590 2706 μή
603 2645 635 2685 τι
648 2612 752 2686 κακόν
767 2614 991 2704 ἐξεργάσηται,
1011 2621 1043 2686 εί
1054 2611 1164 2702 πάσης

195 2719 253 2805 τής
268 2711 441 2805 δυνάμεως
454 2719 583 2806 γένοιτο
598 2715 768 2806 ἐγκρατής,
783 2714 865 2798 πρὸς
878 2713 1056 2804 οὐδέτερον
1070 2711 1163 2806 αὐτῷ
1176 2741 1208 2782 2⁵
1278 2729 1280 2760 λ

196 2815 403 2908 συνῄνεσεν,
423 2815 498 2888 ἀλλ’
519 2824 671 2908 ἐνείματο
684 2815 721 2889 τό
734 2815 977 2906 στρατόπεδον,
996 2815 1080 2887 ὥστε
1092 2830 1165 2896 τοϊς

158 2940 186 2990 D
195 2915 334 3002 ὑπάτοις
349 2917 401 2989 ἐπ’
419 2929 492 3009 ίσης
507 2925 600 2991 ίδίαν
614 2918 771 3008 ἑκάτερον
784 2917 884 3009 ἰσχὺν
897 2927 994 3010 ἐχειν.
1026 2919 1082 2988 καλ
1101 2943 1166 2986 πα-

197 3025 349 3112 ραχρῆμα
380 3015 557 3110 ὃῬοῦφος
583 3017 973 3112 άπεστρατοπεδεόσαιο,
1004 3025 1062 3090 ἵνα
1093 3015 1166 3087 διά·
1278 3051 1280 3107 χ

197 3114 327 3211 δηλοςή
341 3119 392 3191 ὅτι
405 3119 481 3194 καθ’
498 3122 617 3194 ἐαυτδν
630 3119 735 3213 άρχει,
748 3116 821 3191 ἄλλ’
838 3117 900 3210 οάχ
912 3119 979 3192 όπὸ
992 3124 1039 3214 τῷ
1054 3116 1165 3190 δικτά-

196 3250 286 3311 τωρι.
328 3219 346 3291 ό
371 3213 433 3294 οὖν
453 3220 608 3311 Ἀννίβας
632 3229 732 3294 τοῦτο
763 3221 964 3312 αίσθόμενος
991 3227 1024 3304 ἐς
1053 3219 1165 3312 μάχην
1178 3247 1211 3289 ιο

197 3320 304 3394 αὐτόν
326 3317 534 3414 ὑπηγάγετο,
562 3321 606 3406 ὥς
633 3327 688 3396 ἐπὶ
707 3321 889 3414 καταλήψει
915 3329 1042 3415 χωρίου
1059 3343 1164 3411 προσ·

197 3421 334 3494 ελθάν·-
354 3427 410 3496 καὶ
434 3423 760 3516 περιστοιχισάμενος
792 3429 825 3512 ἐξ
850 3427 987 3516 ἐνέδρας
1018 3431 1065 3506 είς
1088 3429 1166 3493 κίν-
