2558 3820
365 145 436 197 ΜΒ.
450 146 498 198 lx,
518 145 827 202 CAP.xx111.xx1V.
1024 149 1087 214 319

113 285 236 357 ἑαυτὸν
249 287 306 356 καὶ
319 281 473 374 γονάτων
488 283 727 376 δραξάμενον’
708 301 845 376 αφείναι
857 288 973 377 φωνάς
987 285 1086 378 ἀγεν-

113 403 195 470 νείς.
239 386 353 458 καὶ
319 415 379 458 τον
403 399 436 458 Α
438 393 563 476 ίμίλιον
592 385 752 476 ἀλγοῦντι
774 387 942 485 προσείπω
968 414 1084 482 προσι-
1097 413 1118 464 c

114 487 218 562 δόντα
236 483 341 560 αύτδν
358 487 496 560 είπεῖν
498 485 561 578 τί,
587 517 614 558 ω
603 479 730 562 ταλαί
728 517 836 582 πωρε,
860 499 965 564 ταῦτα
982 491 1087 585 πράτ-

111 619 198 679 τεις;
221 587 282 680 ἀφ’
305 618 353 661 ων
370 587 535 674 δύξεις’
495 619 558 662 ουκ
575 587 718 675 ἀναξίως
742 587 896 684 ἀτυχείν,
921 590 1002 666 ούδὲ
1025 602 1086 666 τοῦ
1135 654 1138 660 .
1246 623 1249 628 ·

82 722 97 764 τ
112 723 198 782 νυν,
216 690 301 764 ἀλλά
318 697 378 764 τού
397 689 499 764 πύλαι
514 699 672 783 δαίμονος
690 691 824 778 ἀνάξιος
837 695 1022 818 γεγονέναι.
1054 704 1090 768 τί

115 798 158 865 δέ
173 821 237 884 μου
253 791 472 884 καταβάλλεις
489 791 552 885 τὴν
568 803 668 885 νίκην
685 798 742 866 καὶ
756 793 949 886 σμικρύνεις
966 826 1031 887 μου
1049 798 1085 868 τὸ

1 975 2 981 ¹
112 893 333 988 κατόρθωμα,
353 894 624 986 ἐπιδεικνύμενος
640 895 760 970 ἑαυτὸν
777 895 818 969 ού
832 915 991 986 γενναῖον
1004 896 1086 970 οὐδὲ

109 998 283 1090 πρέποντα
296 991 467 1088 Ῥωμαίοις
484 993 754 1088 ἀνταγωνιστήν;
773 994 876 1089 ἀρετή
893 1028 944 1072 τοι
962 1001 1085 1072 δυστυ-

110 1102 209 1190 χοῦσι
221 1097 372 1190 μεγάλην
384 1106 452 1190 ἔχει
464 1115 587 1192 μοῖραν
599 1101 656 1170 καὶ
669 1099 760 1192 παρὰ
773 1107 954 1192 πολεμίους,
976 1107 1085 1173 δειλία

70 1229 99 1268 ιο
114 1201 153 1274 δὲ
168 1196 356 1291 Ῥωμαίοις,
374 1196 440 1272 κάν
457 1199 624 1292 εὐποτμῇ,
644 1199 755 1293 πάντη
772 1199 1000 1292 ἀτιμότατον.”

188 1303 285 1374 Κατά
302 1302 341 1373 δὲ
357 1301 417 1374 τὸν
440 1299 545 1374 αύτδν
561 1300 684 1396 χρόνον
706 1306 764 1374 καὶ
780 1303 925 1387 Λούκιος
944 1301 1084 1388 Ἀνίκιος
1095 1321 1138 1385 24

111 1403 295 1497 στρατηγὸς
317 1407 487 1529 πεμρδεὶς
517 1403 630 1476 ἐπὶ
596 1433 655 1476 τον
677 1407 817 1532 Γύντιον
839 1403 918 1490 τούς
946 1415 1085 1498 προσμί-

111 1504 233 1590 ξαντάς
255 1534 292 1577 τε
314 1502 405 1601 αύτῷ
430 1509 565 1596 ἐνίκησε
594 1509 650 1578 καὶ
680 1506 739 1578 τὸυ
762 1509 900 1580 Γίντιον
930 1506 1118 1599 φυγόνταω

112 1606 331 1692 ἐπιδιώξαςέ
332 1637 349 1691 ς
374 1605 534 1699 Σκόδραν
557 1605 834 1700 κατέκλεισεν,”
815 1635 902 1682 οπου
925 1600 969 1701 ἦν
993 1605 1083 1705 αύτῷ

65 1733 96 1776 ιε
110 1709 153 1782 τά
176 1717 259 1798 βασί
257 1719 338 1782 λεια.
381 1712 437 1782 καὶ
462 1705 671 1800 διακενῆς”
650 1740 695 1781 αν
724 1710 956 1803 προσήδρευεν
988 1710 1085 1803 αὐτη,

109 1814 167 1884 ἐπὶ
189 1811 255 1903 γάρ
280 1808 534 1904 ἀκρωνυχίας”
514 1841 615 1903 ορους
639 1811 836 1886 πεπόλισται
859 1816 916 1885 καὶ
940 1813 1085 1908 φάραγξι

1 1973 2 1983 2
111 1920 269 2002 βαθείαις
300 1911 467 2005 ποταμούς
501 1912 641 2006 δοάδεις
672 1913 824 2005 ἐχούσαις
854 1925 1082 2005 περιειλεϊται,

110 2021 214 2104 τείχει
230 2043 266 2087 τε
292 2012 405 2110 ὀχυρῷ
427 2017 659 2107 περιέζωσται,
684 2024 715 2088 εί
737 2012 818 2107 μηδ
836 2019 972 2100 Γέντιος
998 2019 1083 2106 μέγα

111 2117 168 2188 ἐπὶ
197 2120 240 2208 τῇ
264 2116 406 2207 δυνάμει
437 2121 574 2200 ἐλπίσας
604 2116 691 2188 ἑκὼν
715 2123 762 2199 είς
792 2113 902 2207 μάχην
926 2115 1081 2207 ἐχύρησε.

65 2243 97 2284 εο
111 2214 177 2289 κάκ
199 2217 321 2290 τούτου
343 2219 405 2309 τήν
434 2246 471 2289 τε
494 2215 602 2310 ἀρχὴν
629 2217 735 2290 αύτού
765 2222 877 2289 πᾶσαν
901 2216 919 2290 ὁ
942 2213 1084 2300 ’Λνίκιος

1 2336 3 2371 ³
111 2319 343 2410 προσηγάγετο
360 2322 417 2392 καὶ
435 2322 531 2412 μέχρι
543 2327 601 2411 τῆς
616 2315 776 2410 Ἠπείρου
793 2317 983 2412 προελθών,
1002 2321 1084 2411 πρὶν

110 2421 453 2511 τὸνΠαύλονέλδείν,
467 2422 627 2513 κάκείνην
639 2423 886 2514 ταραττομένην
898 2416 1082 2513 ἡμέρωσεν.

193 2529 239 2596 Ol
254 2521 286 2594 δ’
308 2529 346 2596 ἐν
363 2529 403 2616 τῇ
417 2519 525 2617 Ῥύμη
544 2530 674 2615 ἔμαθον
695 2525 758 2615 μὲν
780 2523 841 2615 τὴν
863 2530 924 2595 τού
942 2521 1084 2596 Παύλου

110 2632 213 2716 νίκην
230 2624 370 2717 τετάρτη
388 2623 470 2717 μετά
493 2623 556 2714 τὴν
578 2624 689 2717 μάχην
711 2621 820 2720 ἡμέρᾳ
843 2632 881 2698 ἔκ
903 2655 993 2709 τινος
1017 2624 1084 2717 φή-

67 2761 96 2803 εε
109 2757 193 2820 μης,
217 2726 259 2800 ού
276 2731 389 2819 μέντοι
411 2729 467 2800 καὶ
491 2727 637 2818 ἀκριβεῖς
661 2731 844 2800 ἐπίστευον.
887 2728 957 2799 εἶτα
980 2751 1185 2820 γραμΡΙεοο

108 2829 228 2923 μάτων
241 2827 328 2922 ὑπὲρ
342 2827 464 2919 ταύτης
477 2832 709 2921 κομισθέντων
721 2831 783 2902 τού
799 2825 960 2918 Παύλου,
978 2823 1084 2918 ύπερ-

110 2931 288 3024 ήσθησαν,
318 2933 375 3004 καὶ
399 2928 461 3024 ούχ
485 2926 530 3014 ὥς
554 2929 614 3003 τδν
638 2932 771 3022 Περσέα
794 2925 1003 3019 νενικηκότες
1027 2932 1083 2999 καὶ

109 3031 173 3124 τὴν
190 3037 412 3108 Μακεδονίαν
436 3031 654 3125 κτησάμενοι,
677 3028 753 3104 ἀλλ’
774 3027 819 3114 εδς
835 3029 895 3103 τὸν
913 3035 1083 3104 Φίλιππον

111 3139 245 3210 ἐκείνου
268 3137 328 3210 τὸν
345 3134 436 3210 πάνυ
453 3137 510 3207 καί
536 3131 640 3208 αύτδν
662 3131 722 3206 τδν
739 3131 959 3224 Ἀλέξανδρον
976 3129 1183 3222 μετάλνΗΠο

70 3269 98 3312 εο
111 3239 220 3331 πάσης
237 3243 296 3330 τῆς
314 3237 417 3332 ἀρχῆς
431 3241 571 3340 ἐκείνης,
589 3233 634 3329 ἣν
652 3243 781 3328 ἔσχηκε,
799 3231 996 3325 νικήσοντες
1015 3237 1083 3307 ἐσε-

181 3407 251 3473 Οερ.
269 3409 310 3460 24.
338 3405 437 3460 Dionis
453 3405 597 3458 Historiae
615 3403 757 3456 Romanae
770 3401 836 3453 libri
849 3400 965 3468 perditi:
984 3401 1081 3465 fragm.

111 3477 154 3541 67,
174 3477 217 3539 68,
236 3474 279 3539 69,
298 3477 338 3538 70,
356 3478 381 3527 4.
