2580 3816
412 197 767 252 mmmm
1001 199 1065 266 m

94 330 182 429 ᾗπερ
198 338 325 420 ἐκεῖνος
339 338 510 426 έκέκαυτο,
519 344 666 410 παλαιού
672 365 765 423 τινος
775 345 861 429 ἔχων
876 343 1068 434 ἐπίγραμμα

192 436 368 509 “ένταύθα
385 446 504 530 Μίμας
522 439 695 513 Μακεδών
712 438 963 532 στρατηγέτης.”
1005 501 1007 504 ,

93 539 203 635 τούτῳ
215 547 263 634 τῷ
276 547 409 629 βασιλεῖ
422 543 587 631 ἐπανέστη
593 543 786 632 Προκόπιος
800 540 818 614 ὁ
832 541 969 629 άνεψιός
979 543 1066 616 Ἰου-
1078 561 1101 612 Β

96 649 228 732 λιαυυῦ,
249 644 306 712 καί
325 642 484 734 ἐκράτησε
506 649 569 714 τού
586 651 783 728 Βυζαντίου.
820 647 1004 738 προδοθεὶς
1028 647 1067 718 δὲ

68 744 186 837 οπαρά
203 749 273 814 τάν
290 751 438 832 οἰκείων,
462 747 521 814 καὶ
546 747 749 838 προσδεθεὶς
777 748 815 816 ἐκ
839 751 909 817 τόν
936 753 1066 820 σκελῶν

94 847 159 917 δύο
177 847 332 938 δένδροις
348 853 409 938 βίᾳ
425 854 586 933 κλοθείσι,
611 853 681 918 τῶν
698 848 852 939 δένδρων
871 846 1065 920 άνεθέντων

93 945 283 1037 διεσπάσθη
296 945 314 1017 ὁ
330 953 483 1030 δείλαιος.
509 949 689 1040 καθῃρέθη
703 949 741 1020 δὲ
754 949 829 1020 τότε
841 949 899 1020 καὶ
915 950 955 1020 τά
973 959 1066 1042 τείχη

92 1055 153 1139 τῆς
163 1049 301 1130 ’πόλεως
322 1049 556 1139 Χαλκηδόνος,
582 1048 628 1131 άς
645 1056 714 1120 τῶν
732 1049 839 1140 αὐτῆς
855 1057 1007 1124 πολιτῶν
1023 1052 1065 1122 τά

93 1157 293 1244 Προκοπίου
309 1151 547 1244 φρονούντων·
568 1143 617 1222 οἷν
639 1153 921 1244 καθαιρουμένων
938 1151 1066 1246 εὑρέθη

52 1283 80 1324 ιο
94 1252 182 1338 πλάξ
207 1255 245 1324 έν
268 1267 339 1334 τοῖς
362 1259 530 1344 θεμελίοις
555 1250 672 1324 αύτάν
698 1259 822 1344 έχουσα
850 1257 1065 1348 γεγραμμένα

92 1361 207 1429 ταυτί·

148 1449 225 1526 ἀλλ’
244 1450 300 1526 ὅτε
318 1453 362 1543 δὴ
380 1453 526 1546 Νύμφαι
545 1455 639 1547 ίερδν
655 1454 739 1526 κατά
759 1455 845 1528 άστυ
862 1465 999 1550 χορείηυ

145 1555 347 1648 τερπόμεναι
363 1557 543 1646 στήσονται
561 1559 746 1648 έύστεφέας
763 1556 838 1628 κατ’
857 1557 988 1649 άγυιάς,

146 1659 204 1730 καὶ
220 1673 329 1749 τεῖχος
345 1667 518 1751 λουτροῖσι
534 1659 748 1730 πολύστονον
766 1665 896 1730 ἔσσεται
913 1659 1032 1754 άλκαρ,

50 1789 78 1832 ιο
147 1759 189 1848 δη
207 1760 282 1832 τότε
299 1766 405 1852 μυρία
423 1766 517 1849 φύλα
534 1762 777 1852 πολυσπερέων
794 1760 991 1854 άνθρεόπων

146 1861 258 1954 ἄγρια,
276 1869 520 1954 μαργαίνοντα,
539 1861 649 1951 κακὴν
668 1864 836 1953 δπιειμένα
853 1862 973 1954 άλκήν,
1077 1875 1098 1928 O

140 1963 275 2056 Ἴστρου
294 1968 493 2056 Κιμμερίωυ
511 1961 619 2056 πόρου
636 1963 801 2052 διαβάντα
817 1963 886 2036 σύν
904 1971 1008 2056 αἰχμῇ

145 2067 203 2136 καὶ
221 2064 404 2154 Σκυθικὴν
420 2062 528 2136 ὀλέσει
545 2064 660 2155 χώραν
677 2065 735 2134 καὶ
752 2071 896 2136 Μυσίδα
912 2082 1025 2154 γαῖαν.

148 2174 308 2256 Θρηικίης
326 2165 358 2236 δ’
379 2166 541 2256 ἐπιβάντα
560 2165 628 2236 σύυ
646 2167 757 2236 έλπίσι
773 2168 1013 2256 μαινομένῃσιν

3 2333 4 2336 ,
47 2301 78 2342 το
147 2267 256 2340 αύτού
273 2295 333 2339 κεν
349 2268 472 2357 βιότοιο
489 2270 583 2349 τέλος
600 2267 658 2337 καί
676 2265 804 2357 πότμον
823 2270 967 2338 ἐπίσποι.
1184 2355 1188 2366 1

92 2369 115 2443 ὁ
140 2372 204 2462 μέν
228 2363 293 2442 οὖν
320 2367 456 2459 Ούάλης
481 2375 524 2461 τῇ
547 2375 617 2439 τόν
635 2373 755 2458 τειχῶν
772 2373 831 2457 τῆς
849 2367 1066 2458 Χαλκηδόνος

90 2471 163 2564 ύλη
189 2478 238 2554 είς
260 2470 444 2562 οἰκοδομὴν
462 2467 565 2542 ὁλκοῦ
584 2470 745 2562 ἐχρήσατο
762 2469 897 2560 ύδατος,
915 2469 957 2541 όν
974 2465 1066 2559 άγω-

89 2571 198 2664 γόνὴ
219 2573 376 2664 δημάδης
393 2571 546 2664 ὀνομάζει
563 2572 674 2662 φωνή,
692 2573 750 2644 καί
767 2578 889 2645 τούτου
910 2571 1066 2645 Ούάλεν-

5 2675 6 2678 “
90 2704 136 2747 τα
155 2675 363 2764 ἐπωνόμασε,
383 2672 428 2744 δι’
448 2667 492 2745 ού
505 2681 688 2763 πεποίηκεν
707 2681 755 2757 είς
772 2674 837 2764 τήν
853 2675 953 2746 πόλιν
969 2673 1066 2768 ύδωρ

46 2807 78 2850 οε
96 2777 313 2866 εἰσάγεσθαι,
336 2773 385 2846 ἵν’
412 2773 564 2866 ἀφθονία
587 2776 711 2858 ὕδατος
729 2785 785 2864 εἴη.
800 2773 889 2866 αύτῇ
906 2775 1066 2866 καὶπρὸς

92 2879 205 2969 ἄλλην
229 2883 350 2972 χρῆσιν
379 2879 436 2947 καὶ
461 2877 548 2972 πρός
571 2875 706 2968 λουτρά.
747 2874 767 2946 ὁ
794 2877 832 2946 δὲ
855 2881 916 2964 τῆς
939 2875 1067 2958 πόλεως

93 2987 242 3073 ἔπαρχος
260 2991 448 3070 Νυμφαίου
472 2981 511 3050 ἐν
533 2985 580 3073 τῷ
605 2978 802 3071 καλουμέυφ
826 2977 952 3072 Ταύρῳ·
966 3005 1065 3047 κατε-

92 3083 266 3172 σκευάκει,
289 3080 350 3164 τάς
375 3085 412 3152 ἐκ
429 3087 491 3152 τού
509 3087 579 3151 τῶν
596 3077 735 3150 ὑδάτων
753 3073 859 3148 ὁλκού
876 3078 1011 3171 χάριτας
1030 3081 1067 3148 ἐκ

90 3184 220 3256 τούτου
245 3183 479 3276 παραδεικνύς.
515 3177 566 3265 οἷς
589 3186 699 3252 εἵπετο
722 3180 780 3249 καὶ
803 3179 825 3270 ἡ
850 3186 919 3252 τάν
936 3179 1101 3271 βαρβά-Ι)

43 3316 79 3360 ευ
96 3313 172 3375 ρων
191 3287 376 3374 έπέλευσις,
394 3283 478 3356 κατά
496 3284 537 3355 τά
554 3284 769 3376 γεγραμμένα
788 3285 825 3354 έν
841 3289 884 3375 τῇ
902 3289 1017 3370 πλακί,
1036 3287 1073 3351 οἳ

47 3453 49 3461 ,
93 3389 275 3477 ἐληίσαντο
293 3387 356 3478 μὲν
373 3386 437 3476 τὴν
456 3386 606 3479 Θράκην,
624 3385 703 3476 περὶ
721 3385 759 3454 δὲ
777 3382 885 3474 αὐτὴν
901 3411 1047 3473 κατηνα-
1057 3395 1171 3449 W11128

92 3489 264 3579 λόθησαν
286 3488 441 3580 ὕστερον.
498 3490 553 3560 ἐπὶ
577 3487 700 3558 τούτου
725 3485 766 3575 δὴ
790 3493 853 3558 τοῦ
881 3485 1070 3568 Οὐάλεντος
