<?xml version="1.0" encoding="UTF-8"?>
<!DOCTYPE html PUBLIC "-//W3C//DTD XHTML 1.0 Transitional//EN"
    "http://www.w3.org/TR/xhtml1/DTD/xhtml1-transitional.dtd">
<html xmlns="http://www.w3.org/1999/xhtml" xml:lang="en" lang="en">
 <head>
  <title>
</title>
<meta http-equiv="Content-Type" content="text/html;charset=utf-8" />
  <meta name='ocr-system' content='tesseract 3.04.00' />
  <meta name='ocr-capabilities' content='ocr_page ocr_carea ocr_par ocr_line ocrx_word'/>
</head>
<body>
  <div class='ocr_page' id='page_1' title='image "./iannoutouznapae01canggoog_0830.png"; bbox 0 0 2546 3822; ppageno 0'>
   <div class='ocr_carea' id='block_1_1' title="bbox 411 163 1043 228">
    <p class='ocr_par' dir='ltr' id='par_1_1' title="bbox 411 163 1043 228">
     <span class='ocr_line' id='line_1_1' title="bbox 411 163 1043 228; baseline 0.002 -14"><span class='ocrx_word' id='word_1_1' title='bbox 411 165 483 215; x_wconf 71' lang='grc' dir='ltr'><em>τεο.</em></span> <span class='ocrx_word' id='word_1_2' title='bbox 498 165 560 217; x_wconf 85' lang='lat' dir='ltr'><em>xv.</em></span> <span class='ocrx_word' id='word_1_3' title='bbox 580 163 658 215; x_wconf 75' lang='grc' dir='ltr'><em>υεε.</em></span> <span class='ocrx_word' id='word_1_4' title='bbox 671 166 705 216; x_wconf 89' lang='lat' dir='ltr'><em>v.</em></span> <span class='ocrx_word' id='word_1_5' title='bbox 980 163 1043 228; x_wconf 82' lang='lat'><em>345</em></span> 
     </span>
    </p>
   </div>
   <div class='ocr_carea' id='block_1_2' title="bbox 1 298 1222 2517">
    <p class='ocr_par' dir='ltr' id='par_1_2' title="bbox 78 298 1222 702">
     <span class='ocr_line' id='line_1_2' title="bbox 81 298 1222 397; baseline -0.01 -19"><span class='ocrx_word' id='word_1_6' title='bbox 81 305 239 394; x_wconf 78' lang='grc' dir='ltr'><strong><em>σφετέρου</em></strong></span> <span class='ocrx_word' id='word_1_7' title='bbox 270 303 432 392; x_wconf 81' lang='grc' dir='ltr'><em>βασιλέως</em></span> <span class='ocrx_word' id='word_1_8' title='bbox 463 298 672 393; x_wconf 78' lang='grc' dir='ltr'><em>ἀντείχοντο,</em></span> <span class='ocrx_word' id='word_1_9' title='bbox 705 307 840 397; x_wconf 84' lang='grc' dir='ltr'><em>ἐπείπερ</em></span> <span class='ocrx_word' id='word_1_10' title='bbox 871 303 1148 397; x_wconf 76' lang='grc' dir='ltr'><em>άνερρηθηΡΙΙιοτ</em></span> <span class='ocrx_word' id='word_1_11' title='bbox 1216 345 1222 355; x_wconf 79' lang='lat'><em>,</em></span> 
     </span>
     <span class='ocr_line' id='line_1_3' title="bbox 80 386 1079 496; baseline 0.001 -20"><span class='ocrx_word' id='word_1_12' title='bbox 80 407 140 496; x_wconf 77' lang='grc' dir='ltr'><em>ἤδη</em></span> <span class='ocrx_word' id='word_1_13' title='bbox 164 406 222 474; x_wconf 85' lang='grc' dir='ltr'><em>καὶ</em></span> <span class='ocrx_word' id='word_1_14' title='bbox 246 403 264 473; x_wconf 88' lang='grc' dir='ltr'>ὁ</span> <span class='ocrx_word' id='word_1_15' title='bbox 287 403 512 494; x_wconf 81' lang='grc' dir='ltr'><em>Ἀρτάβασδος</em></span> <span class='ocrx_word' id='word_1_16' title='bbox 536 405 705 492; x_wconf 76' lang='grc' dir='ltr'><em>βασιλεύς.</em></span> <span class='ocrx_word' id='word_1_17' title='bbox 740 407 823 477; x_wconf 87' lang='grc' dir='ltr'><em>κατά</em></span> <span class='ocrx_word' id='word_1_18' title='bbox 842 406 880 476; x_wconf 76' lang='grc' dir='ltr'><em>δὲ</em></span> <span class='ocrx_word' id='word_1_19' title='bbox 896 406 960 494; x_wconf 79' lang='grc' dir='ltr'><em>τὴν</em></span> <span class='ocrx_word' id='word_1_20' title='bbox 976 386 1079 477; x_wconf 72' lang='grc' dir='ltr'><em>τῶνΑ</em></span> 
     </span>
     <span class='ocr_line' id='line_1_4' title="bbox 80 505 1046 598; baseline -0.003 -20"><span class='ocrx_word' id='word_1_21' title='bbox 80 507 208 578; x_wconf 90' lang='grc' dir='ltr'><em>πόλεων</em></span> <span class='ocrx_word' id='word_1_22' title='bbox 216 505 467 592; x_wconf 78' lang='grc' dir='ltr'><em>βασιλεύουσαν</em></span> <span class='ocrx_word' id='word_1_23' title='bbox 480 511 550 576; x_wconf 76' lang='grc' dir='ltr'><em>τῶν</em></span> <span class='ocrx_word' id='word_1_24' title='bbox 564 511 735 595; x_wconf 77' lang='grc' dir='ltr'><em>δημοσίων</em></span> <span class='ocrx_word' id='word_1_25' title='bbox 749 505 925 596; x_wconf 78' lang='grc' dir='ltr'><em>οἰκονόμος</em></span> <span class='ocrx_word' id='word_1_26' title='bbox 940 532 1046 598; x_wconf 79' lang='grc' dir='ltr'><em>πραχ-</em></span> 
     </span>
     <span class='ocr_line' id='line_1_5' title="bbox 78 605 1044 702; baseline -0.001 -24"><span class='ocrx_word' id='word_1_27' title='bbox 78 609 189 702; x_wconf 91' lang='grc' dir='ltr'><em>μάτων</em></span> <span class='ocrx_word' id='word_1_28' title='bbox 201 605 292 697; x_wconf 87' lang='grc' dir='ltr'><em>παρά</em></span> <span class='ocrx_word' id='word_1_29' title='bbox 312 612 373 676; x_wconf 78' lang='grc' dir='ltr'><em>τοῦ</em></span> <span class='ocrx_word' id='word_1_30' title='bbox 391 615 655 679; x_wconf 90' lang='grc' dir='ltr'><em>Κωνσταντίνου</em></span> <span class='ocrx_word' id='word_1_31' title='bbox 674 607 692 680; x_wconf 87' lang='grc' dir='ltr'>ὁ</span> <span class='ocrx_word' id='word_1_32' title='bbox 709 609 891 699; x_wconf 82' lang='grc' dir='ltr'><em>μάχιστρος</em></span> <span class='ocrx_word' id='word_1_33' title='bbox 910 609 1044 698; x_wconf 83' lang='grc' dir='ltr'><em>Θεοφά-</em></span> 
     </span>
    </p>

    <p class='ocr_par' dir='ltr' id='par_1_3' title="bbox 1 705 1047 1204">
     <span class='ocr_line' id='line_1_6' title="bbox 1 705 1046 808; baseline 0 -30"><span class='ocrx_word' id='word_1_34' title='bbox 1 785 6 808; x_wconf 64' lang='lat'>;</span> <span class='ocrx_word' id='word_1_35' title='bbox 55 737 139 799; x_wconf 85' lang='grc' dir='ltr'><em>τνης</em></span> <span class='ocrx_word' id='word_1_36' title='bbox 158 707 271 796; x_wconf 88' lang='grc' dir='ltr'><em>είάθη,</em></span> <span class='ocrx_word' id='word_1_37' title='bbox 290 705 328 789; x_wconf 85' lang='grc' dir='ltr'><em>δς</em></span> <span class='ocrx_word' id='word_1_38' title='bbox 345 712 392 801; x_wconf 76' lang='grc' dir='ltr'><em>τχά</em></span> <span class='ocrx_word' id='word_1_39' title='bbox 404 705 619 802; x_wconf 82' lang='grc' dir='ltr'><em>Ἀρταβάσδςο</em></span> <span class='ocrx_word' id='word_1_40' title='bbox 633 717 873 800; x_wconf 79' lang='grc' dir='ltr'><em>προσκείμενος</em></span> <span class='ocrx_word' id='word_1_41' title='bbox 886 711 942 780; x_wconf 80' lang='grc' dir='ltr'><em>καί</em></span> <span class='ocrx_word' id='word_1_42' title='bbox 960 737 1046 800; x_wconf 82' lang='grc' dir='ltr'><em>χρα-</em></span> 
     </span>
     <span class='ocr_line' id='line_1_7' title="bbox 79 808 1040 903; baseline 0 -23"><span class='ocrx_word' id='word_1_43' title='bbox 79 811 146 901; x_wconf 82' lang='grc' dir='ltr'><em>φην</em></span> <span class='ocrx_word' id='word_1_44' title='bbox 164 812 197 892; x_wconf 81' lang='grc' dir='ltr'><em>ἐξ</em></span> <span class='ocrx_word' id='word_1_45' title='bbox 216 811 348 880; x_wconf 89' lang='grc' dir='ltr'><em>ἐκείνου</em></span> <span class='ocrx_word' id='word_1_46' title='bbox 367 808 545 898; x_wconf 82' lang='grc' dir='ltr'><em>δεξάμενος</em></span> <span class='ocrx_word' id='word_1_47' title='bbox 566 815 711 903; x_wconf 82' lang='grc' dir='ltr'><em>δημοσίᾳ</em></span> <span class='ocrx_word' id='word_1_48' title='bbox 730 822 854 882; x_wconf 81' lang='grc' dir='ltr'><em>θανεῖν</em></span> <span class='ocrx_word' id='word_1_49' title='bbox 867 811 929 881; x_wconf 86' lang='grc' dir='ltr'><em>τόν</em></span> <span class='ocrx_word' id='word_1_50' title='bbox 943 820 1040 881; x_wconf 83' lang='grc' dir='ltr'><em>Κων·</em></span> 
     </span>
     <span class='ocr_line' id='line_1_8' title="bbox 79 907 1047 1004; baseline -0.002 -20"><span class='ocrx_word' id='word_1_51' title='bbox 79 923 253 1002; x_wconf 85' lang='grc' dir='ltr'><em>σταντίνου</em></span> <span class='ocrx_word' id='word_1_52' title='bbox 283 909 423 1000; x_wconf 78' lang='grc' dir='ltr'><strong><em>ἐκήρυξε</em></strong></span> <span class='ocrx_word' id='word_1_53' title='bbox 454 911 512 980; x_wconf 83' lang='grc' dir='ltr'><em>καὶ</em></span> <span class='ocrx_word' id='word_1_54' title='bbox 543 910 604 982; x_wconf 87' lang='grc' dir='ltr'><em>τδυ</em></span> <span class='ocrx_word' id='word_1_55' title='bbox 635 907 863 1004; x_wconf 84' lang='grc' dir='ltr'><em>Ἀρτάβασδον</em></span> <span class='ocrx_word' id='word_1_56' title='bbox 886 911 952 982; x_wconf 83' lang='grc' dir='ltr'><em>ὑπό</em></span> <span class='ocrx_word' id='word_1_57' title='bbox 978 918 1047 982; x_wconf 78' lang='grc' dir='ltr'><em>τῶν</em></span> 
     </span>
     <span class='ocr_line' id='line_1_9' title="bbox 79 1010 1045 1102; baseline -0.003 -18"><span class='ocrx_word' id='word_1_58' title='bbox 79 1011 333 1102; x_wconf 77' lang='grc' dir='ltr'><em>στρατευμάτων</em></span> <span class='ocrx_word' id='word_1_59' title='bbox 358 1015 538 1101; x_wconf 80' lang='grc' dir='ltr'><em>αίρεθῆναι</em></span> <span class='ocrx_word' id='word_1_60' title='bbox 565 1018 614 1095; x_wconf 89' lang='grc' dir='ltr'><em>είς</em></span> <span class='ocrx_word' id='word_1_61' title='bbox 635 1016 785 1102; x_wconf 78' lang='grc' dir='ltr'><em>βασιλέα.</em></span> <span class='ocrx_word' id='word_1_62' title='bbox 821 1013 877 1084; x_wconf 79' lang='grc' dir='ltr'><em>καί</em></span> <span class='ocrx_word' id='word_1_63' title='bbox 903 1010 1045 1095; x_wconf 78' lang='grc' dir='ltr'><em>οὕτωςὸ</em></span> 
     </span>
     <span class='ocr_line' id='line_1_10' title="bbox 79 1109 1046 1204; baseline -0.001 -20"><span class='ocrx_word' id='word_1_64' title='bbox 79 1121 182 1204; x_wconf 75' lang='grc' dir='ltr'><em>δῆμος</em></span> <span class='ocrx_word' id='word_1_65' title='bbox 204 1119 265 1201; x_wconf 80' lang='grc' dir='ltr'><em>τῆς</em></span> <span class='ocrx_word' id='word_1_66' title='bbox 291 1112 420 1194; x_wconf 86' lang='grc' dir='ltr'><em>πόλεως</em></span> <span class='ocrx_word' id='word_1_67' title='bbox 448 1119 495 1194; x_wconf 87' lang='grc' dir='ltr'><em>είς</em></span> <span class='ocrx_word' id='word_1_68' title='bbox 513 1109 577 1202; x_wconf 77' lang='grc' dir='ltr'><em>την</em></span> <span class='ocrx_word' id='word_1_69' title='bbox 594 1114 744 1204; x_wconf 76' lang='grc' dir='ltr'><em>μεγάλην</em></span> <span class='ocrx_word' id='word_1_70' title='bbox 763 1117 943 1204; x_wconf 78' lang='grc' dir='ltr'><em>ἐκκλησίαν</em></span> <span class='ocrx_word' id='word_1_71' title='bbox 961 1135 1046 1184; x_wconf 88' lang='grc' dir='ltr'><em>συν-</em></span> 
     </span>
    </p>

    <p class='ocr_par' dir='ltr' id='par_1_4' title="bbox 39 1212 1099 1709">
     <span class='ocr_line' id='line_1_11' title="bbox 39 1212 1044 1306; baseline 0 -22"><span class='ocrx_word' id='word_1_72' title='bbox 39 1243 66 1284; x_wconf 88' lang='lat'><em>10</em></span> <span class='ocrx_word' id='word_1_73' title='bbox 79 1213 273 1298; x_wconf 80' lang='grc' dir='ltr'><em>αθροισθεὶς</em></span> <span class='ocrx_word' id='word_1_74' title='bbox 297 1212 357 1284; x_wconf 84' lang='grc' dir='ltr'><em>τόν</em></span> <span class='ocrx_word' id='word_1_75' title='bbox 373 1212 436 1302; x_wconf 78' lang='grc' dir='ltr'><em>μέν</em></span> <span class='ocrx_word' id='word_1_76' title='bbox 451 1223 712 1286; x_wconf 80' lang='grc' dir='ltr'><em>Κωνσταντίνου</em></span> <span class='ocrx_word' id='word_1_77' title='bbox 731 1213 919 1306; x_wconf 83' lang='grc' dir='ltr'><em>άναθέματι</em></span> <span class='ocrx_word' id='word_1_78' title='bbox 935 1225 1044 1285; x_wconf 87' lang='grc' dir='ltr'><em>καθυ-</em></span> 
     </span>
     <span class='ocr_line' id='line_1_12' title="bbox 78 1311 1048 1406; baseline -0.004 -18"><span class='ocrx_word' id='word_1_79' title='bbox 78 1318 244 1404; x_wconf 79' lang='grc' dir='ltr'><em>πίβαλον,</em></span> <span class='ocrx_word' id='word_1_80' title='bbox 275 1311 456 1403; x_wconf 77' lang='grc' dir='ltr'><em>εὐφήμουν</em></span> <span class='ocrx_word' id='word_1_81' title='bbox 486 1315 525 1386; x_wconf 77' lang='grc' dir='ltr'><em>δέ</em></span> <span class='ocrx_word' id='word_1_82' title='bbox 554 1315 615 1386; x_wconf 88' lang='grc' dir='ltr'><em>τόν</em></span> <span class='ocrx_word' id='word_1_83' title='bbox 641 1311 886 1406; x_wconf 74' lang='grc' dir='ltr'><em>Ἀρτάβασδον,</em></span> <span class='ocrx_word' id='word_1_84' title='bbox 917 1315 1048 1396; x_wconf 78' lang='grc' dir='ltr'><em>τούτοις</em></span> 
     </span>
     <span class='ocr_line' id='line_1_13' title="bbox 77 1416 1099 1509; baseline -0.004 -20"><span class='ocrx_word' id='word_1_85' title='bbox 77 1421 369 1497; x_wconf 75' lang='grc' dir='ltr'><em>συνευδοκοῦντος</em></span> <span class='ocrx_word' id='word_1_86' title='bbox 403 1417 461 1486; x_wconf 87' lang='grc' dir='ltr'><em>καί</em></span> <span class='ocrx_word' id='word_1_87' title='bbox 490 1421 551 1487; x_wconf 81' lang='grc' dir='ltr'><em>τοῦ</em></span> <span class='ocrx_word' id='word_1_88' title='bbox 583 1417 788 1509; x_wconf 77' lang='grc' dir='ltr'><em>πατριάρχου</em></span> <span class='ocrx_word' id='word_1_89' title='bbox 815 1416 1046 1488; x_wconf 77' lang='grc' dir='ltr'><em>Ἀναστασίου</em></span> <span class='ocrx_word' id='word_1_90' title='bbox 1096 1432 1099 1436; x_wconf 88' lang='grc'><strong>’</strong></span> 
     </span>
     <span class='ocr_line' id='line_1_14' title="bbox 78 1513 1048 1609; baseline -0.002 -21"><span class='ocrx_word' id='word_1_91' title='bbox 78 1519 211 1608; x_wconf 83' lang='grc' dir='ltr'><em>δεχθεὶς</em></span> <span class='ocrx_word' id='word_1_92' title='bbox 230 1516 267 1586; x_wconf 70' lang='grc' dir='ltr'><em>δὲ</em></span> <span class='ocrx_word' id='word_1_93' title='bbox 285 1513 538 1606; x_wconf 82' lang='grc' dir='ltr'><em>δἈρτάβασδος</em></span> <span class='ocrx_word' id='word_1_94' title='bbox 555 1519 612 1589; x_wconf 82' lang='grc' dir='ltr'><em>καὶ</em></span> <span class='ocrx_word' id='word_1_95' title='bbox 630 1517 873 1609; x_wconf 86' lang='grc' dir='ltr'><em>παράπάντων</em></span> <span class='ocrx_word' id='word_1_96' title='bbox 890 1515 1048 1607; x_wconf 82' lang='grc' dir='ltr'><em>βασιλεάς</em></span> 
     </span>
     <span class='ocr_line' id='line_1_15' title="bbox 78 1615 1047 1709; baseline -0.002 -21"><span class='ocrx_word' id='word_1_97' title='bbox 78 1618 334 1707; x_wconf 75' lang='grc' dir='ltr'><em>ἀναγορευθείς,</em></span> <span class='ocrx_word' id='word_1_98' title='bbox 348 1615 469 1688; x_wconf 80' lang='grc' dir='ltr'><em>αὐτίκα</em></span> <span class='ocrx_word' id='word_1_99' title='bbox 486 1617 545 1700; x_wconf 88' lang='grc' dir='ltr'><em>τάς</em></span> <span class='ocrx_word' id='word_1_100' title='bbox 565 1626 747 1709; x_wconf 86' lang='grc' dir='ltr'><em>σεβασμίας</em></span> <span class='ocrx_word' id='word_1_101' title='bbox 766 1619 899 1701; x_wconf 89' lang='grc' dir='ltr'><em>είκόνας</em></span> <span class='ocrx_word' id='word_1_102' title='bbox 918 1642 1047 1689; x_wconf 83' lang='grc' dir='ltr'><em>παντα-</em></span> 
     </span>
    </p>

    <p class='ocr_par' dir='ltr' id='par_1_5' title="bbox 34 1717 1080 2012">
     <span class='ocr_line' id='line_1_16' title="bbox 34 1717 1080 1846; baseline -0.001 -59"><span class='ocrx_word' id='word_1_103' title='bbox 34 1748 62 1787; x_wconf 80' lang='lat'><em>15</em></span> <span class='ocrx_word' id='word_1_104' title='bbox 78 1726 141 1810; x_wconf 77' lang='grc' dir='ltr'><em>χοῦ</em></span> <span class='ocrx_word' id='word_1_105' title='bbox 177 1719 418 1809; x_wconf 81' lang='grc' dir='ltr'><em>άνεστήλωσευ.</em></span> <span class='ocrx_word' id='word_1_106' title='bbox 472 1717 490 1789; x_wconf 93' lang='lat'><em>6</em></span> <span class='ocrx_word' id='word_1_107' title='bbox 527 1719 565 1789; x_wconf 74' lang='grc' dir='ltr'><em>δὲ</em></span> <span class='ocrx_word' id='word_1_108' title='bbox 600 1719 804 1846; x_wconf 81' lang='grc' dir='ltr'><em>πατριάρχης</em></span> <span class='ocrx_word' id='word_1_109' title='bbox 834 1719 1080 1800; x_wconf 86' lang='grc' dir='ltr'><em>ἈναστάσιοςΒ</em></span> 
     </span>
     <span class='ocr_line' id='line_1_17' title="bbox 79 1817 1046 1911; baseline -0.002 -19"><span class='ocrx_word' id='word_1_110' title='bbox 79 1821 248 1910; x_wconf 78' lang='grc' dir='ltr'><em>διώμνυτο</em></span> <span class='ocrx_word' id='word_1_111' title='bbox 275 1821 385 1908; x_wconf 79' lang='grc' dir='ltr'><em>λέγειν</em></span> <span class='ocrx_word' id='word_1_112' title='bbox 409 1817 502 1890; x_wconf 80' lang='grc' dir='ltr'><em>οὕτω</em></span> <span class='ocrx_word' id='word_1_113' title='bbox 520 1819 582 1890; x_wconf 86' lang='grc' dir='ltr'><em>τόν</em></span> <span class='ocrx_word' id='word_1_114' title='bbox 599 1819 878 1911; x_wconf 75' lang='grc' dir='ltr'><em>Κοπροίνυμον“</em></span> <span class='ocrx_word' id='word_1_115' title='bbox 858 1849 909 1892; x_wconf 91' lang='grc' dir='ltr'><em>οτι</em></span> <span class='ocrx_word' id='word_1_116' title='bbox 926 1817 944 1890; x_wconf 90' lang='lat'><em>6</em></span> <span class='ocrx_word' id='word_1_117' title='bbox 963 1831 1046 1911; x_wconf 89' lang='grc' dir='ltr'><em>Χρι-</em></span> 
     </span>
     <span class='ocr_line' id='line_1_18' title="bbox 77 1917 1049 2012; baseline -0.002 -19"><span class='ocrx_word' id='word_1_118' title='bbox 77 1922 154 2004; x_wconf 87' lang='grc' dir='ltr'><em>στός</em></span> <span class='ocrx_word' id='word_1_119' title='bbox 178 1917 242 2010; x_wconf 82' lang='grc' dir='ltr'><em>οόχ</em></span> <span class='ocrx_word' id='word_1_120' title='bbox 266 1920 342 2002; x_wconf 88' lang='grc' dir='ltr'><em>υίός</em></span> <span class='ocrx_word' id='word_1_121' title='bbox 368 1923 437 1991; x_wconf 86' lang='grc' dir='ltr'><em>ἐστι</em></span> <span class='ocrx_word' id='word_1_122' title='bbox 458 1927 521 1990; x_wconf 75' lang='grc' dir='ltr'><em>τοῦ</em></span> <span class='ocrx_word' id='word_1_123' title='bbox 545 1928 650 2010; x_wconf 82' lang='grc' dir='ltr'><em>θεον,</em></span> <span class='ocrx_word' id='word_1_124' title='bbox 674 1921 857 2012; x_wconf 79' lang='grc' dir='ltr'><em>ἄνθρωπος</em></span> <span class='ocrx_word' id='word_1_125' title='bbox 882 1921 920 1992; x_wconf 71' lang='grc' dir='ltr'><em>δὲ</em></span> <span class='ocrx_word' id='word_1_126' title='bbox 952 1921 1049 2005; x_wconf 76' lang='grc' dir='ltr'><em>ψιλός</em></span> 
     </span>
    </p>

    <p class='ocr_par' dir='ltr' id='par_1_6' title="bbox 1 2020 1097 2212">
     <span class='ocr_line' id='line_1_19' title="bbox 1 2020 1097 2118; baseline -0.002 -25"><span class='ocrx_word' id='word_1_127' title='bbox 1 2041 4 2045; x_wconf 77' lang='grc'>’</span> <span class='ocrx_word' id='word_1_128' title='bbox 75 2023 257 2113; x_wconf 75' lang='grc' dir='ltr'><em>γεννηθεὶς</em></span> <span class='ocrx_word' id='word_1_129' title='bbox 273 2024 362 2090; x_wconf 71' lang='grc' dir='ltr'><em>ἐπ’</em></span> <span class='ocrx_word' id='word_1_130' title='bbox 321 2049 381 2109; x_wconf 89' lang='grc' dir='ltr'><em>της</em></span> <span class='ocrx_word' id='word_1_131' title='bbox 394 2020 582 2112; x_wconf 69' lang='grc' dir='ltr'><em>Μαρίας,“</em></span> <span class='ocrx_word' id='word_1_132' title='bbox 559 2051 603 2104; x_wconf 90' lang='grc' dir='ltr'><em>ως</em></span> <span class='ocrx_word' id='word_1_133' title='bbox 623 2023 689 2110; x_wconf 81' lang='grc' dir='ltr'><em>ἐγω</em></span> <span class='ocrx_word' id='word_1_134' title='bbox 704 2025 794 2092; x_wconf 86' lang='grc' dir='ltr'><em>ἐκ</em></span> <span class='ocrx_word' id='word_1_135' title='bbox 754 2051 813 2111; x_wconf 91' lang='grc' dir='ltr'><em>της</em></span> <span class='ocrx_word' id='word_1_136' title='bbox 829 2027 908 2112; x_wconf 79' lang='grc' dir='ltr'><em>ἐμῆς</em></span> <span class='ocrx_word' id='word_1_137' title='bbox 925 2021 1097 2118; x_wconf 86' lang='grc' dir='ltr'><em>μητρός</em></span> 
     </span>
     <span class='ocr_line' id='line_1_20' title="bbox 75 2115 1048 2244; baseline -0.006 -48"><span class='ocrx_word' id='word_1_138' title='bbox 75 2127 219 2244; x_wconf 86' lang='grc' dir='ltr'><em>ἐτέχθην</em></span> <span class='ocrx_word' id='word_1_139' title='bbox 239 2128 385 2212; x_wconf 89' lang='grc' dir='ltr'><em>Μαρίας.</em></span> <span class='ocrx_word' id='word_1_140' title='bbox 421 2115 677 2206; x_wconf 80' lang='grc' dir='ltr'><em>ἐξελθόντος</em></span> <span class='ocrx_word' id='word_1_141' title='bbox 634 2149 699 2192; x_wconf 92' lang='grc' dir='ltr'><em>ουν</em></span> <span class='ocrx_word' id='word_1_142' title='bbox 716 2150 775 2210; x_wconf 90' lang='grc' dir='ltr'><em>της</em></span> <span class='ocrx_word' id='word_1_143' title='bbox 792 2123 1048 2212; x_wconf 80' lang='grc' dir='ltr'><em>μεχαλοπόλεως</em></span> 
     </span>
    </p>

    <p class='ocr_par' dir='ltr' id='par_1_7' title="bbox 31 2221 1050 2517">
     <span class='ocr_line' id='line_1_21' title="bbox 31 2221 1048 2314; baseline -0.004 -20"><span class='ocrx_word' id='word_1_144' title='bbox 31 2254 63 2294; x_wconf 83' lang='lat'><em>20</em></span> <span class='ocrx_word' id='word_1_145' title='bbox 76 2231 139 2294; x_wconf 78' lang='grc' dir='ltr'><em>τοῦ</em></span> <span class='ocrx_word' id='word_1_146' title='bbox 156 2223 400 2314; x_wconf 70' lang='grc' dir='ltr'><em>Ἀρτοχάασδου,</em></span> <span class='ocrx_word' id='word_1_147' title='bbox 418 2223 520 2313; x_wconf 88' lang='grc' dir='ltr'><em>μάχαι</em></span> <span class='ocrx_word' id='word_1_148' title='bbox 537 2223 639 2293; x_wconf 92' lang='grc' dir='ltr'><em>πάλιν</em></span> <span class='ocrx_word' id='word_1_149' title='bbox 657 2225 818 2310; x_wconf 74' lang='grc' dir='ltr'><em>ἐγίνοντο.</em></span> <span class='ocrx_word' id='word_1_150' title='bbox 854 2221 930 2292; x_wconf 88' lang='grc' dir='ltr'><em>ὁδε</em></span> <span class='ocrx_word' id='word_1_151' title='bbox 947 2231 1048 2292; x_wconf 89' lang='grc' dir='ltr'><em>Κων-</em></span> 
     </span>
     <span class='ocr_line' id='line_1_22' title="bbox 77 2321 1050 2414; baseline -0.004 -19"><span class='ocrx_word' id='word_1_152' title='bbox 77 2337 254 2406; x_wconf 84' lang='grc' dir='ltr'><em>σταντίνος</em></span> <span class='ocrx_word' id='word_1_153' title='bbox 291 2326 327 2392; x_wconf 88' lang='grc' dir='ltr'><em>ἐκ</em></span> <span class='ocrx_word' id='word_1_154' title='bbox 358 2323 575 2412; x_wconf 87' lang='grc' dir='ltr'><em>Χαλκηδόνος</em></span> <span class='ocrx_word' id='word_1_155' title='bbox 617 2325 818 2414; x_wconf 82' lang='grc' dir='ltr'><em>περαιωθείς</em></span> <span class='ocrx_word' id='word_1_156' title='bbox 852 2321 914 2412; x_wconf 82' lang='grc' dir='ltr'><em>τὴν</em></span> <span class='ocrx_word' id='word_1_157' title='bbox 950 2323 1050 2392; x_wconf 91' lang='grc' dir='ltr'><em>πόλιν</em></span> 
     </span>
     <span class='ocr_line' id='line_1_23' title="bbox 77 2423 1047 2517; baseline -0.003 -20"><span class='ocrx_word' id='word_1_158' title='bbox 77 2423 276 2517; x_wconf 81' lang='grc' dir='ltr'><em>ἐπολιόρκει,</em></span> <span class='ocrx_word' id='word_1_159' title='bbox 291 2425 369 2516; x_wconf 83' lang='grc' dir='ltr'><em>περὶ</em></span> <span class='ocrx_word' id='word_1_160' title='bbox 381 2425 421 2494; x_wconf 88' lang='grc' dir='ltr'><em>τά</em></span> <span class='ocrx_word' id='word_1_161' title='bbox 440 2439 580 2516; x_wconf 82' lang='grc' dir='ltr'><em>χερσαῖα</em></span> <span class='ocrx_word' id='word_1_162' title='bbox 596 2433 688 2514; x_wconf 83' lang='grc' dir='ltr'><em>τείχη</em></span> <span class='ocrx_word' id='word_1_163' title='bbox 705 2425 891 2515; x_wconf 83' lang='grc' dir='ltr'><em>βαλόμενος</em></span> <span class='ocrx_word' id='word_1_164' title='bbox 908 2423 1047 2515; x_wconf 89' lang='grc' dir='ltr'><em>χάρακα.</em></span> 
     </span>
    </p>
   </div>
   <div class='ocr_carea' id='block_1_3' title="bbox 74 2521 1271 2624">
    <p class='ocr_par' dir='ltr' id='par_1_8' title="bbox 74 2521 1271 2624">
     <span class='ocr_line' id='line_1_24' title="bbox 74 2521 1271 2624; baseline -0.002 -26"><span class='ocrx_word' id='word_1_165' title='bbox 74 2527 280 2618; x_wconf 78' lang='grc' dir='ltr'><em>προσβαλών</em></span> <span class='ocrx_word' id='word_1_166' title='bbox 304 2526 343 2597; x_wconf 70' lang='grc' dir='ltr'><em>δὲ</em></span> <span class='ocrx_word' id='word_1_167' title='bbox 369 2525 479 2620; x_wconf 79' lang='grc' dir='ltr'><em>τοότῳ</em></span> <span class='ocrx_word' id='word_1_168' title='bbox 509 2527 566 2597; x_wconf 82' lang='grc' dir='ltr'><em>καί</em></span> <span class='ocrx_word' id='word_1_169' title='bbox 591 2525 747 2616; x_wconf 83' lang='grc' dir='ltr'><em>ἡττηθείς</em></span> <span class='ocrx_word' id='word_1_170' title='bbox 778 2525 796 2596; x_wconf 87' lang='grc' dir='ltr'><em>ό</em></span> <span class='ocrx_word' id='word_1_171' title='bbox 824 2521 1049 2616; x_wconf 85' lang='grc' dir='ltr'><em>Ἀρτάβοισδος</em></span> <span class='ocrx_word' id='word_1_172' title='bbox 1167 2619 1170 2624; x_wconf 82' lang='lat'>.</span> <span class='ocrx_word' id='word_1_173' title='bbox 1268 2577 1271 2582; x_wconf 91' lang='lat'><em>-</em></span> 
     </span>
    </p>
   </div>
   <div class='ocr_carea' id='block_1_4' title="bbox 17 2625 1083 3526">
    <p class='ocr_par' dir='ltr' id='par_1_9' title="bbox 17 2625 1083 3526">
     <span class='ocr_line' id='line_1_25' title="bbox 75 2625 1049 2716; baseline -0.001 -20"><span class='ocrx_word' id='word_1_174' title='bbox 75 2632 136 2716; x_wconf 82' lang='grc' dir='ltr'><em>της</em></span> <span class='ocrx_word' id='word_1_175' title='bbox 160 2629 288 2710; x_wconf 87' lang='grc' dir='ltr'><em>πόλεως</em></span> <span class='ocrx_word' id='word_1_176' title='bbox 307 2627 404 2709; x_wconf 82' lang='grc' dir='ltr'><em>ἐντός</em></span> <span class='ocrx_word' id='word_1_177' title='bbox 422 2629 638 2699; x_wconf 80' lang='grc' dir='ltr'><em>συνέκλεισεν</em></span> <span class='ocrx_word' id='word_1_178' title='bbox 664 2627 783 2698; x_wconf 80' lang='grc' dir='ltr'><em>ἑαυτὸν</em></span> <span class='ocrx_word' id='word_1_179' title='bbox 799 2628 862 2696; x_wconf 79' lang='grc' dir='ltr'><em>’καί</em></span> <span class='ocrx_word' id='word_1_180' title='bbox 884 2633 946 2697; x_wconf 83' lang='grc' dir='ltr'><em>τοά</em></span> <span class='ocrx_word' id='word_1_181' title='bbox 963 2625 1049 2696; x_wconf 83' lang='grc' dir='ltr'><em>τού·</em></span> 
     </span>
     <span class='ocr_line' id='line_1_26' title="bbox 26 2727 1049 2818; baseline -0.001 -21"><span class='ocrx_word' id='word_1_182' title='bbox 26 2755 59 2798; x_wconf 76' lang='grc' dir='ltr'><em>τε</em></span> <span class='ocrx_word' id='word_1_183' title='bbox 77 2756 142 2815; x_wconf 93' lang='grc' dir='ltr'><em>την</em></span> <span class='ocrx_word' id='word_1_184' title='bbox 165 2739 393 2817; x_wconf 79' lang='grc' dir='ltr'><em>φρουρεῖσθαι</em></span> <span class='ocrx_word' id='word_1_185' title='bbox 417 2729 577 2818; x_wconf 78' lang='grc' dir='ltr'><em>άσφαλάς</em></span> <span class='ocrx_word' id='word_1_186' title='bbox 603 2729 787 2818; x_wconf 78' lang='grc' dir='ltr'><em>ἐπεμέλετο.</em></span> <span class='ocrx_word' id='word_1_187' title='bbox 827 2733 890 2798; x_wconf 75' lang='grc' dir='ltr'><em>τοῦ</em></span> <span class='ocrx_word' id='word_1_188' title='bbox 914 2727 953 2798; x_wconf 71' lang='grc' dir='ltr'><em>δὲ</em></span> <span class='ocrx_word' id='word_1_189' title='bbox 977 2737 1049 2798; x_wconf 86' lang='grc' dir='ltr'><em>Κο-</em></span> 
     </span>
     <span class='ocr_line' id='line_1_27' title="bbox 77 2825 1049 2918; baseline -0.003 -21"><span class='ocrx_word' id='word_1_190' title='bbox 77 2827 266 2918; x_wconf 87' lang='grc' dir='ltr'><em>πρωνόμου</em></span> <span class='ocrx_word' id='word_1_191' title='bbox 289 2835 648 2918; x_wconf 81' lang='grc' dir='ltr'><em>θαλασσοκρατοῦντας</em></span> <span class='ocrx_word' id='word_1_192' title='bbox 672 2830 729 2898; x_wconf 82' lang='grc' dir='ltr'><em>καὶ</em></span> <span class='ocrx_word' id='word_1_193' title='bbox 759 2827 805 2918; x_wconf 78' lang='grc' dir='ltr'><em>μὴ</em></span> <span class='ocrx_word' id='word_1_194' title='bbox 836 2831 958 2908; x_wconf 73' lang='grc' dir='ltr'><em>ἐόντος</em></span> <span class='ocrx_word' id='word_1_195' title='bbox 988 2825 1049 2907; x_wconf 87' lang='grc' dir='ltr'><em>τάς</em></span> 
     </span>
     <span class='ocr_line' id='line_1_28' title="bbox 75 2925 1048 3020; baseline -0.002 -22"><span class='ocrx_word' id='word_1_196' title='bbox 75 2928 271 3020; x_wconf 81' lang='grc' dir='ltr'><em>φορτηχοάς</em></span> <span class='ocrx_word' id='word_1_197' title='bbox 289 2926 436 3012; x_wconf 87' lang='grc' dir='ltr'><em>ὁλκάδας</em></span> <span class='ocrx_word' id='word_1_198' title='bbox 451 2932 488 3000; x_wconf 82' lang='grc' dir='ltr'><em>ἐν</em></span> <span class='ocrx_word' id='word_1_199' title='bbox 500 2935 541 3020; x_wconf 76' lang='grc' dir='ltr'><em>τῇ</em></span> <span class='ocrx_word' id='word_1_200' title='bbox 556 2931 653 3002; x_wconf 90' lang='grc' dir='ltr'><em>πόλει</em></span> <span class='ocrx_word' id='word_1_201' title='bbox 665 2937 846 3017; x_wconf 84' lang='grc' dir='ltr'><em>καταίρειν,</em></span> <span class='ocrx_word' id='word_1_202' title='bbox 861 2925 955 3016; x_wconf 84' lang='grc' dir='ltr'><em>λιμός</em></span> <span class='ocrx_word' id='word_1_203' title='bbox 968 2926 1048 3008; x_wconf 83' lang='grc' dir='ltr'><em>τοάς</em></span> 
     </span>
     <span class='ocr_line' id='line_1_29' title="bbox 75 3027 1083 3120; baseline -0.004 -20"><span class='ocrx_word' id='word_1_204' title='bbox 75 3033 117 3101; x_wconf 81' lang='grc' dir='ltr'><em>ἐν</em></span> <span class='ocrx_word' id='word_1_205' title='bbox 134 3029 239 3120; x_wconf 87' lang='grc' dir='ltr'><em>ταάτη</em></span> <span class='ocrx_word' id='word_1_206' title='bbox 268 3033 407 3120; x_wconf 77' lang='grc' dir='ltr'><em>ἐπίεζεν,</em></span> <span class='ocrx_word' id='word_1_207' title='bbox 432 3029 518 3101; x_wconf 80' lang='grc' dir='ltr'><em>άστε</em></span> <span class='ocrx_word' id='word_1_208' title='bbox 543 3029 691 3112; x_wconf 84' lang='grc' dir='ltr'><em>πολλοδς</em></span> <span class='ocrx_word' id='word_1_209' title='bbox 716 3031 752 3100; x_wconf 82' lang='grc' dir='ltr'><em>ἐκ</em></span> <span class='ocrx_word' id='word_1_210' title='bbox 768 3029 891 3100; x_wconf 81' lang='grc' dir='ltr'><em>τούτου</em></span> <span class='ocrx_word' id='word_1_211' title='bbox 910 3027 1083 3100; x_wconf 80' lang='grc' dir='ltr'><em>διόλλυ-0</em></span> 
     </span>
     <span class='ocr_line' id='line_1_30' title="bbox 74 3129 1048 3223; baseline -0.004 -21"><span class='ocrx_word' id='word_1_212' title='bbox 74 3143 171 3203; x_wconf 90' lang='grc' dir='ltr'><em>σθαι.</em></span> <span class='ocrx_word' id='word_1_213' title='bbox 206 3132 265 3202; x_wconf 87' lang='grc' dir='ltr'><em>καί</em></span> <span class='ocrx_word' id='word_1_214' title='bbox 287 3130 350 3204; x_wconf 86' lang='grc' dir='ltr'><em>τόν</em></span> <span class='ocrx_word' id='word_1_215' title='bbox 373 3137 432 3202; x_wconf 81' lang='grc' dir='ltr'><em>τοῦ</em></span> <span class='ocrx_word' id='word_1_216' title='bbox 446 3129 734 3223; x_wconf 83' lang='grc' dir='ltr'><em>Ἀρταβάσδουί</em></span> <span class='ocrx_word' id='word_1_217' title='bbox 693 3160 716 3202; x_wconf 91' lang='grc' dir='ltr'><em>υ</em></span> <span class='ocrx_word' id='word_1_218' title='bbox 719 3130 774 3202; x_wconf 87' lang='grc' dir='ltr'><em>ίόν</em></span> <span class='ocrx_word' id='word_1_219' title='bbox 792 3129 944 3218; x_wconf 81' lang='grc' dir='ltr'><em>Νικήταν</em></span> <span class='ocrx_word' id='word_1_220' title='bbox 962 3151 1048 3199; x_wconf 48' lang='grc' dir='ltr'><em>συν*</em></span> 
     </span>
     <span class='ocr_line' id='line_1_31' title="bbox 17 3228 1049 3324; baseline -0.002 -22"><span class='ocrx_word' id='word_1_221' title='bbox 17 3272 54 3313; x_wconf 77' lang='lat'><em>30</em></span> <span class='ocrx_word' id='word_1_222' title='bbox 74 3235 156 3322; x_wconf 81' lang='grc' dir='ltr'><em>έσχε</em></span> <span class='ocrx_word' id='word_1_223' title='bbox 179 3233 236 3302; x_wconf 84' lang='grc' dir='ltr'><em>καί</em></span> <span class='ocrx_word' id='word_1_224' title='bbox 259 3231 406 3321; x_wconf 79' lang='grc' dir='ltr'><em>πεδήσας</em></span> <span class='ocrx_word' id='word_1_225' title='bbox 432 3236 607 3304; x_wconf 80' lang='grc' dir='ltr'><em>ἐδείκνυεν</em></span> <span class='ocrx_word' id='word_1_226' title='bbox 629 3231 736 3303; x_wconf 77' lang='grc' dir='ltr'><em>αὐτὸν</em></span> <span class='ocrx_word' id='word_1_227' title='bbox 758 3237 806 3324; x_wconf 76' lang='grc' dir='ltr'><em>τῷ</em></span> <span class='ocrx_word' id='word_1_228' title='bbox 830 3238 1027 3320; x_wconf 81' lang='grc' dir='ltr'><em>πατρίετ</em></span> <span class='ocrx_word' id='word_1_229' title='bbox 979 3228 1049 3300; x_wconf 81' lang='grc' dir='ltr'><em>εταῖ</em></span> 
     </span>
     <span class='ocr_line' id='line_1_32' title="bbox 72 3325 1049 3434; baseline -0.006 -29"><span class='ocrx_word' id='word_1_230' title='bbox 72 3333 284 3426; x_wconf 81' lang='grc' dir='ltr'><em>προσβαλων</em></span> <span class='ocrx_word' id='word_1_231' title='bbox 309 3325 410 3416; x_wconf 79' lang='grc' dir='ltr'><em>αὖθις</em></span> <span class='ocrx_word' id='word_1_232' title='bbox 434 3362 475 3426; x_wconf 93' lang='grc' dir='ltr'><em>τη</em></span> <span class='ocrx_word' id='word_1_233' title='bbox 494 3335 588 3405; x_wconf 90' lang='grc' dir='ltr'><em>πόλει</em></span> <span class='ocrx_word' id='word_1_234' title='bbox 605 3335 728 3422; x_wconf 76' lang='grc' dir='ltr'><em>ταύτης</em></span> <span class='ocrx_word' id='word_1_235' title='bbox 747 3333 937 3434; x_wconf 79' lang='grc' dir='ltr'><em>ἐκράτησεν.</em></span> <span class='ocrx_word' id='word_1_236' title='bbox 973 3329 1049 3400; x_wconf 89' lang='grc' dir='ltr'><em>οδε</em></span> 
     </span>
     <span class='ocr_line' id='line_1_33' title="bbox 68 3433 1049 3526; baseline -0.005 -17.974"><span class='ocrx_word' id='word_1_237' title='bbox 68 3433 302 3526; x_wconf 77' lang='grc' dir='ltr'><em>Ἀρτάβασδος</em></span> <span class='ocrx_word' id='word_1_238' title='bbox 327 3433 538 3526; x_wconf 86' lang='grc' dir='ltr'><em>άποδράςί</em></span> <span class='ocrx_word' id='word_1_239' title='bbox 506 3464 554 3518; x_wconf 89' lang='grc' dir='ltr'><em>ες</em></span> <span class='ocrx_word' id='word_1_240' title='bbox 579 3434 744 3526; x_wconf 81' lang='grc' dir='ltr'><em>φρούριόν</em></span> <span class='ocrx_word' id='word_1_241' title='bbox 766 3462 798 3504; x_wconf 91' lang='grc' dir='ltr'><em>τι</em></span> <span class='ocrx_word' id='word_1_242' title='bbox 820 3440 882 3504; x_wconf 83' lang='grc' dir='ltr'><em>τοῦ</em></span> <span class='ocrx_word' id='word_1_243' title='bbox 904 3433 1049 3524; x_wconf 81' lang='grc' dir='ltr'><em>θίματος</em></span> 
     </span>
    </p>
   </div>
   <div class='ocr_carea' id='block_1_5' title="bbox 0 0 1278 3822">
    <p class='ocr_par' dir='ltr' id='par_1_10' title="bbox 0 0 1278 3822">
     <span class='ocr_line' id='line_1_34' title="bbox 0 0 1278 3822; baseline 0 0"><span class='ocrx_word' id='word_1_244' title='bbox 0 0 1278 3822; x_wconf 95' lang='lat' dir='ltr'><em> </em></span> 
     </span>
    </p>
   </div>
  </div>
 </body>
</html>
