2546 3822
403 186 474 238 mss.
494 187 554 241 xv.
574 187 653 240 σεε.
673 189 719 240 vl.
984 189 1046 254 347

79 322 164 395 κατά
189 351 225 395 τε
244 332 404 396 Σικελίαν
428 327 485 395 καὶ
504 333 704 418 Καλαβρῖαν
730 329 787 412 καὶ
805 327 887 396 καθ’
904 327 1057 400 Ἐλλάδα·
1134 393 1137 398 .

78 427 135 496 καί
158 425 269 518 χάρας
297 427 427 516 ἑτέρας,
452 425 474 515 ἢ
498 428 554 496 καὶ
573 431 635 508 ἕως
654 425 841 498 αὐτοῦτοῦ
861 437 1045 513 Βυζαντίου

1 538 2 541 ’
77 527 280 617 κατήντησε·
314 529 372 597 καλ
394 531 558 598 τοσοῦτον
582 521 627 617 ἦν
656 527 695 598 τό
725 535 795 599 τάν
823 529 1047 618 θνησκόντων
1164 533 1168 542 “

78 635 208 717 πλῆθος
233 627 278 710 ὡς
301 627 346 718 μὴ
370 623 446 700 οἷόν
463 656 499 700 τε
516 627 603 699 εἶναι
620 629 701 712 τυδς
718 630 931 720 θνήσκοντας
949 633 1046 701 έκκο*

50 753 64 795 ι
76 737 243 819 μίξεσθαι·
268 728 321 800 διδ
345 727 485 819 ἁμάξαις
508 729 635 813 αὐτούς
658 729 742 801 κατά
766 738 925 814 πλείονας
944 735 1046 802 ε’τιιτι-

75 832 195 912 θέντες
213 831 380 923 ἐξέφερον.
415 835 462 924 τῷ
479 833 593 922 μέντοι
611 833 836 928 Κοπρωνάμην
854 831 875 922 ἡ
893 836 954 902 τοῦ
973 845 1046 904 Χα·

1 933 2 937 ’
76 931 186 1020 γάνυυ
203 931 358 1023 θυγάτηρ
377 939 468 1002 ἔτεκε
485 938 602 1020 παῖδα,
621 931 662 1002 δυ
680 931 971 1024 άνόμασεΛέοντα
989 936 1045 1003 καὶ

10 1111 13 1118 ³
77 1029 287 1122 άυηγόρευσε
305 1034 455 1122 βασιλέα,
475 1034 664 1124 στεφθέντα
683 1033 728 1104 δι’
745 1031 965 1106 Ἀναστασίου
983 1041 1044 1105 τοῦ

76 1131 321 1222 όμυδοξοῦντυς
335 1132 428 1229 αὐτῷ
441 1135 658 1226 πατριάρχου.
684 1137 842 1228 ἐκράτησε
855 1137 894 1206 δὲ
908 1135 926 1207 ὁ
941 1147 1045 1208 Κυν-

35 1259 61 1302 ιο
78 1247 254 1316 σταυτλνος
279 1240 338 1324 τῆς
357 1236 671 1319 Θευδοσιουπόλεως
690 1237 821 1326 καὶτῆς
839 1241 1044 1326 Μελιτηνῆς,

75 1337 160 1406 ὅθεν
176 1333 437 1428 ὑπερφρονήσας
456 1337 683 1428 σφοδρότερον
697 1337 781 1407 κατά
794 1343 854 1428 τῆς
868 1341 1044 1428 ἐκκλησίας

75 1439 133 1506 καὶ
150 1441 209 1526 τῆς
235 1433 425 1529 όρθοδόξου
452 1445 596 1520 πίστεως
614 1444 768 1528 ἔπνευσε,
787 1437 939 1528 δόγματα
958 1441 1044 1510 ε’κτι·

74 1540 235 1628 θέμενος,
267 1537 312 1608 δι’
339 1532 389 1610 άυ
416 1539 478 1609 τόν
508 1541 709 1629 συρφετάδη
739 1539 842 1629 ὄχλον
870 1539 1076 1631 άπ-έσυρευθ

1 1676 3 1679 >
74 1643 219 1710 ἕπεσθαι
235 1642 283 1732 τῷ
302 1636 411 1709 αότοά
435 1636 645 1735 άσεβεστάτφ
664 1641 860 1731 φρονήματι.
896 1642 970 1712 τότε
987 1643 1044 1710 καὶ

33 1768 61 1810 ιε
77 1739 96 1812 ὁ
115 1741 319 1831 πατριάρχης
335 1735 547 1822 Ἀυυστάσιος
565 1739 695 1830 άσεβάς
712 1746 771 1830 τῆς
790 1745 965 1832 ἐκκλησίας
986 1770 1043 1812 κα-

75 1841 323 1934 τηρχησάμενος
342 1842 397 1910 έπλ
415 1841 560 1932 χρόνους
578 1853 684 1913 είκοσι
702 1844 786 1934 πρός
803 1858 874 1926 τοῖς
891 1845 1044 1935 τέτταρσι

74 1944 277 2032 κατέστρεψε
293 1941 356 2030 την
373 1941 468 2030 ζωήν.
504 1937 524 2012 ὁ·
542 1943 580 2012 δὲ
598 1943 836 2034 Κοπράυυμος
850 1945 1046 2018 ἐπισκόπων,

73 2044 282 2134 δμοφρόνυν
302 2037 396 2136 αὐτῷ
420 2049 556 2112 πολλῶν
579 2043 785 2132 συναγωγὴν
808 2046 1043 2136 ποιησάμενος,

73 2139 125 2214 ὧν
156 2150 299 2232 κατῆρχε
330 2143 508 2224 Θεοδόσιος
538 2141 557 2212 ὁ
585 2139 726 2231 Ἐφέσου
750 2145 806 2212 καὶ
831 2151 1000 2225 Παστιλάς
1025 2143 1042 2215 ὁ

32 2276 62 2316 το
77 2246 226 2335 Πέργης,
245 2241 291 2313 δι’
311 2241 428 2314 αότάυ
446 2242 467 2312 ὁὶ
486 2243 641 2332 ἐβούλετο
659 2244 867 2333 ἐδογμάτισε,
891 2245 939 2334 μή
954 2271 1044 2326 τινος

72 2345 96 2436 ἢ
116 2349 152 2415 έκ
164 2343 290 2435 Ῥώμης
307 2351 365 2434 τῆς
378 2342 639 2437 πρεσβυτέραςῆ
655 2348 691 2415 έκ
704 2351 773 2414 τοῖν
785 2343 898 2414 άλλων
912 2343 1043 2436 παρόν-

73 2475 130 2530 τος
155 2451 385 2538 πατριαρχοόν,
410 2448 468 2516 καὶ
491 2445 553 2536 τὴν
578 2446 735 2534 ’τοιαύτην
759 2445 956 2537 συνδρομὴν
973 2450 1050 2516 τῶν-

75 2547 220 2637 άνιέρων
237 2551 378 2619 ἐκείνων
402 2547 553 2618 σόνοδον
570 2545 807 2638 οίκουμενικήυ
824 2549 962 2618 καλέσαι
979 2545 1043 2618 υάκ

75 2645 295 2738 άπενάρκησε.
313 2649 394 2739 μεθ’
415 2643 464 2720 ὧν
482 2655 529 2730 είς
547 2649 607 2720 τόν
618 2651 865 2741 ένΒλαχέρναις
882 2655 942 2738 τῆς
958 2659 1040 2718 θεο-
1052 2659 1078 2710 D

31 2777 61 2819 κε
77 2748 178 2818 τόκου
201 2749 288 2818 ναόν
314 2747 516 2841 ἀφικόμενος
533 2752 590 2821 καὶ
609 2754 645 2820 έν
662 2757 710 2844 τῷ
728 2749 858 2839 άμβωνι
875 2749 1044 2836 άναβεβη-

76 2848 145 2930 κιδς
156 2850 416 2920 Κωνσταντλνόυ
429 2877 502 2920 τινα
514 2852 676 2941 μοναχόν,
691 2854 877 2920 έπίσκοπυν
890 2855 1044 2920 Συλαίου

75 2949 276 3040 γευόμενον,
295 2949 500 3039 ἀναβιβάσας
520 2954 604 3041 ἐκεῖ,
633 2947 1044 3042 ἐξεφάνησε“Κωνσταν-
1138 3011 1141 3021 .

75 3060 172 3122 τίνυυ
190 3056 427 3141 οίκουμενικοῦ
451 3053 658 3144 πατριάρχου
677 3053 786 3122 πολλά
802 3079 843 3120 τα
832 3049 952 3176 ἔτχ”.
989 3052 1045 3120 καὶ

75 3181 134 3242 μετ
142 3150 294 3242 ’ὀλίγας
316 3148 488 3246 ημέρας’
471 3183 508 3224 ευ
531 3160 578 3248 τῷ
607 3153 710 3278 Φόρφ
733 3150 1045 3245 παραγενόμενοςὸ

28 3284 61 3326 κο
75 3255 244 3344 τύραννος
261 3247 360 3336 οὗτος
377 3255 459 3344 μετά
476 3283 537 3326 του
555 3255 762 3347 πατριάρχου
777 3249 883 3324 αότου
870 3254 959 3323 καὶ
977 3259 1046 3322 τῶν

75 3353 411 3446 ὁμογνωμουοόντων
427 3353 520 3451 ου’τφ
507 3356 743 3445 ἐπισκόπων,
758 3355 903 3428 ένάπιον
921 3353 1047 3436 παντὸς
1105 3431 1108 3438 ‚

1 3463 2 3466 ’
74 3463 137 3527 τοῦ
169 3461 252 3528 λαοῦ
283 3485 346 3546 την
376 3461 445 3528 τῶν
476 3463 609 3528 σεπτιόν
641 3457 784 3528 είκόνυν
815 3445 1048 3547 προσκύνησιν
