2562 3814
445 139 519 192 Lm.
536 139 612 194 v111.
632 139 709 192 σεο.
728 119 775 195 v1.'
1029 143 1091 208 189
1131 147 1136 170 ³

116 275 285 370 Κρότωνα
303 275 459 368 ὥρμησεν
476 275 666 351 ἀποστάντα
678 278 858 370 Ῥωμαίων,
876 300 1091 374 μεταπεμψα-

117 385 233 472 μένων
262 378 371 452 αύτδν
392 383 460 452 τάν
484 383 698 470 ἐπιτηδείων,
729 379 938 472 φθασάντων
962 385 998 455 δέ
1021 389 1090 458 τῶν

117 489 246 554 λοιπῶν
264 485 496 572 ἐπαγαγέσθαι
514 483 604 574 παρὰ
621 489 848 567 τούΜίλωνος
862 484 1028 578 φρουράν,
1047 479 1122 577 ήςο

119 575 200 675 ήρχε
209 581 412 674 Νικόμαχος.
430 579 599 675 ἀγνοήσας
611 575 674 658 ούυ
687 589 784 658 τούτο
802 589 858 658 καὶ
875 585 1004 678 ιἰμελοός
1017 605 1087 672 τοϊς

8 737 9 750 ι
98 693 243 774 ετείχεσι
260 683 413 776 προσιόν
432 684 477 770 οἱς
495 685 579 780 πρδς
591 695 723 779 φίλους,
742 695 909 778 ἔπταισεν,
929 693 1089 782 ἐξαίφνης

129 786 399 878 ἐπεκδραμόντων
418 787 517 881 αύτῷ.
543 787 614 860 εἶτά
627 819 659 860 τι
679 789 858 882 ἐπινοήσας
877 791 1089 884 στρατήγημα
1120 813 1124 815 ’

130 885 190 976 τήν
203 885 299 960 πόλιν
317 885 402 960 εἷλε·
445 889 507 962 δύο
524 889 588 982 γάρ
606 889 732 980 ἀνδρας
755 891 982 984 αίχμαλιότους
1001 909 1086 978 ψευ-

126 989 348 1080 ίαυτομόλους
362 995 396 1073 ἐς
412 989 472 1062 τόν
485 991 650 1081 Κρότωνα
668 1001 806 1084 ἐπεμψε,
825 994 887 1066 τόν
902 995 966 1086 μὲν
983 993 1088 1078 εύθύς

120 1095 258 1180 λέγοντα
281 1091 332 1166 ὅτι
355 1088 558 1182 ἀπεγνωκώς
581 1093 644 1184 τήν
669 1093 795 1168 ἅλωσιν
826 1094 939 1168 αὐτῶν
969 1101 1002 1180 ἐς
1026 1097 1088 1186 τήν

84 1222 107 1262 ιο
120 1199 274 1282 Λοκρίδα
287 1198 534 1285 προδιδομένην
548 1193 639 1290 αύτῷ
657 1198 771 1286 με’λλει
790 1195 950 1288 ἀπαρεϊν,
975 1196 1034 1270 τόν
1052 1199 1084 1270 δ’

117 1297 236 1388 ἕτερον
260 1293 344 1385 μετὰ
365 1299 463 1368 τούτο
483 1293 527 1378 οδς
546 1301 583 1370 ἐν
599 1294 669 1393 ὁδῷ
689 1301 756 1370 ἐστι
775 1297 1086 1389 διαβεβαιούμενον.

115 1399 170 1468 καὶ
195 1396 264 1487 γάρ
288 1403 345 1468 ἵνα
370 1405 484 1470 πίστιν
506 1397 526 1470 ὁ
550 1397 647 1490 λόγος
666 1408 742 1491 ἐχη,
766 1396 1014 1472 ἀνεσκευάσατο
1032 1405 1088 1472 καὶ

114 1515 348 1590 προσεποιεῖτο
373 1503 577 1590 ἐπείγεσθαι.
619 1497 644 1572 ὅ
661 1493 724 1574 οὖν
741 1499 934 1592 Νικόμαχος
951 1501 1088 1574 πιστεύ-

114 1624 174 1684 σας
202 1599 353 1691 τούτοις,
378 1604 435 1673 καὶ
458 1609 494 1674 οί
514 1601 714 1676 κατάσκοποι
737 1602 801 1693 γάρ
825 1601 865 1674 τά
883 1601 968 1675 αύτά
985 1601 1188 1694 ἀνήγ-Ρςςτς

79 1730 104 1772 ιε
116 1713 257 1792 γελλον,
281 1699 341 1775 τόν
357 1703 521 1797 Κρότωνα
546 1703 653 1778 λιποδν
671 1709 704 1789 ἐς
721 1705 799 1790 τούς
815 1704 967 1797 Λοκρούς
984 1705 1086 1798 ἀπήει

116 1807 254 1895 σπουδή
273 1803 318 1876 δι’
340 1808 581 1896 ἐπιτομωτέρας
604 1805 696 1880 ὁδοῦ.
738 1811 794 1880 καὶ
818 1813 855 1878 ἐν
878 1813 919 1900 τῇ
945 1815 1087 1899 Λοκρίδι

117 1911 304 1996 γενομένου
327 1904 432 1978 αύτού
455 1905 474 1978 ό
494 1903 668 2000 Ῥουφίνος
698 1908 888 1998 ἀπέστρεψε
917 1911 1000 2000 πρὸς
1029 1909 1088 1982 τὸν

120 2007 295 2098 Κρότωνα,
313 2011 370 2079 καὶ
384 2007 501 2082 λαθοδν
516 2009 571 2080 διά
585 2038 621 2080 τε
640 2009 677 2080 τὸ
694 2008 947 2102 ἀπροσδόκητον
964 2013 1020 2080 καὶ
1039 2010 1084 2080 δι’

116 2108 260 2201 ὁμίχλην
284 2109 359 2182 τότε
383 2114 559 2202 συμβᾶσαν
584 2108 653 2182 εἷλε
676 2111 737 2198 τήν
761 2109 868 2181 πόλιν.
909 2108 1032 2199 μαθων
1047 2111 1087 2182 δὲ

78 2217 218 2283 ωτούτο
241 2209 433 2303 Νικόμαχος
463 2209 564 2304 ἀπήει
589 2220 636 2296 είς
665 2211 836 2300 Τάραντα·
869 2213 927 2280 καὶ
954 2215 991 2282 ἐν
1016 2208 1085 2306 ὁδῷ

112 2317 159 2409 τῷ
178 2312 352 2409 Ῥουφίνςο
382 2313 572 2405 περιπεσών
598 2312 742 2396 πολλούς
771 2311 927 2402 ἀπέβαλε.
975 2313 1090 2411 καίοι

112 2417 247 2507 Λοκροὶ
264 2433 333 2498 τοῖς
346 2413 518 2506 Ῥωμαίοις
535 2415 807 2507 προσεχώρησαν.

198 2520 257 2611 Τῷ
288 2517 321 2588 δ’
356 2519 430 2608 ἐξής
461 2525 527 2590 ἐτει
555 2513 704 2608 Ῥωμαῖοι
731 2514 954 2606 ἐστράτευσαν
978 2523 1025 2599 είς
1048 2515 1085 2587 τὸ

112 2619 272 2692 Σαύνιον
302 2621 358 2690 καὶ
383 2623 417 2702 ἐς
439 2625 634 2692 Λευκανίδα
657 2620 713 2690 καὶ
737 2625 904 2710 Βρεττίοις
927 2621 1084 2708 ἐπολέμη-

72 2751 99 2794 κε
112 2745 188 2794 σοιν.
234 2719 252 2790 ὁ
277 2721 316 2792 δέ
334 2718 470 2812 Πύρρος
488 2728 546 2811 τής
564 2729 721 2803 Σικελίας
740 2720 891 2793 ἐκπεσόν
908 2722 965 2792 καὶ
983 2723 1085 2790 ἐπαν-

108 2819 232 2895 ελθοδν
256 2819 322 2911 ήδη
341 2827 459 2904 δεινοῖς
477 2819 598 2904 αύτούς
617 2821 749 2912 ἐλύπει,
774 2825 830 2894 καὶ
847 2821 924 2904 τούς
942 2821 1004 2910 μέν
1020 2831 1117 2892 Λο·Β

112 2923 221 3016 κροάς
248 2927 441 3015 ἐκομίσατο,
472 2923 535 3014 τήν
563 2921 627 3016 γάρ
651 2923 807 3017 φρουρὰν
829 2930 897 2993 τῶν
914 2920 1085 3009 Ῥωμαίων

113 3023 377 3108 ἀποκτείναντες
403 3029 625 3116 μετέστησαν,
652 3027 707 3096 ἐπὶ
733 3025 770 3098 δέ
787 3022 823 3096 τὸ
838 3019 967 3112 Ῥήγιον
985 3044 1085 3114 στρα-

113 3128 238 3210 τεύσας
255 3125 474 3219 ἀπεκρούσθη
492 3129 548 3198 καὶ
566 3123 666 3210 αύτδς
685 3124 816 3218 ἐτρύθη
834 3128 889 3196 καὶ
907 3130 1085 3210 πλείστους

8 3219 10 3306 ἰ
74 3227 277 3317 ιοάπέβαλε.
327 3227 490 3319 μεταστάς
521 3230 559 3302 δὲ
582 3236 629 3312 είς
652 3226 714 3318 τήν
736 3233 902 3320 Λοκρίδα,
935 3229 991 3298 καὶ
1017 3230 1086 3298 τάν

117 3328 213 3425 αύτῷ
236 3334 372 3403 ἐναντία
394 3329 639 3422 φρονησάντων
658 3329 839 3414 δικαιώσας
855 3329 969 3419 τινός,
994 3327 1084 3418 παρά

115 3437 189 3502 τῶν
211 3438 338 3508 λοιπόν
360 3449 455 3506 σῖτον
477 3435 534 3506 καὶ
557 3431 706 3525 χρήματα
730 3439 845 3522 ἔλαβε,
870 3435 926 3502 καὶ
951 3438 999 3511 είς
1023 3427 1085 3500 Τοί-
