2566 3800
198 189 259 254 m
498 188 858 244 mmmm

197 346 268 413 τοῖς
286 337 470 418 βασιλικοῖς
486 328 693 421 παρασήμοις
707 329 847 418 φεύγων
860 335 1062 421 γνωρίζοιτο,
1076 327 1166 399 ἀπο-

197 441 326 503 τίθεται
350 438 457 501 ταῦτα
480 433 537 500 καὶ
569 430 739 520 ίδιωτικῆν
768 429 997 520 ἀναλαμβάνει
1027 429 1164 519 στολῆν,

196 535 253 604 καὶ
270 541 318 626 τῷ
336 539 495 626 βασιλείῳ
509 538 601 628 ἵππῳ
615 532 656 602 τά
670 532 852 622 παράσημα
871 534 1068 622 ἐπιθέμενος
1081 531 1165 602 ἀνε-
1279 547 1281 574 ³

196 663 256 706 τον
280 633 388 723 ἀφῆκε
411 635 541 725 τρέχειν
564 633 688 722 αὐτόν,
711 639 769 704 ἵνα
795 641 957 724 νομίζοιτο
983 632 1067 722 πρὸς
1094 641 1166 704 τῶν
1279 627 1280 630 “

197 735 357 826 ὁρώντων
374 734 434 805 τδν
449 741 555 807 ἵππον
571 738 698 807 θέοντα
711 743 773 806 τοῦ
788 734 944 824 έπιβάτον
959 735 1061 824 χωρὶς
1074 731 1193 826 ἄνη-ε

197 839 339 930 ρημένος
363 835 466 920 αὐτὸς
491 839 549 907 καὶ
571 837 617 928 μῆ
635 837 871 908 καταδιώκοιτο
889 836 974 926 πρός
991 864 1103 906 τινων.
1146 835 1165 906 6

165 939 264 1030 Βμέν
282 931 347 1010 οὖν
365 937 455 1009 οὕτω
473 941 597 1030 διέδρα.
634 943 743 1009 ἕωθεν
762 939 800 1008 δέ
818 937 836 1008 6
856 937 1091 1019 Κωνστάντιος
1108 940 1170 1007 έπί

196 1069 288 1122 τινος
301 1039 431 1130 ἀναβάς
449 1039 570 1130 λόφον,
589 1041 646 1110 καὶ
663 1041 726 1131 τῆν
744 1041 991 1132 παρακειμένην
1009 1038 1165 1127 πεδιάδα,

198 1141 284 1211 ἀλλά
314 1141 384 1231 μῆν
413 1143 470 1212 καλ
495 1142 556 1213 τδν
583 1145 817 1234 παραρρέοντα
848 1141 999 1232 ποταμδν
1032 1145 1168 1229 νεκρῶν

199 1243 283 1313 ίδοδν
310 1245 472 1334 νέμοντα,
504 1251 552 1326 είς
582 1243 713 1333 φανερά
738 1242 920 1332 κατῆνεκτο
944 1242 1094 1332 δάκρνα,
1122 1239 1165 1314 οὐ
1181 1275 1209 1316 ιο

197 1351 327 1435 μᾶλλον
352 1344 408 1414 διά
432 1345 495 1434 τῆν
521 1353 621 1434 νίκην
644 1344 809 1434 ἡδόμενος
833 1345 915 1415 ὅσον
939 1343 995 1414 διά
1017 1342 1079 1414 τὸν
1095 1349 1167 1413 τῶν

196 1447 371 1518 πεσόντων
389 1446 596 1534 δακνόμενος
608 1445 764 1538 ὄλεθρον.
790 1448 945 1534 λέγονται
961 1445 1028 1535 γάρ
1047 1448 1084 1514 έκ
1100 1446 1167 1534 μὲν

197 1555 267 1618 τάν
291 1552 421 1618 ἐκείνου
447 1549 525 1637 περὶ
546 1549 724 1639 τριάκοντα
748 1563 865 1620 πεσεῖν
882 1545 1049 1636 χιλιάδας,
1074 1545 1163 1615 άπα-

197 1657 268 1720 σῶν
295 1647 556 1739 ἀρθμονμένων
579 1655 626 1730 είς
644 1649 864 1738 ὀγδοήκοντα,
884 1652 920 1718 έκ
939 1649 977 1718 δὲ
993 1653 1062 1720 τῶν
1081 1659 1164 1720 Μα-

195 1759 353 1838 χνεντίον
377 1750 557 1840 τριάκοντα
573 1752 630 1830 καὶ
649 1755 682 1834 ἓξ
701 1749 815 1821 οάσῶν
833 1750 994 1838 χιλιάδων
1011 1755 1165 1838 διαφθα-
1180 1779 1205 1823 ιε

197 1857 297 1941 ρῆναι
314 1850 374 1932 τάς
393 1861 498 1922 είκοσι
509 1851 593 1941 πρὸς
606 1867 679 1934 ταῖς
692 1853 880 1940 τέσσαρσιν.
906 1850 1029 1924 αὐτίκα
1044 1857 1167 1922 τοίνυν

196 1951 277 2032 τούς
301 1951 364 2041 μὲν
388 1950 623 2044 ἀνῃρημένους
644 1953 911 2024 τεῖνπεσόντων
936 1959 1044 2042 ταφῆς
1062 1949 1166 2034 ἀξιω-

195 2059 301 2142 θῆναι
326 2053 453 2136 πάντας
481 2057 653 2143 ἐκέλευσε,
679 2053 724 2144 μῆ
743 2057 1007 2143 διακρινομένων
1023 2059 1092 2122 τῶν
1111 2061 1166 2124 ol—

195 2161 298 2226 κείων
315 2153 337 2244 ῆ
355 2163 424 2226 τῶν
442 2164 625 2246 πολεμίων,
652 2155 732 2238 τούς
746 2153 779 2226 δ’
800 2161 848 2224 ἔτι
865 2157 1070 2244 ἐμπνέοντας
1089 2157 1164 2224 ε’πι-

161 2266 329 2348 ομελείας
352 2273 467 2348 τνχεϊν
484 2260 542 2327 καλ
561 2263 709 2348 ἰατρικῆς
726 2265 921 2347 θεραπείας.
954 2255 1094 2346 διαδράς
1113 2256 1163 2342 δέ,
1177 2288 1206 2327 εο

199 2358 245 2440 ιδς
269 2371 413 2448 είρηται,
441 2360 653 2446 Μαγνέντιος
678 2356 758 2440 τούς
786 2386 823 2428 τε
850 2359 1100 2448 περισωθέντας
1127 2359 1166 2426 εἰι

196 2467 265 2529 τῶν
283 2467 417 2530 οἰκείων
434 2458 568 2548 ῆθροιζε
586 2461 642 2528 καί
659 2459 783 2541 ἀλλους
803 2461 963 2546 συνέλεγε
986 2460 1044 2529 καλ
1062 2451 1168 2540 αὖθις

197 2560 491 2648 ἐπαναλαμβάνειν
523 2559 645 2630 ἑαυτὸν
676 2564 840 2651 έπειράτο.
883 2567 1007 2632 ἔστειλε
1036 2561 1075 2630 δὲ
1106 2562 1167 2630 καὶ
1280 2615 1281 2618 ¹

196 2659 281 2750 πρὸς
304 2659 365 2730 τὸν
388 2660 625 2732 Κωνστάντιον
647 2661 870 2751 συγκλητικόν
893 2690 970 2732 τινα
992 2658 1165 2752 πρεσβεύ-

194 2783 308 2850 σοντα,
330 2759 371 2832 δν
395 2760 413 2832 ὁ
432 2763 664 2844 Κωνστάντιος
688 2765 820 2853 οἰηθεὶς
836 2769 885 2858 τῷ
903 2769 963 2852 τῆς
980 2767 1164 2850 πρεσβείας
1178 2794 1206 2834 τε

195 2861 334 2954 ὀνόματι
357 2864 654 2954 κατασκοπῆσοντα
677 2864 771 2952 ῆκειν
801 2866 858 2934 καὶ
888 2865 929 2934 τά
956 2862 1033 2936 κατ’
1053 2859 1165 2932 αὐτὸν

193 2966 510 3056 περιεργασάμενον,
529 2966 735 3056 περιάρισεν.
766 2963 785 3036 6
804 2967 843 3035 δέ
856 2968 1066 3052 Μαγνέντιος
1086 2967 1164 3033 ἐπι-

195 3066 330 3148 σκόποις
345 3060 447 3148 αὖθις
460 3073 507 3148 είς
521 3073 703 3157 πρεσβείαν
723 3068 895 3157 ἐχρήσατο,
915 3088 1164 3155 σννηνωμονη

193 3174 299 3256 θῆναι
322 3174 446 3256 ζητῶν,
473 3166 520 3237 ἵν’
549 3173 585 3238 ἐν
609 3168 814 3258 στρατιώτου
837 3175 939 3260 μοίρᾳ
965 3173 1013 3260 τῷ
1030 3174 1169 3255 βασιλεῖ

195 3269 465 3356 συστρατεύοιτο.
513 3267 587 3338 ἀλλ’
623 3269 729 3340 οὐδὲν
763 3269 846 3360 πρὸς
879 3268 944 3358 τῆν
977 3275 1165 3358 πρεσβείαν
1180 3301 1208 3346 ει
1280 3319 1281 3324 1

194 3367 321 3452 ταύτην
351 3367 616 3458 ἀνταπεκρίνατο
647 3369 665 3440 ὁ
691 3371 935 3452 Κωνστάντιος.
983 3367 1094 3459 ἀφῆκε
1125 3372 1167 3440 δὲ
1277 3335 1281 3440 ί

195 3462 275 3540 ‘⁰233
321 3469 474 3552 πρέσβεις
523 3467 735 3557 ἀπράκτους·
756 3470 928 3542 ἀπελθεῖν.
1002 3469 1166 3554 κάκεῖνος
1280 3463 1281 3466 ¹
