2566 3812
193 155 255 220 m
529 154 826 210 mmmm

109 377 117 388 ἱ
193 301 354 386 κρείττων
371 285 434 366 σύν
450 291 503 365 ἀεὶ
521 291 626 390 αύτρῦ
642 293 832 384 γινόμενος,
857 296 913 364 καὶ
930 292 971 363 τὰ
988 291 1164 383 γράμματα

193 399 233 469 τὰ
250 390 341 489 παρὰ
359 403 419 468 τοῦ
440 393 628 487 Ἀσδρούβα
645 394 736 490 αύτῷ
755 397 954 486 πεμφθέντα
972 393 1076 483 ἑλόν,
1102 401 1164 476 τοῦ

193 503 257 590 μὲν
269 498 428 588 Ἀννίβου
442 497 689 588 κατεφρόνησε,
708 503 823 578 δείσας
842 498 879 567 δέ
891 497 937 586 μῆ
953 495 1012 568 τόν
1024 495 1165 568 Λιούιον
1225 497 1231 504 ’

194 601 213 672 ὁ
229 598 436 693 Ἀσδρούβας
452 603 500 694 τῷ
514 598 638 688 πλήθει
651 597 907 688 καταβιάσηται,
925 602 1010 689 μέγα
1028 601 1165 690 πρᾶγμα

25 779 30 786 ,
93 704 376 792 νίΙΙθοέτόλμησε.
408 705 465 772 καὶ
484 706 639 772 κατέλιπε
656 702 719 791 μὲν
736 716 858 791 μοῖραν
877 705 948 772 ἐκεί
961 698 1190 791 ἀποχρωσανι

196 815 322 896 εἴργειν
338 802 398 876 τόν
417 800 595 893 Ἀννίβαν,
617 813 651 874 εί
671 831 718 894 πη
736 809 909 891 κινηθείη,
936 800 1164 892 ἐντειλάμενος

196 908 304 977 πάντα
323 921 434 976 ποιεῖν
458 911 515 976 ἵνα
539 907 596 975 καὶ
620 903 720 986 αύτὸς
742 913 907 994 νομίζοιτο
930 908 1105 994 ἐνδημεῖν,
1128 901 1166 974 τό

198 1010 235 1079 δὲ
253 1005 495 1099 καθαρώτατον
518 1010 577 1077 τού
595 1013 739 1097 στρατοῦ
763 1001 924 1089 ἀπολέξας
948 1003 1102 1096 ὥρμησεν
1120 999 1165 1087 ὦς

94 1109 292 1182 ΡΙ433πόλει
323 1111 390 1180 τινλ
421 1106 641 1201 πλησιοχύρφ
672 1111 883 1198 προσμίξων,
912 1104 990 1179 οὐδ’
1016 1107 1094 1198 ᾔδει
1116 1135 1165 1189 τις

196 1211 258 1302 τήν
273 1210 426 1283 διάνοιαν
439 1207 552 1281 αύτού.
577 1213 633 1280 καὶ
647 1206 794 1299 ἠπείχθη
809 1211 864 1279 ἐπὶ
875 1208 935 1280 τὸν
946 1205 1165 1300 Ἀσδρούβαν,
1179 1239 1205 1278 ιο

197 1316 254 1384 καὶ
271 1311 410 1403 ἀφίκετο
427 1311 551 1394 υυκτός
569 1310 651 1402 πρὸς
668 1307 728 1382 τόν
745 1310 974 1400 συνάρχοντα,
996 1312 1052 1380 καὶ
1071 1315 1108 1380 ἐν
1124 1314 1166 1400 τῆ

196 1423 339 1506 ταφρείᾳ
356 1417 398 1504 τῆ
415 1403 774 1501 αύτούκατεσκήνωσε.
807 1415 863 1483 καί
881 1411 1166 1503 παρεσκευάζοντο

197 1515 299 1607 ἀμφω
311 1511 360 1586 ἵν’
379 1519 553 1604 αἰφνίδιον
566 1511 659 1608 αύτῷ
672 1522 935 1586 συνεπίθωνται.
965 1513 1028 1584 ούκ
1042 1521 1167 1584 ἔλαθον

198 1621 254 1704 δέ,
285 1613 359 1686 ἀλλ’
388 1614 588 1705 ἐτεκμήρατο
613 1613 650 1685 τό
673 1617 898 1704 γεγενημένον
921 1611 939 1686 ὁ
961 1612 1167 1704 Ἀσδρούβας

197 1715 263 1788 ἀπὸ
280 1721 349 1787 τῶν
366 1719 625 1806 παραγγέλσεων
649 1721 769 1787 διττῶν
786 1721 989 1807 γινομένων·
1014 1723 1086 1810 ίδίρι
1102 1717 1167 1806 γὰρ
1180 1745 1206 1784 ιι

199 1823 335 1901 ἕκαστος
365 1821 433 1890 τῶν
463 1816 602 1890 ύπύτων
632 1816 845 1910 παρήγγελλέ
870 1847 903 1889 τι
932 1833 1001 1900 τοϊς
1032 1821 1166 1889 ἑαυτοῦ.

197 1917 411 2001 ὑποπτεύσας
440 1909 504 1991 σύν
533 1918 700 2010 ἡττῆσθαι
729 1920 789 1992 τὸν
807 1918 968 2010 Ἀννίβαν
997 1921 1054 1990 καὶ
1078 1919 1168 2010 ,ἀπο-

198 2025 335 2112 λέσθαι,
366 2020 541 2112 περιόντος
571 2021 635 2112 γὰρ
660 2025 792 2092 ἐκείνου
822 2018 885 2092 ούκ
914 2017 958 2093 διν
983 2020 1035 2092 ἐπ’
1062 2019 1168 2092 αὐτόν

197 2122 341 2214 ὁρμήσαι
370 2121 430 2196 τόν
457 2126 606 2216 Νέρωνα
641 2125 821 2213 ἐλογίζετο,
857 2131 945 2212 ἔγνω
972 2123 1056 2214 πρὸς
1089 2122 1167 2205 τούς
1278 2133 1279 2136 ’

197 2223 349 2306 Γαλάτας
366 2221 630 2316 ἀπαναχωρῆσαι
647 2227 703 2294 καὶ
717 2228 788 2296 ἐκεῖ
802 2224 843 2294 τὰ
856 2227 933 2314 περὶ
946 2221 1006 2296 τὸν
1018 2221 1167 2315 ἀδελφὸν
1181 2249 1208 2291 ει

199 2325 456 2497 ἀκριβύσασθαι
473 2330 529 2396 καὶ
547 2323 634 2398 ούτω
652 2323 736 2396 κατά
754 2325 879 2416 σχολήν
897 2332 1090 2417 πολεμῆσαι.

307 2430 342 2497 αὶ
354 2425 373 2497 ὁ
385 2427 449 2517 μέν
461 2435 686 2517 παραγγείλας
695 2429 742 2521 τῷ
755 2426 974 2519 στρατεύματι
982 2427 1168 2518 ἀναστῆναι
1277 2519 1278 2522 ¹

197 2527 318 2610 νυκτὸς
335 2523 483 2620 ἀπῆρεν,
502 2534 538 2599 οί
555 2526 589 2599 δ’
607 2525 729 2600 ύπατοι
748 2532 785 2600 ἐκ
800 2533 862 2600 τού
878 2528 1031 2622 θορύβου
1047 2527 1168 2600 ύπύπ-

198 2651 323 2700 τευσαν
335 2625 372 2699 τό
386 2628 575 2720 γινόμενον,
589 2628 630 2702 σύ
643 2632 757 2720 μέντοι
771 2630 876 2713 εὐθύς
891 2630 1097 2722 ἐκινήθησαν
1112 2631 1169 2702 διὰ
1275 2595 1278 2716 ή

198 2730 235 2801 τό
254 2728 378 2814 σκότος.
395 2773 397 2780 v
414 2729 481 2822 ἅμα
501 2728 534 2802 δ’
559 2728 617 2821 ήοί
639 2729 720 2814 τούς
741 2753 778 2802 τε
805 2735 924 2815 ἱππίας
948 2738 1168 2824 προέπεμψαν
1182 2757 1209 2798 2⁵

200 2835 371 2917 ἐπιδιῶξαι
386 2829 521 2922 αύτούς,
535 2836 591 2904 καλ
602 2830 697 2904 αύτοί
712 2839 854 2906 εἵποντο.
874 2837 930 2905 καὶ
940 2832 1168 2925 τοῦἈσδρού·
1276 2861 1277 2866 ’

199 2943 264 3023 βου
287 2951 356 3017 τοῖς
381 2940 541 3006 ἱππεῦσιν
566 2931 828 3025 ἀντιταξαμένου
852 2935 897 3019 οἱς
919 2935 1034 3027 μόνοις
1057 2930 1168 3024 ούσιν,

199 3042 234 3107 ot
247 3033 369 3108 ὕπατοι
388 3034 586 3119 ἐπελθόντες
603 3038 731 3126 τροπήν
748 3033 853 3110 αὐτοῦ
871 3036 1087 3128 ἐποιήσαντο,
1112 3040 1170 3108 καί

199 3135 386 3226 φεύγουσιν
420 3137 755 3228 ἐπακολουθήσαντες
789 3139 933 3221 πολλούς
969 3138 1167 3230 ἐφόνευσαν.

199 3240 256 3306 καὶ
278 3235 355 3308 οὐδ’
382 3245 418 3309 οί
442 3243 619 3328 ἐλέφαντες
645 3236 759 3322 αύτοίς
788 3242 996 3332 ἐβοήθησαν·
1028 3237 1080 3312 ὅτι
1102 3234 1169 3332 γάρ
1183 3265 1209 3306 ει

200 3333 312 3408 αύτύν
329 3367 418 3420 τινες
440 3343 745 3432 τραυματισθέντες
768 3342 855 3413 κακὰ
871 3350 976 3414 πλείω
998 3341 1077 3426 τούς
1096 3348 1170 3414 ἐπι-

200 3441 419 3527 τεταγμένους
437 3449 554 3530 σφίσιν
578 3450 687 3534 ἔδρων
704 3439 725 3531 ῆ
742 3449 779 3514 os
793 3447 961 3536 πολέμιοι,
986 3442 1170 3538 παρήγγει-

164 2456 187 2506 Β
