2566 3800
191 170 252 236 186
502 173 572 228 Lm,
593 173 669 224 κιο.
689 172 767 226 οιο.
786 171 833 225 w.
880 185 884 189 ·

187 312 319 401 γήσασα
344 315 380 382 έν
404 311 498 406 αὐτῷ
527 313 584 381 καὶ
609 313 705 402 μέχρι
733 317 796 382 τοῦ
820 302 886 381 “οό
908 317 968 399 τής
985 318 1162 398 βασιλείας
1270 375 1271 382 ,

187 413 251 486 οὐκ
276 421 367 484 ἔσται
389 410 508 496 τέλος”
534 412 573 484 τό
597 413 721 483 τούτου
751 415 845 494 τέλος
875 413 1092 502 ποιησαμένη,
1134 411 1160 502 ή

186 514 252 606 γάρ
276 517 438 604 περὶτοῦ
463 514 563 603 άγίου
587 513 778 605 πνεύματος
799 521 961 600 θεολογία
984 514 1161 603 μετέπειτα

186 619 374 707 προσετέθη
398 620 436 687 έν
460 619 502 708 τή
528 617 670 708 δευτέρα
693 615 831 710 συνόδφ
854 620 915 704 τῆς
939 616 1016 706 περὶ
1032 614 1160 686 τούτου

185 721 368 809 γενομένης
392 718 569 807 ζητήσεως,
597 715 619 805 ἢ
643 715 727 786 κατά
752 719 973 788 Μακεδονίαν
997 721 1188 805 συνῆκται

83 831 135 883 PII
145 818 204 890 1Οὸ
231 816 264 889 δ’
285 819 505 901 ίσαπόστολος
529 817 747 908 αὐτοκράτωρ
774 819 830 887 έπλ
855 822 898 909 τή
915 823 984 887 τόν
1002 819 1162 906 πατέρων

152 919 329 1013 Αὸμονοίᾳ
352 919 490 1010 ἡσθείς,
515 923 682 1004 ἐδεξιοῦτο
707 917 842 1001 αὐτούς.
873 925 935 989 καί
947 946 1050 989 τινων
1066 917 1160 1012 ὑπὲρ

186 1029 244 1110 τῆς
267 1029 329 1092 τοό
355 1029 505 1111 σωτῆρος
527 1020 708 1112 ὁμολογίας
730 1020 905 1112 φερόντων
927 1017 968 1090 τά
994 1026 1160 1110 στίγματα

104 1181 106 1184 .
188 1128 225 1193 έν
241 1138 312 1204 τοῖς
329 1123 492 1212 σάμασιν,
517 1123 739 1212 κατησπάζετο
763 1121 805 1192 τά
831 1124 1056 1211 πεπηρωμένα
1073 1121 1160 1192 τού-

185 1251 255 1294 των
277 1227 360 1314 μέλη
383 1227 442 1294 καὶ
465 1225 585 1316 μόρια,
610 1225 668 1294 καὶ
692 1222 817 1305 αὐτούς
835 1223 891 1294 διὰ
908 1222 968 1304 τάς
986 1223 1157 1314 πηρώσεις
1172 1254 1199 1295 ιο

186 1323 303 1397 αὐτῶν
322 1327 502 1418 ἐμακάριζε.
530 1327 705 1398 δοθέντων
722 1325 761 1395 δέ
778 1327 943 1414 λιβέλλων
960 1322 1054 1417 αὐτῷ
1071 1323 1160 1395 κατά

184 1455 288 1498 τινων
307 1427 509 1513 ἐπισκόπων,
527 1422 604 1497 οὐτ’
624 1425 757 1515 ἀνέγνω
775 1426 918 1508 τοότους
936 1423 1012 1495 οὐτ’
1032 1432 1081 1506 είς
1098 1426 1158 1515 ζή-

184 1550 280 1616 τησιν
296 1528 457 1618 ήνεγκεν,
482 1523 559 1597 ἀλλ’
579 1528 724 1607 ἐντόπιον
741 1526 901 1599 ἁπάντων
926 1527 1012 1618 πυρὶ
1030 1525 1159 1610 αὐτούς

185 1628 434 1721 ἀπετέφρωσεν,
457 1627 605 1700 έπειποδν
624 1625 675 1699 ὅτι
692 1627 777 1700 “κάν
796 1625 965 1718 αὐτόπτης
990 1628 1160 1718 ἐγενόμην

185 1727 362 1820 ἀρχιερέως
387 1726 479 1811 τινός
500 1727 769 1821 ἁμαρτάνοντος,
799 1737 843 1822 τῇ
868 1735 1058 1820 πορφυρίδι
1088 1758 1157 1819 μου
1172 1759 1198 1800 ιι

184 1830 228 1900 ἀν
246 1826 354 1900 αὐτόν
379 1829 627 1916 συνεκάλυψα.”
665 1835 798 1903 ἐκεῖθεν
823 1838 871 1913 είς
888 1830 925 1902 τὸ
944 1829 1027 1922 παρ’
1047 1831 1158 1904 αὐτοῦ

184 1931 322 2002 κτισθὲν
346 1939 517 2021 βασίλειον
541 1931 627 2004 άστυ
655 1933 736 2015 τούς
754 1940 872 2014 θείους
889 1935 1041 2014 ’ἐκείνους
1058 1961 1158 2022 μετα·

183 2032 302 2120 γαγόν
326 2035 472 2126 πατέρας
489 2037 624 2124 καὶτῆς
642 2038 675 2119 ἐξ
694 2033 810 2104 αὐτόν
835 2031 995 2122 εὐλογίας
1011 2029 1157 2117 ἀξιώσας

151 2134 269 2206 Βαύτδ
300 2137 356 2206 καί
387 2143 664 2229 χειροτονηθῆναι
698 2135 958 2224 παρασκευάσας
989 2137 1027 2206 ἐν
1061 2133 1155 2229 αὐτῷ

185 2237 345 2329 δεύτερον
362 2239 572 2330 πατριάρχην
594 2239 656 2309 τόν
683 2236 776 2329 ίερόν
791 2232 1027 2328 Ἀλέξανδρον·
1051 2235 1069 2307 ό
1086 2235 1198 2326 γάρτι

184 2336 333 2429 ἀοίδιμος
358 2339 590 2430 Μητροφάνης
614 2339 796 2429 μετήλλαξε
819 2337 882 2428 τήν
900 2338 1005 2427 ζωήν·
1024 2336 1158 2428 ἀφήκεν

81 2449 200 2504 W11110
208 2443 347 2510 ἕκαστον
366 2445 414 2520 είς
432 2439 495 2537 τήν
513 2445 642 2509 οἰκείαν
659 2439 821 2510 ἀπελθεῖν
839 2445 1029 2529 παροικίαν,
1046 2456 1158 2530 τιμαῖς

183 2567 219 2609 τε
237 2541 295 2608 καὶ
312 2545 455 2627 δωρεαῖς
474 2537 602 2622 αὐτούς
619 2541 964 2633 φιλοφρονησάμενος.

255 2639 299 2710 Ἡ
320 2639 358 2709 δὲ
382 2645 444 2710 τοῦ
461 2645 624 2730 βασιλέως
646 2643 753 2734 μήτηρ
771 2641 792 2732 ή
810 2649 959 2733 μακαρία
973 2640 1089 2731 Ἑλένη
1109 2649 1157 2724 είς

182 2746 289 2831 γήρας
314 2740 407 2830 βαθύ
434 2741 684 2833 καταντήσασα·
709 2740 918 2832 ὀγδοήκοντα
942 2743 1008 2833 γάρ
1027 2746 1194 2832 λέγεταιιι

182 2849 276 2931 ζήσαι
301 2844 494 2927 ἐνιαυτούς·
522 2845 608 2937 πρός
630 2845 691 2928 τάς
709 2843 893 2936 οὐρανίους
911 2843 1020 2936 άπήρε
1037 2845 1156 2935 μονάς,

59 2963 60 2966 ’
181 2943 226 3034 ήν
244 2942 262 3016 ὁ
281 2944 357 3028 υίδς
376 2948 413 3016 έν
430 2953 478 3040 τῷ
496 2953 565 3017 τοῖν
583 2945 692 3035 άγίων
707 2945 920 3018 Ἀποστόλων
933 2953 1006 3040 ναῷ
1024 2953 1153 3035 βασιλι-
1179 2978 1182 2982 ·

182 3054 250 3128 κῶς
269 3046 503 3136 έθησαόρισεν.
539 3051 668 3130 ἐκεῖνος
686 3049 725 3118 δὲ
741 3046 825 3117 κατὰ
843 3054 999 3140 Περσῶν.
1014 3050 1155 3138 ἐκστρα-

181 3147 291 3217 τεόων
308 3147 454 3238 τριήρεσι
468 3156 632 3238 κομίζεται
646 3156 694 3230 είς
711 3147 774 3238 τήν
782 3147 1074 3272 Σωτηρόπολιν,“
1051 3177 1073 3237 η
1088 3154 1156 3218 νῦν

182 3245 377 3335 ὀνομάζεται
385 3249 518 3320 Πύθια·
537 3251 593 3319 καὶ
610 3266 681 3332 τοῖς
701 3254 773 3322 ἐκεῖ
787 3249 996 3340 χρησάμενος
1012 3260 1154 3339 θερμοῖς
1168 3276 1192 3318 ιο

148 3345 318 3434 Οὐδασιν,
337 3355 423 3419 ἔνθα
440 3351 497 3418 καὶ
515 3351 696 3442 φάρμακόν
712 3379 744 3422 τι
768 3365 860 3421 πιείν
878 3350 1079 3441 δηλητήριον
1097 3354 1153 3420 λέ-

182 3470 274 3528 γεται
287 3447 458 3538 παράπαν
469 3453 681 3541 ἑτεροθαλων
695 3451 788 3546 αὐτφ
775 3451 969 3542 κερασθὲν
980 3450 1153 3540 άδελφων,
