2586 3800
325 192 329 196 y
385 134 456 186 LIB.
469 133 517 187 XI.
536 132 616 186 OAP.
628 132 717 188 XXII.
731 133 845 187 xxm.-
1054 133 1094 196 71

83 337 86 344 .
122 279 280 366 πρωίθεν
311 271 549 363 ἐξεχειρόμενοι
579 269 638 342 τόν
665 271 811 362 Χριστὸν
840 269 1007 360 ὑμνοῦσιν
1039 283 1095 343 ίσα

1 398 2 436 1
124 380 214 470 θεῷ,
239 373 342 463 μόνον
361 373 392 443 δ’
416 371 565 454 είδοίλοις
581 370 684 444 θῦειν
701 371 742 444 οῦ
760 378 954 462 πείθονται,
972 383 1094 452 θεσπί-

1 471 5 518 1
124 500 181 548 σαι
198 478 245 566 μή
260 479 469 565 έκζητεῖσθαι
481 477 560 556 τοῦς
573 477 797 565 κεκλημένους
812 478 848 544 ἐκ
860 479 921 546 τοῦ
934 479 1094 564 Χριστοῦ,

1 614 3 671 j
126 576 330 669 ἐμπεσόντας
356 577 397 647 δέ
417 606 455 666 με
478 575 690 660 κολάζεσθαι·
720 579 781 660 καὶ
803 571 910 660 οῦτως
933 579 1095 665 γενέσθαι

96 679 185 753 ετὸν
198 677 348 768 διωγμὸν
360 675 589 770 μετριωτερον.
624 678 698 750 τότε
711 679 767 748 ml
780 675 798 748 ὁ
812 675 979 770 θεοφόρος
988 677 1095 767 Ἰχνοί-

1 871 2 874 ,
79 797 83 874 ᾗ
124 811 210 870 τιος,Ι
238 778 394 866 δεύτερος
416 784 475 870 τῆς
493 776 576 850 κατὰ
593 786 722 870 Κοίλην
739 786 873 866 Συρίαν
896 777 1094 870 Ἀντιοχείας
1156 797 1157 804 ’

125 879 301 972 τυγχάνων
315 879 500 972 ἀρχιερεύς,
518 884 727 971 συλληφθεὶς
741 879 924 970 είςῬοίμην
938 882 1094 972 ἐπέμφθη

127 987 275 1074 δέσμιος,
300 989 386 1054 ἔνθα
408 980 660 1073 θηριομαχήσας
684 980 824 1071 διήνυσε
846 981 883 1052 τὸ
899 981 1095 1074 μαρτύριον.

124 1089 181 1156 καὶ
205 1077 277 1174 μετ’
305 1080 408 1156 αῦτόν
430 1083 493 1173 τήν
519 1090 690 1174 ίεραρχίαν
708 1086 877 1168 διεδέξατο
892 1079 1013 1173 Ἥρως.
1048 1091 1095 1178 τῷ

59 1202 60 1206 ’
85 1219 112 1258 ιο
125 1195 228 1280 τρίτῳ
258 1181 292 1256 δ’
326 1193 392 1256 έτει
416 1191 475 1274 τῆς
500 1183 682 1275 μοναρχίας
711 1189 883 1274 Τραιανοῦ
901 1183 1095 1276 Κλήμεντος

126 1283 416 1376 ἐκλελοιπότος,
396 1315 433 1370 ος
457 1297 565 1376 τρίτος
589 1317 693 1377 ην
656 1292 693 1359 έ
709 1284 859 1379 Ῥοίμη’
841 1285 1015 1378 αρχιερεῦς
1038 1291 1095 1364 καί

125 1393 269 1462 ἒτεσιν’
253 1391 350 1460 εννία
366 1417 429 1514 την
453 1393 632 1514 ἐκκλησίαν
656 1400 756 1460 ἴθυνε
779 1393 848 1458 τοῦν
873 1411 1017 1477 πιστων,
1040 1391 1095 1459 τέ·
1099 1409 1198 1462 P1588

125 1519 257 1582 ταρτος
269 1486 474 1588 αντεισήχθη
500 1488 703 1582 Εὐάρεστος·
738 1485 775 1572 ὃς
798 1487 960 1579 ὅμδοον’
942 1517 1094 1580 αρχιερα-

1 1651 2 1655 ,
116 1590 246 1680 τείσας
260 1589 415 1662 ίνιαυτὸν
428 1595 586 1681 μετέθετο
599 1619 661 1716 την
675 1589 774 1681 ζωήν,
790 1586 839 1662 ῦπ
843 1589 1095 1683 ’Ἀλεξάνδρου

86 1726 113 1767 15
127 1695 320 1784 διαδεχθελς
342 1695 494 1782 πέμπτου
517 1691 691 1782 γεγονότος
713 1697 772 1782 τής
791 1687 1002 1782 Ῥωμαίων’
983 1721 1097 1783 αρχιε-

127 1797 218 1883 ρέως.
273 1795 368 1865 καὶ
353 1823 371 1864 ο
398 1799 456 1886 τῆς
482 1789 727 1885 Ἀλεξανδρέων
750 1793 834 1866 κατὰ
859 1801 976 1885 τρίτην
1001 1793 1096 1878 τάξιν

127 1901 305 1978 ἐπίσκοπος
328 1924 475 1985 χεχονως
498 1898 641 1990 Κέρδων
664 1893 826 1986 μεταστας
856 1903 926 1968 τῶν
954 1899 1095 1967 ἐνθένδε

1 2035 2 2038 “
127 1996 285 2087 διαδοχον
302 2005 378 2090 ἔσχε
396 2009 540 2088 Πρίμου.

195 2095 354 2182 ’Ἀπαιδος
374 2099 412 2169 δὲ
430 2102 598 2190 Τραιανοῦ
615 2095 874 2219 τελευτησαντος
887 2094 1042 2188 Καίσαρα
1059 2123 1095 2166 τε
1105 2105 1148 2170 23

60 2233 114 2274 ,εκ
127 2203 184 2272 καί
207 2198 436 2290 αὐτοκράτορα
459 2199 519 2270 τὸν
538 2195 760 2290 Ἀδριανὸν”
738 2227 759 2286 η
784 2226 819 2268 τε
844 2203 904 2268 τοῦ
927 2195 1106 2286 Τραιανοῦ

127 2301 268 2390 σῦζυχος
286 2311 447 2374 Πλωτλνα
465 2305 498 2384 ἐξ
517 2305 675 2391 ἐρωτικῆς
692 2307 770 2389 φιλί
768 2328 808 2382 ας
755 2297 914 2370 ίκαὶ
899 2327 916 2369 ο
935 2293 1096 2379 Τατιανὸς

1 2432 2 2435 ’
127 2409 302 2492 ἐπίτροπος
319 2401 433 2474 αὐτοῦ
456 2402 603 2492 χεχονεδς
626 2399 821 2492 ἀπέδειξαν,
858 2405 895 2473 έν
913 2397 1096 2492 Ἀντιοχείᾳ

70 2508 73 2511 ’
125 2509 322 2596 τήςΣυρίας
337 2502 507 2594 διάγοντα,
522 2507 594 2576 ἐπεὶ
609 2505 665 2574 καὶ
678 2494 780 2594 ήρχεν
792 2499 908 2592 αῦτής,
925 2507 1094 2594 προσχενή
1107 2521 1129 2572 Β

126 2634 171 2676 τε·
180 2603 262 2678 ῦντα
284 2611 453 2696 Τραιανοῦ
466 2607 523 2676 καὶ
537 2610 758 2678 συνοικοῦντα
772 2609 905 2676 ἐκείνου
917 2600 1095 2694 ῦδελφιδή.

84 2736 115 2778 τε
128 2699 172 2795 ήν
189 2704 222 2777 δ’
243 2697 340 2789 οὗτος
358 2707 431 2790 υίδς
446 2704 577 2798 ’Ἀφρου
592 2706 783 2798 Ἀδριανοῦ,
800 2707 978 2796 φιλόλογος
996 2703 1096 2796 ἀνήρ,

126 2804 163 2890 ῦς
185 2811 243 2879 καὶ
269 2806 434 2898 ποιήματά
456 2837 531 2880 τινα
554 2806 634 2894 πεζοί
657 2837 693 2879 τε
719 2810 776 2878 καὶ
795 2809 832 2877 έν
849 2813 942 2878 ἔπεσι
959 2806 1097 2877 καταλί-

1 2918 2 2921 ’
127 2921 258 2982 λοιτεν
285 2906 463 2999 ἀπλήστως
481 2911 522 2980 δέ
535 2936 574 2998 χε
587 2907 669 3000 πρὸς
682 2915 874 2996 φιλοτιμίαν
888 2913 974 2996 ἔχων
987 2904 1101 2976 πάντα

1 3042 2 3046 ’
126 3040 164 3082 τε
181 3009 361 3134 ἐπετήδευε
378 3008 495 3082 καὶ”
451 3038 546 3100 ηυχει
562 3007 699 3100 μηδέν’
681 3024 827 3098 αχνοείν.
862 3005 947 3078 ὅθεν
959 3009 1076 3077 καὶ
1028 3033 1098 3128 τωη

78 3152 83 3156 ’
127 3119 166 3184 έν
192 3135 280 3184 τισιν
308 3108 579 3202 εὐδοκιμούντων
611 3119 751 3182 καθεῖλε
785 3105 931 3200 συχνοῦς
964 3109 1020 3178 καὶ
1055 3098 1096 3178 οῦ

1 3236 2 3240 ’
84 3241 114 3282 εο
127 3220 243 3304 μείους
269 3211 459 3304 ἀπώλεσεν,
483 3211 531 3284 ἵν’
558 3209 658 3296 αὐτὸς
681 3226 817 3302 κρατελν
841 3215 879 3283 έν
902 3215 984 3282 πᾶσι
1003 3214 1096 3299 δοκή.

198 3446 267 3514 Cap.
285 3447 327 3498 23.
362 3445 462 3497 Dionis
480 3445 623 3496 Ηὶελοτὶεε
642 3443 783 3496 Romanae
802 3443 821 3495 l.
839 3445 882 3508 69,
900 3459 924 3495 ο.
944 3444 1035 3495 1-15.
1063 3443 1065 3448 '
