2546 3822
226 175 290 244 356
558 181 629 235 LIB.
648 138 710 233 16.
729 178 807 236 cAP.
825 179 873 231 lx.

228 347 301 410 ραις
325 324 396 388 τῶν
419 319 668 410 μητροπόλεων.
703 318 812 390 πολλὰ
836 319 875 388 δέ
898 319 1050 410 χρήματα
1074 323 1112 390 ἐν
1132 336 1209 404 τοῖς

227 426 400 510 δημοσίας
425 415 539 511 εόράν
564 431 773 512 θησαυροῖς,
798 417 820 489 6
843 418 862 490 6
880 420 992 510 πατήρ
1009 417 1120 492 αότοῦ
1139 449 1207 492 κα-

227 529 298 603 κείς
316 521 488 610 συνήγαγε
512 523 571 593 καλ
597 520 863 613 ἀπεθησαύρισε,
880 521 1012 604 τοότοις
1029 549 1206 614 καταχρη-

230 623 375 712 σόμενος
394 623 680 712 ἐξευμενίσατο
645 651 682 694 το
699 621 853 748 ὑπήκοον
869 623 928 694 καὶ
944 651 986 713 πρ
973 625 1206 720 ἐπιπλάστῳ

124 732 414 817 ΡΠιιιθευσεβείᾳ.
462 719 704 815 ἀθροισθέντες
728 717 795 796 οόν
818 729 854 794 οί
874 731 934 812 τῆς
960 724 1107 814 πόλεως,
1136 724 1228 797 κάκι

114 823 332 949 wlnA93⁵⁰3v
323 825 483 916 θεμάτων
495 825 655 897 πολλοὶ’
633 831 780 952 ρτοῦντο
792 825 999 914 χαριζόμενοι
1012 827 1182 914 δῆθεν’
1135 857 1204 898 αυ-

238 955 285 1021 τςα
311 926 586 1019 ἀναγορευθῆναι
609 928 670 998 τόν
696 927 776 998 υίόν
800 923 909 996 αὐτοῦ
927 937 1203 1000 Κυνσταντϊνον.
1266 959 1267 964 ’

226 1058 246 1099 ο
233 999 319 1116 ‘66
343 1035 377 1100 εί
397 1033 499 1099 τοῦτο
521 1027 760 1118 βοόλονται,’
743 1027 863 1118 ομόσπι
880 1026 1007 1109 αότοάς
1024 1026 1204 1120 ἀπήτησεν

229 1124 275 1212 ἀς
293 1157 334 1200 ου
323 1127 509 1213 ’δέξονταί
523 1156 603 1201 ποτε
620 1129 700 1222 ἀτερ
718 1125 833 1214 πότουΙ
812 1129 903 1198 καλ
916 1156 978 1198 του
963 1133 1072 1200 υίοῦ
1090 1129 1203 1202 αὐτοῦ

227 1232 285 1302 καὶ
301 1237 364 1302 τοῦ
382 1233 570 1321 σπέρματος
588 1227 704 1302 αὐτόν
722 1234 838 1320 ἕτερον
854 1231 1002 1319 βασιλέα.
1029 1231 1086 1300 καὶ
1106 1227 1202 1321 ἀμο-
1215 1263 1238 1303 ιι

229 1353 294 1402 σαν
323 1332 486 1422 ἅπαντες,
515 1331 579 1422 οόχ
609 1338 645 1402 οί
672 1339 731 1421 τῆς
764 1327 955 1419 συγκλήτου
985 1338 1114 1421 βουλῆς
1144 1335 1205 1404 καὶ

228 1439 264 1503 οί
288 1439 350 1503 τοῦ
381 1433 639 1526 στρατεύματος,
666 1432 752 1503 ἀλλά
782 1433 839 1502 καὶ
869 1430 887 1502 6
919 1433 1076 1523 δημώδης
1100 1430 1204 1523 ὄχλος

228 1537 286 1605 καὶ
305 1541 444 1627 ἔμποροι
466 1536 524 1605 καὶ
548 1542 585 1606 οἳ
603 1541 672 1606 τόν
696 1539 926 1627 ἐργαστηρίων
948 1535 1205 1624 προεστήκεσαν

228 1639 286 1705 καὶ
302 1643 457 1766 ἐγγραφα
483 1637 561 1728 περὶ
584 1635 715 1707 τούτων
733 1635 896 1719 ἐξέθεντο
930 1635 1120 1725 ταῦταμὲν
1137 1629 1205 1708 οὖν

228 1735 313 1808 κατά
331 1737 394 1825 τήν
411 1741 512 1826 εκτην
528 1733 716 1829 ήμέραν”
675 1765 736 1826 της
754 1733 937 1825 ἑβδομάδος
949 1742 1013 1806 τοῦ
1031 1745 1203 1827 σωτηρίου
1216 1767 1237 1808 ιε

228 1839 363 1919 πόθους
380 1845 442 1909 τοῦ
461 1844 612 1930 σωτῆρος
630 1837 800 1926 γεγόνασι
835 1836 942 1929 τῷδέ
959 1837 1095 1938 μεγάλςο
1113 1846 1200 1926 σαβ-

227 1938 319 2031 βάτρι
343 1938 405 2008 τόν
424 1941 546 2009 ἑαυτου
532 1937 714 2030 ’ἀδελφόν
731 1935 931 2027 Εόὸόκιμον
944 1946 1204 2065 νιρβελίσσιμον
1265 2031 1266 2034 ρ

227 2038 429 2126 όβασιλεός
461 2041 683 2167 προεβάλετο,
719 2041 776 2110 καί
807 2035 883 2108 κατ’
910 2037 1019 2128 αότήν
1047 2039 1114 2128 τήν
1137 2047 1203 2111 τοῦ
1264 2059 1266 2144 J

194 2141 340 2230 Βπάσχα
366 2141 532 2234 κυριακήν
559 2148 676 2226 ἔστεψε
705 2141 767 2212 τόν
796 2169 819 2210 υ
822 2137 877 2210 ίόν
903 2138 1022 2228 αὐτοῦ,
1045 2147 1109 2212 τοῦ
1132 2167 1202 2211 πα·
1264 2149 1266 2230 ξ

226 2243 387 2334 τριόρχου
404 2244 469 2334 τήν
486 2239 561 2314 κατ’
582 2250 662 2325 ἔθος
686 2240 904 2330 πεποιηκότος
922 2238 1036 2331 εόχήν.
1070 2253 1235 2332 τεθνη-ιι
1263 2253 1265 2264 “

226 2345 325 2426 κότος
352 2345 391 2416 δὲ
414 2349 478 2418 vav·
503 2344 711 2463 πατριάρχου
730 2343 860 2432 Νικήτα
884 2349 945 2414 τοῦ
967 2346 1136 2434 ἐκτομίον,
1166 2341 1203 2425 ὃς

227 2439 274 2533 ἦν
298 2447 529 2537 προεδρεόσας
552 2449 612 2533 τής
630 2443 1022 2526 Κωνστκντινουπόλεως
1046 2450 1105 2533 ἐτη
1121 2465 1203 2515 τεσ-

227 2550 490 2634 σαρεσκαίόεκα,
513 2559 751 2636 χειροτονεῖται
774 2545 980 2636 πατριάρχης
1008 2551 1152 2628 Παῦλος
1185 2541 1202 2616 6

227 2645 394 2737 Κόπριος,
412 2644 631 2736 ἀναγνόστης
650 2645 700 2718 ἀν
717 2647 775 2717 καὶ
792 2643 988 2736 όρίλόάοξος.

306 2745 434 2839 Εόριάν
463 2752 506 2820 δέ
531 2774 625 2830 τινας
655 2754 725 2820 τοῖν
750 2747 921 2838 ἐπισήμων
943 2752 1003 2818 τοῦ
1029 2755 1204 2818 παλατέου
1217 2775 1238 2816 ιι

229 2865 304 2932 ταῖς
329 2857 440 2933 θείαις
463 2851 568 2922 είκόσι
597 2847 832 2942 προσκύνησιν
862 2847 1106 2938 ἀπονέμοντας,
1139 2847 1207 2937 τήν

228 2946 407 3041 ἀλωπεκῆν
431 2950 563 3033 ἀποέός
593 2951 653 3022 τόν
685 2949 779 3033 ἐντός
809 2949 1045 3043 κρυπτόμενον
1075 2951 1206 3040 ἐδημο-

230 3060 345 3124 σίευσε
363 3050 552 3180 λέρντα,’
528 3051 682 3142 υμότατό
704 3079 741 3123 τε
765 3046 892 3134 αότυύς
909 3049 1125 3140 αἰκισάμενος
1145 3053 1209 3120 και

229 3153 285 3225 όιά
311 3159 371 3241 τής
397 3152 522 3244 ἀγορᾶς
541 3157 578 3223 ἐν
573 3151 703 3278 ἀτίμῳ
727 3159 846 3244 πομπή
866 3148 1092 3244 περιαγαγών,
1111 3153 1206 3240 πρό·

228 3281 327 3344 τερον
358 3255 507 3338 ψιλόσας
538 3251 664 3336 αότοάς
693 3260 763 3324 τάν
792 3260 931 3376 τριχῶν,
955 3250 1062 3335 οὕτως
1087 3259 1140 3336 εἰς
1167 3255 1209 3326 τό
1223 3283 1243 3324 ι

228 3355 433 3445 πραιτιόριον
457 3354 709 3444 &naamam
688 3380 776 3426 οπου
800 3356 889 3438 τινες
913 3352 1030 3426 αὐτόν
1052 3357 1111 3426 καὶ
1141 3356 1212 3446 τήν

195 3452 343 3539 οψνλῆν
373 3461 421 3548 τῷ
444 3463 553 3550 κυρίςο
583 3457 782 3547 παρέθεντο.
834 3455 1041 3549 πέμπτονέ’
1068 3454 1211 3541 ἀνύσας
