2546 3822
365 177 435 228 ωε.
454 176 512 232 xv.
532 175 611 228 σεε.
630 175 690 230 xx.
703 175 778 226 xm.
1001 173 1064 238 385

1 351 2 356 ¹
83 315 181 387 -πιολν
204 314 335 406 ἠρέθιζε
358 315 577 404 τὸνβασιλέα
607 314 819 440 πανταχόθεν
845 313 903 396 τάς
930 314 1063 396 είκόνας

39 471 42 478 .
92 426 270 507 περιελεῖν.
305 425 365 487 καί
385 443 466 495 ποτε
490 422 560 488 τῶν
577 423 639 486 τού
655 415 795 486 Ἡσαΐου
813 424 920 486 θείων
937 420 1064 504 φωνῶν

93 519 438 618 ἀναγινωσκομένων
443 517 497 588 ἐπ’
524 523 720 606 ἐκκλησίας,
753 515 978 604 αλλέγονσι
980 515 1065 586 τίνι

94 619 284 708 ωμοιεόσατε
313 619 451 710 κόριον;
487 619 533 709 μή
570 619 684 688 εἰκόνα
721 621 883 742 ἐποίησε
886 619 1012 688 τέκτων
1042 615 1063 742 ή

64 721 279 823 δχρυσοχόος
311 719 462 810 ὁμοίωμα
493 719 742 792 κατεσκεύασεν
777 717 883 812 αὐτῷ’
887 718 989 788 ’καὶ
1023 719 1064 787 τά

94 826 224 912 ἐφεξῆς,
242 823 447 912 προσελθων
460 849 506 947 πμ
527 829 660 910 βασιλεῖ
682 820 766 911 πρὸς
784 815 844 902 οὖς
870 817 974 908 έφη“
976 820 1064 909 πρό

94 945 170 1012 σχες
194 929 241 1016 τῷ
264 924 438 1046 προφήτῃ,
466 953 492 994 ω
480 896 681 1009 δέσποτα,
707 923 764 1006 καὶ
780 922 890 1015 τούτῳ
908 919 1062 991 πείθου.”
1091 919 1094 924 ’

94 1028 256 1094 ἐντεῦθεν
280 1023 607 1150 άπηρυθριασμένως
639 1022 657 1094 δ
685 1027 783 1094 Λέων
814 1029 874 1112 τῆς
895 1025 1064 1111 αἱρέσεως

95 1137 213 1214 είχετο,
231 1127 289 1195 καλ
306 1125 388 1208 τούς
405 1125 451 1216 μή
468 1155 510 1218 τη
498 1129 668 1216 ἀσεβεία
686 1124 792 1194 αὐτοῦ
810 1124 1064 1204 ὑποκόπτοντας

50 1246 81 1288 ²⁰
87 1227 360 1351 διασπαράσσειν
389 1229 446 1298 καλ
476 1226 665 1316 λαφύσσειν
687 1225 858 1314 ἠπείγετο
893 1225 1101 1338 βαρύςδὲΑ
1026 1222 1169 1296 &pum

94 1357 152 1398 και
140 1327 273 1409 άλλως
284 1321 376 1397 καλ’
357 1337 580 1420 απαραίτητος
590 1327 652 1416 τήν
665 1326 774 1416 ὀργήν
786 1343 855 1407 τοις
870 1335 1012 1397 πταίον
1024 1357 1059 1405 W
1069 1357 1167 1408 111107
1205 1405 1207 1414 y

95 1452 149 1500 σιν
173 1423 218 1517 ήν
242 1431 298 1498 καὶ
324 1429 378 1500 ἐπὶ
395 1441 541 1520 μετρίοις
559 1437 741 1519 πταίσμασι
757 1437 894 1518 βαρείας
912 1427 1063 1508 κολάσεις

93 1529 374 1620 ἀποφαινόμενος.
407 1537 555 1613 τοιούτος
578 1523 687 1619 μὲν
664 1559 709 1618 ην
735 1529 753 1600 ὁ
772 1531 870 1601 Λέων
888 1530 967 1619 περὶ
984 1557 1065 1609 τους

81 1629 247 1720 εύσεβεῖς
272 1626 334 1701 ’καλ
368 1631 448 1712 τούς
484 1632 593 1712 άλλως
628 1631 938 1722 προσκεκρουκότας
963 1625 1066 1722 αύτῷ.
1167 1622 1170 1627 ’

53 1751 83 1798 1⁶
95 1738 175 1814 τέως
199 1731 232 1802 δ’
257 1725 322 1802 οὖν
346 1733 423 1822 περὶ
440 1733 502 1821 τήν
519 1737 588 1803 τῶν
605 1739 730 1802 κοινάν
754 1738 918 1820 διοίκησιν
936 1731 977 1800 οό
997 1760 1065 1800 νω-
1116 1799 1119 1803 .

94 1833 161 1923 θής
178 1827 233 1923 ἦν,
252 1833 338 1904 ἀλλά
356 1835 413 1903 καλ
431 1842 509 1904 λίαν
524 1834 685 1924 ἐγρήγορε
698 1835 755 1902 καλ
768 1833 849 1914 τοδς
865 1830 1065 1914 ἀδικοῦντας

96 1931 281 2006 ἀνέστελλε.
317 1939 497 2023 δεηθέντος
521 1941 607 2022 γοῦν
630 1962 738 2022 τινος,
766 1934 810 2016 ἀς
834 1939 896 2004 τοῦ
920 1942 1065 2021 γυναίου

97 2033 204 2106 αὐτοῦ
236 2037 326 2125 παρά
356 2064 417 2106 του
448 2043 517 2106 τάν
539 2043 598 2124 τής
626 2036 817 2123 συγκλήτου
845 2035 1066 2125 ἀρπαγέντος,

1 2176 2 2181 ’
96 2139 331 2232 προσθεμένου
350 2138 389 2206 δὲ
405 2139 461 2206 καὶ
479 2141 526 2231 τῷ
546 2137 680 2228 έπάρχηι
695 2147 910 2224 προσελθεῖν,
925 2133 970 2224 μή
984 2138 1066 2224 μέν-

54 2259 84 2300 ²0
96 2265 148 2310 τοι
164 2255 280 2327 τυχεῖν
299 2233 509 2327 ἐκδικήσεως,
528 2239 600 2309 ἐπεὶ
617 2237 654 2306 τό
673 2243 822 2324 ἔγκλημα
839 2234 1069 2321 ἀποδέδεικτο,

96 2340 156 2412 τόν
169 2341 232 2428 μὲν
241 2347 388 2428 ἔπαρχον
403 2347 551 2410 ἔπαυσεν
563 2337 670 2418 εύθύς
682 2344 740 2424 τῆς
753 2337 868 2428 ἀρχῆς,
882 2337 942 2407 τόν
955 2337 994 2406 δέ
1006 2335 1068 2424 τήν

96 2440 257 2529 ἁρπαγήν
272 2441 553 2530 πλημμελήσαντα
576 2443 705 2522 ἐξέδοτο
729 2447 878 2529 νομίμως
896 2447 1065 2525 κολασθη·

96 2543 252 2632 σόμενον.
279 2541 443 2630 ἀρχοντας
461 2542 573 2611 δὲκαὶ
591 2541 845 2633 στρατιωτικούς
863 2542 926 2610 καί
937 2549 1065 2610 πολιτι-
1081 2562 1101 2609 Β

96 2643 179 2725 κοδς
210 2639 408 2733 ἀριστίνδην
438 2650 697 2734 προεχειρίξετο,
729 2645 786 2712 καὶ
815 2643 873 2724 τάς
903 2647 973 2711 τάν
998 2640 1066 2710 ὑπὸ

53 2743 275 2834 εῡῬωμαίους
288 2799 289 2802 ¹
303 2749 416 2814 ἐθνῶν
438 2742 619 2832 ἡγεμονίας
644 2741 723 2812 οὔτε
748 2743 927 2832 χρημάτων
946 2741 1068 2821 ὠνίους

97 2854 276 2936 προυτέθει
299 2845 378 2915 οὕτε
405 2845 490 2936 πρός
516 2845 614 2934 χάριν
639 2847 755 2913 ἐδίδου
778 2841 823 2930 μή
848 2841 933 2931 πρδς
963 2837 1068 2932 ἀρχάς

85 2947 288 3036 ’πεφυκόσιν
306 2945 469 3034 ἀνδράσιν
485 2943 508 3034 ή
526 2941 704 3034 χρημάτων
722 2943 847 3029 ήττοσι,
859 2945 923 3012 ’καὶ
940 2943 1069 3023 τούτοις

98 3054 300 3139 προδιδοῦσι
317 3047 356 3118 τό
376 3053 516 3117 δίκαιον.

176 3149 313 3238 Μιχα“λ
338 3149 376 3218 δέ
399 3147 417 3219 ὁ
442 3147 589 3238 τραυλός
615 3146 633 3217 ὁ
659 3149 692 3230 ἐξ
713 3144 871 3236 Ἀμορίον
897 3147 952 3214 ἐπὶ
981 3147 1068 3234 μέγα
1083 3159 1122 3222 21,

54 3271 84 3312 ³0
98 3250 202 3340 τύχης
220 3178 351 3341 άράείς,
369 3249 454 3340 πρὸς
472 3250 511 3320 δέ
523 3263 597 3330 ταῖς
611 3247 728 3329 ἀλλοις
741 3255 873 3328 κακίαις
886 3249 943 3317 καλ
956 3253 1069 3332 γλώσ*

99 3371 165 3422 σαν
190 3359 277 3440 ἔχων
303 3350 504 3438 ἀκόλαστον,
526 3350 688 3438 διεβλήθη
711 3355 758 3442 τῷ
776 3356 908 3436 βασιλεῖ
924 3347 968 3430 ὦς
985 3348 1070 3417 κακά

98 3450 174 3522 κατ’
195 3452 304 3524 αὐτοῦ
322 3452 588 3541 βυσσοδομεύων
605 3453 664 3520 καὶ·
679 3451 940 3539 τεκταινόμενος.
976 3452 1032 3518 καὶ
1049 3447 1106 3537 ήο

153 3598 275 3634 morum
294 3599 339 3633 111.
825 3561 867 3627 25
