2566 3812
445 217 450 226 2
485 199 558 251 mn.
576 199 624 252 ια.
643 195 721 252 σεε.
739 199 791 254 111.
1061 178 1124 268 259

155 347 292 431 ἔμελλε,
310 337 347 409 τδ
365 335 554 428 στράτευμά
565 366 602 410 τε
616 343 724 429 δήθεν
742 337 963 412 ἀνεκαλέσατο
983 345 1039 412 καὶ
1055 347 1124 414 των

150 441 324 532 Ῥωμαίων
341 436 382 510 τά
399 437 486 511 ὅπλα
503 439 725 531 ἀποθεμένων
749 443 804 513 καί
825 439 907 534 πρὸς
924 440 1124 516 ἀνάπαυλαν

153 543 376 635 τραπομένων
413 543 563 630 έπήλθεν
599 539 713 624 σύτοίς
754 541 853 632 άφνω
889 547 944 615 καλ
979 545 1123 636 συχνούς

155 644 331 716 ἀπέκτεινε
349 645 405 713 καλ
423 640 459 712 τά
473 641 653 734 τάφρευμα
671 645 849 734 ἐκλειφθὲν
868 641 944 718 εἷλε.

131 774 145 813 ε
238 744 286 818 Τά
304 742 335 815 δ’
358 747 396 814 ἐν
413 748 454 834 τή
471 753 611 838 Σικελίᾳ
629 747 685 816 καὶ
703 748 746 838 τῇ
761 753 893 837 Σαρδοῖ
911 751 1063 838 ἐκινεῖτο,
1082 747 1123 820 οὐ

160 849 269 936 μέντοι
291 847 354 937 ,καί
387 848 588 937 ἐπιστρδφής
618 875 707 928 τινος
741 847 831 938 παρά
861 852 929 920 τάν
955 845 1123 940 Ῥωμαίων

158 953 282 1038 ἔτυχον.
330 943 453 1018 ὕπατοι
480 948 518 1018 δέ
544 946 564 1018 ὅ
589 977 625 1019 τε
650 946 801 1039 Γράκχος
829 947 846 1020 δ
878 956 1041 1041 ἵππαρχος
1067 955 1152 1024 nal·

155 1049 363 1139 Ποστούμιος
383 1047 537 1138 Ἀλβίνος
554 1048 737 1141 ᾑρέθησαν.
774 1053 830 1122 καί
854 1049 872 1122 ὁ
895 1054 957 1142 μὲν
972 1049 1123 1142 Ἀλβῖνος

153 1152 236 1242 μετά
253 1147 377 1232 παντὸς
396 1154 455 1222 τοῦ
471 1157 617 1243 στρατού
634 1149 701 1222 ύπδ
720 1156 788 1223 τάν
801 1161 957 1226 ,Βοουίων
976 1153 1121 1248 ἐφθάρη,

115 1283 140 1322 ιο
155 1250 203 1324 δι’
222 1249 322 1340 ὄρους
338 1250 491 1334 ὑλάδους
509 1249 734 1344 πορευόμενος
752 1256 808 1324 καὶ
827 1257 1056 1346 ἐνεδρευθείς·
1082 1248 1123 1330 ού
1242 1289 1243 1292 ’

152 1353 215 1445 τήν
228 1353 380 1444 κεφαλήν
390 1351 609 1444 ἀποτεμόντες
623 1361 659 1426 οί
668 1352 832 1447 βάρβαροι
846 1358 901 1431 καί
916 1355 1122 1450 ἐκκαθάραν-

151 1485 208 1538 τες
227 1458 283 1526 καί
307 1453 618 1546 περιχρυσύσαντες
641 1455 724 1548 πρὸς
747 1457 788 1528 τά
813 1456 885 1549 ίερά
909 1453 1023 1530 αύτοῖν
1047 1459 1122 1531 ἀντὶ

153 1555 277 1648 φιάλης
301 1559 486 1648 ἐκέχρηντο.
533 1555 693 1646 γεγόνασι
717 1559 755 1629 δέ
777 1557 850 1630 τότε
874 1563 1009 1650 τέρατα·
1037 1569 1157 1652 βούςῦ

152 1687 189 1730 τε
207 1658 271 1751 γάρ
288 1665 393 1730 λιιιιον
409 1660 521 1729 τέτοκε
544 1661 656 1730 καὶέν
678 1657 833 1754 θαλάσση
861 1663 1023 1752 ἐξέλαμψε
1042 1669 1120 1752 πῦρ.

107 1783 140 1830 ἰε
153 1765 188 1832 οί
217 1757 249 1832 δ’
278 1756 399 1831 ὕπατοι
421 1758 571 1852 Γράκχος
602 1762 657 1831 καλ
683 1760 809 1851 Φάβιος
839 1765 1123 1856 στρατοπεδευσά-

152 1890 249 1952 μενοι
265 1859 376 1933 τόντε
391 1857 550 1950 Ἀννίβαν
570 1865 607 1933 ἐν
621 1861 744 1955 Καπύη
764 1861 844 1936 ὄντα
859 1864 1042 1959 ἐπετήρουν
1058 1865 1123 1958 ὅ,τι

154 1961 295 2052 πράσσει
318 1965 374 2034 καλ
400 1965 620 2053 διεπέμποντο
645 1963 862 2056 ἑκασταχόσε,
887 1985 955 2050 τοῖς
969 1993 1016 2038 ’τε
1040 1991 1122 2058 συμ·

143 2063 268 2155 κμάχοις
288 2063 476 2155 ἐπήμυναν,
500 2066 556 2135 καί
574 2063 651 2147 τούς
669 2063 897 2156 ἀφεστηκότας
914 2075 1122 2141 οίκειοῦσθαι

153 2169 351 2258 ἐπειρῶντο,
377 2163 418 2236 τά
434 2193 470 2236 τε
493 2172 562 2238 τῶν
579 2163 837 2257 ἀνθισταμένων
861 2165 1011 2241 ἐκάκουν.
1047 2168 1065 2240 ὁ
1086 2170 1115 2238 δ

107 2295 137 2336 εο
148 2266 307 2356 Ἀννίβας
332 2271 394 2350 ἕως
420 2268 481 2358 μέν
510 2275 569 2358 τής
591 2271 717 2358 τροφής
745 2271 866 2350 ἐνδεῶς
893 2263 1036 2362 ηὐπόρει
1066 2274 1122 2341 καλ

151 2367 438 2458 διακινδυνεύων,
457 2366 642 2461 σωφρόνως
658 2367 740 2460 μετά
759 2377 818 2442 τοῦ
832 2377 974 2463 στρατοῦ
992 2376 1121 2463 διῆγεν,
1220 2370 1221 2375 “

30 2462 35 2468 ’
152 2469 199 2554 ὥς
223 2472 261 2542 δέ
284 2471 348 2560 τήν
366 2469 513 2559 Καπύην
538 2477 659 2561 ἔλαβον
684 2474 739 2542 καὶ
763 2481 897 2556 πολλοῖς
924 2477 1121 2565 ἐπιτηδείοις

153 2577 191 2645 ἐν
209 2570 364 2666 ρηστεόνη
384 2577 613 2662 διεχείμασαν,
631 2571 694 2662 τήν
712 2602 746 2645 τε
765 2574 862 2664 ίσχάν
875 2579 944 2647 τάν
958 2576 1121 2668 σωμάτων

150 2674 198 2766 μή
215 2671 417 2764 πονούμενοι
435 2675 490 2744 καὶ
509 2671 571 2765 τήν
589 2672 704 2769 ῥύμην
729 2679 789 2766 τής
812 2675 946 2768 χνιόμης
970 2679 1036 2750 ύπὸ
1062 2687 1120 2770 τῆς

108 2803 138 2846 ετ
153 2771 322 2866 εύθυμίας
339 2771 599 2866 ήλαττύθησαυ,
617 2779 674 2846 καὶ
692 2775 755 2868 τήν
768 2777 907 2870 πάτριον
920 2778 1120 2870 ἀμείψαντες
1130 2801 1156 2852 D

152 2884 286 2948 δίαιταν
309 2879 499 2968 μετέμαθον
522 2872 687 2966 ήττάσθαι
709 2877 899 2970 μαχόμενοι.
944 2883 1016 2952 ἐπεὶ
1041 2883 1078 2952 δέ
1102 2883 1119 2954 ὁ

150 2977 294 3070 πόλεμος
312 2975 379 3068 ήδη
398 2979 565 3067 ἐπέκειτο,
591 2983 623 3062 ἐς
642 2977 704 3070 ὅρη
721 2983 860 3070 μετέστη
883 2984 940 3052 καὶ
958 2980 1120 3070 ἐγύμναζε

149 3077 189 3152 τὸ
203 3079 400 3172 στράτευμα.
430 3084 466 3151 σι’
481 3075 515 3152 δ’
534 3077 595 3171 ούχ
609 3075 677 3152 οἷοί
692 3111 728 3152 τε
742 3081 787 3153 δι’
809 3079 927 3172 ὀλίγον
945 3087 1121 3176 ῥωσθῆναι
1183 3115 1185 3122 ’

149 3179 319 3272 γεγόνασι,
356 3188 516 3272 βοηθείας
542 3182 580 3253 δέ
603 3180 695 3277 αὐτῷ
717 3191 854 3255 οίκοθεν
878 3180 979 3276 άλλης
1003 3215 1038 3257 τε
1063 3190 1119 3258 καὶ

107 3313 136 3356 σο
150 3282 346 3375 ἐλεφάντων
360 3281 524 3374 ἐλθούσης
537 3279 758 3377 ἀνεθάρσησε.
787 3287 841 3356 καὶ
857 3287 910 3357 ἐπὶ
924 3288 986 3378 τήν
992 3292 1120 3360 Νῶλαν

151 3384 197 3470 ὥς
215 3383 367 3476 αἱρήσων
384 3383 491 3477 αὐτήν
507 3381 528 3475 ή
546 3383 605 3457 τόν
626 3415 665 3474 χε
684 3385 886 3476 Μάρκελλον
909 3387 971 3477 τήν
988 3397 1121 3460 Σαυνί-
1249 3379 1257 3388 s

150 3494 228 3558 τιδα
252 3491 449 3581 πορθούντα
478 3486 601 3579 ταύτης
632 3486 770 3572 ἀπάξων
801 3487 964 3582 ὥρμησεν.
1015 3485 1059 3569 ἀς
1085 3486 1119 3556 δ’

96 3595 101 3604 ’
906 3600 969 3664 17*
1007 3608 1011 3614 “
