2546 3822
120 244 130 250 ,
213 175 279 241 394
511 179 582 228 Lm.
594 179 653 229 xv.
672 175 750 228 οιΡ.
771 177 874 230 xxm.

210 317 375 406 κοσμικὴν
398 317 721 407 μεταμφιασάμενον
758 319 915 397 ίςτοῦτο
940 310 1014 386 δ’
992 343 1073 406 ηκεν
1093 313 1181 386 ἀπο·
1266 359 1267 404 1

211 417 322 511 ρίας
306 448 324 489 ο
344 418 482 508 Μιχαήλ
507 415 551 498 ὦς
570 421 713 507 σιδηρᾶν
732 420 875 487 ἐκτεῖναι
892 417 1008 520 σειρὰν
1026 414 1098 500 ἐξ’
1078 446 1179 507 ακρο-

210 519 342 602 πόλεως
368 526 416 601 είς
441 519 478 589 τδ
505 547 566 588 τιατ
569 517 782 609 ’ἀντιπέραν
799 525 985 608 πολίχνιον,
1003 523 1039 588 ιν
1045 515 1179 607 ’ἄβατα

211 637 282 704 τοῖς
300 627 362 692 τοῦ
372 620 552 742 τυράννου
570 620 768 709 φυλάττοιτο
786 649 826 690 τα
815 619 947 718 ἐντός.
973 619 1050 690 ἀλλ’
1070 619 1178 692 6002-

211 727 278 813 μάς
297 721 382 812 ὁμου
400 751 440 812 ιη
427 722 553 791 πόλει
570 725 758 812 προσέβαλε
781 720 866 790 κατά
883 729 950 809 γῆν
971 749 1008 791 τε
1031 723 1088 792 καὶ
1112 721 1205 791 θεέ-ε

213 834 354 911 λασσαν,
378 823 439 910 τήν
466 829 607 913 σιδηρᾶν
635 827 767 910 ἐκείνην
790 827 896 914 ῥᾷστα
914 823 1094 912 διαρρήξας
1112 846 1179 893 σει·
1265 885 1267 890 .

213 926 293 1015 ράν,
307 926 363 996 καί
382 924 477 1017 ᾤετο,
502 932 535 994 εί
555 924 663 1014 μόνον
686 932 827 1012 φανείη,
852 923 932 1004 τούς
958 927 996 994 ἐν
1019 931 1063 1014 τῇ
1088 925 1181 994 πόλει
1265 967 1267 1014 j

208 1025 269 1096 ’διά
293 1026 356 1114 τήν
379 1025 463 1115 πρὸς
486 1024 548 1096 τδν
574 1031 765 1112 κρατοῦντα
783 1022 966 1113 ἀπέχθειαν
984 1023 1108 1114 εὐχερῆ
1121 1025 1182 1112 τήν

176 1143 202 1196 0
216 1133 351 1198 είσοδον
368 1125 461 1220 αύτῷ
480 1141 674 1216 παρασχεῖν.
702 1127 774 1195 ἐπεὶ
787 1125 820 1196 δ’
837 1127 1050 1219 ἐρρωμένους
1063 1127 1182 1216 εύρηιιε

212 1227 293 1309 τούς
320 1227 413 1309 ἐντὸς
441 1227 526 1318 πρὸς
551 1227 613 1316 τήν
637 1233 705 1320 τῆς,
719 1227 849 1308 πόλεως
866 1227 1024 1316 φυλακήν
1041 1229 1099 1296 καὶ
1114 1234 1182 1298 τῶν
1195 1259 1221 1300 ιο

215 1333 364 1400 ἐλπίδων
391 1330 561 1416 ἐψεύσθη,
585 1327 660 1398 τότε
683 1327 746 1416 μὲν
763 1323 967 1418 ἀνεχώρησε,
986 1328 1040 1398 καὶ
1059 1330 1183 1416 βάλλε·
1238 1405 1243 1415 ,

212 1460 266 1502 ται
288 1431 418 1520 χάρακα
435 1429 519 1501 κατὰ
535 1429 573 1501 τδ
592 1433 660 1500 τῶν
676 1437 783 1498 θείων
803 1427 1024 1520 Ἀναργύρων
1042 1427 1183 1519 ἱερώτα-

151 1605 155 1610 ,
211 1561 272 1604 τον
302 1533 454 1622 τέμενος·
486 1530 505 1600 6
535 1531 636 1612 τόπος
667 1531 705 1600 δὲ
735 1530 776 1600 τά
795 1539 973 1602 Παυλίνου
998 1529 1184 1620 ὦνόμαστο.

213 1633 350 1724 ἡμερῶν
366 1637 406 1704 δέ
420 1661 522 1703 τινων
539 1634 788 1721 διαγενομένων
805 1633 862 1700 καὶ
879 1620 962 1701 κατά
980 1636 1100 1722 χέρσον
1117 1625 1185 1702 αὖ·

211 1746 269 1815 θις
292 1736 350 1802 καὶ
373 1733 457 1804 κατὰ
482 1731 662 1803 θάλασσαν
689 1732 850 1822 ἐπήνεγκε
865 1739 908 1823 τῇ
926 1731 1022 1804 πόλει
1037 1733 1100 1804 τὸν
1118 1735 1185 1804 πό·
1200 1763 1227 1804 τε

212 1843 334 1924 λεμον,
360 1835 528 1916 ἑλεπόλεις
550 1861 587 1904 τε
608 1837 665 1904 καὶ
689 1841 852 1922 κλίμακας
879 1835 1095 1924 ἐπαγόμενος.
1140 1833 1187 1916 ὥς

184 2025 186 2030 A
212 1933 250 2006 δ’
272 1935 360 2020 ἕάρα
376 1934 417 2004 τά
435 1941 494 2023 τῆς
512 1941 666 2024 σπουδῆς
679 1931 772 2027 αύτῷ
778 1935 1002 2024 πανταχόθεν
1020 1933 1187 2024 ἀνήνυτα,

211 2037 288 2108 τότε
304 2037 367 2126 μὲν
385 2034 447 2126 τήν
465 2036 602 2126 ψυχρὰν
629 2037 869 2128 ἐκτρεπόμενος
892 2036 1042 2128 Θρηίκην,
1060 2036 1188 2126 χειμῶν

214 2138 280 2229 γάρ
297 2131 358 2228 ἦν,
384 2137 447 2228 τήν
465 2137 625 2228 στρατιάν
643 2135 751 2208 αύτού
774 2153 850 2220 ταῖς
865 2137 990 2227 χύραις
1007 2141 1189 2226 διένειμεν,

215 2245 253 2310 ἐν
278 2237 416 2321 ταύταις
439 2237 673 2328 σχολάσουσαν
695 2241 753 2310 καὶ
775 2238 840 2328 τὴν
863 2245 925 2310 τοῦ
948 2245 1109 2328 χειμῶνος
1129 2241 1188 2308 ἐκ·
1202 2269 1231 2311 το

214 2343 427 2430 φευξομύνην
449 2340 642 2432 δριμύτητα.
678 2339 753 2429 ἀρτι
778 2341 816 2410 δὲ
840 2345 902 2410 τοῦ
920 2347 1016 2432 ἔαρος
1035 2343 1188 2462 ἐφεστῶ-
1265 2351 1267 2432 j

132 2503 134 2506 .
215 2470 270 2565 τρς
295 2443 351 2510 καί
377 2441 479 2511 πάλιν
503 2447 652 2530 προσήγε
677 2470 733 2510 και
722 2440 1000 2530 ἀμφοτέρωθεν
1022 2446 1064 2531 τῇ
1091 2441 1191 2511 πόλει
1266 2501 1267 2534 ;

178 2541 278 2630 Βτήν
301 2541 458 2664 στρατιάν
482 2543 539 2610 καὶ
557 2543 779 2633 περιεκύκλον
797 2543 840 2612 τά
857 2550 949 2630 τείχη
966 2570 1014 2642 τφ
1040 2569 1077 2612 τε
1098 2549 1190 2636 πεζῷ
1266 2553 1267 2588 ί

216 2641 437 2733 στρατεύματι
453 2643 510 2714 καὶ
528 2671 574 2736 τφ
593 2672 750 2736 ναντικφ.
773 2641 839 2732 ήδη
858 2643 897 2713 δὲ
909 2645 968 2712 καὶ
985 2671 1032 2738 τφ
1021 2643 1190 2767 Μιχαήλ

215 2743 395 2836 ἡτοίμαστο
417 2746 473 2814 καὶ
504 2714 623 2867 στήλος
652 2747 709 2816 καὶ
736 2743 936 2834 στράτευμα.
985 2743 1096 2870 λόγρις
1120 2737 1231 2814 ούνεε

215 2855 475 2936 παρααλητικοϊς
498 2843 578 2928 τούς
602 2851 747 2926 οίκειους
765 2844 1067 2936 παραθαρρύνας“
1051 2877 1070 2916 υ
1087 2852 1190 2932 βασι-

214 2947 295 3028 λεύς
326 2942 456 3036 ἀθρόον
487 2951 524 3016 ἐκ
557 2947 723 3018 πλειόνων
749 2950 869 3017 πυλων
895 2947 1003 3034 ίξάγει
1031 2945 1192 3032 τούτους,

213 3051 272 3118 καί
295 3049 526 3140 συρρήγνυται
549 3051 596 3140 τῷ
619 3055 682 3118 τοῦ
706 3048 988 3142 τυράννουλιιῷ.
1024 3052 1059 3118 σι’
1081 3049 1122 3117 δὲ
1139 3053 1191 3140 τῷ
1265 3089 1267 3098 ·

213 3155 378 3242 αἰφνιδίῳ
405 3150 462 3218 καλ
484 3154 532 3242 τῷ
549 3149 670 3239 θράσει
686 3153 754 3220 τῶν
773 3149 938 3220 ἐπιόντων
954 3147 1193 3220 ἀποδεδειλια-

214 3249 311 3330 κότες
332 3249 373 3319 τά
397 3255 488 3319 νῶτα
513 3251 696 3339 μετέβαλον
720 3252 787 3322 καὶ.
800 3257 922 3322 ἔπεσον
940 3257 1070 3338 πολλοί,
1088 3251 1150 3320 καὶ
1166 3245 1227 3338 62

215 3355 292 3434 νίκη
319 3355 389 3418 τῶν
416 3353 452 3419 ἐκ
469 3357 529 3438 τῆς
547 3351 676 3434 πόλεως
693 3345 746 3440 ἦν.
783 3349 824 3422 τά
841 3352 904 3442 μὲν
923 3345 988 3422 νύν
1004 3351 1088 3420 κατὰ
1108 3351 1187 3440 χίρ·

215 3463 279 3511 σον
301 3443 390 3516 οὕτω
416 3453 613 3540 συνηνέχθη
634 3459 681 3546 τῷ
707 3451 898 3544 ἀποστίτη·
934 3451 977 3523 ού
1007 3453 1075 3541 μὴν
1106 3443 1190 3522 ἀλλ’
