<?xml version="1.0" encoding="UTF-8"?>
<!DOCTYPE html PUBLIC "-//W3C//DTD XHTML 1.0 Transitional//EN"
    "http://www.w3.org/TR/xhtml1/DTD/xhtml1-transitional.dtd">
<html xmlns="http://www.w3.org/1999/xhtml" xml:lang="en" lang="en">
 <head>
  <title>
</title>
<meta http-equiv="Content-Type" content="text/html;charset=utf-8" />
  <meta name='ocr-system' content='tesseract 3.04.00' />
  <meta name='ocr-capabilities' content='ocr_page ocr_carea ocr_par ocr_line ocrx_word'/>
</head>
<body>
  <div class='ocr_page' id='page_1' title='image "./iannoutouznapae01canggoog_0263.png"; bbox 0 0 2566 3812; ppageno 0'>
   <div class='ocr_carea' id='block_1_1' title="bbox 201 111 826 195">
    <p class='ocr_par' dir='ltr' id='par_1_1' title="bbox 201 111 826 195">
     <span class='ocr_line' id='line_1_1' title="bbox 201 111 826 195; baseline -0.021 -6"><span class='ocrx_word' id='word_1_1' title='bbox 201 111 298 195; x_wconf 56' lang='lat'><strong><em>256⁶</em></strong></span> <span class='ocrx_word' id='word_1_2' title='bbox 546 124 826 180; x_wconf 75' lang='lat' dir='ltr'>Llss.1x.cAP.11.</span> 
     </span>
    </p>
   </div>
   <div class='ocr_carea' id='block_1_2' title="bbox 64 264 1277 3402">
    <p class='ocr_par' dir='ltr' id='par_1_2' title="bbox 64 264 1277 3402">
     <span class='ocr_line' id='line_1_2' title="bbox 201 264 1173 355; baseline -0.003 -14"><span class='ocrx_word' id='word_1_3' title='bbox 201 268 370 342; x_wconf 84' lang='grc' dir='ltr'><strong><em>λύσασθαι</em></strong></span> <span class='ocrx_word' id='word_1_4' title='bbox 398 267 457 340; x_wconf 83' lang='grc' dir='ltr'><strong><em>τὸν</em></strong></span> <span class='ocrx_word' id='word_1_5' title='bbox 486 264 633 355; x_wconf 87' lang='grc' dir='ltr'><strong><em>πόλεμον</em></strong></span> <span class='ocrx_word' id='word_1_6' title='bbox 664 267 725 346; x_wconf 76' lang='grc' dir='ltr'><strong><em>ἕως</em></strong></span> <span class='ocrx_word' id='word_1_7' title='bbox 755 266 1000 354; x_wconf 74' lang='grc' dir='ltr'><strong><em>καθυπέρτεροι</em></strong></span> <span class='ocrx_word' id='word_1_8' title='bbox 1035 271 1173 340; x_wconf 73' lang='grc' dir='ltr'><strong><em>δοκοῦσι</em></strong></span> 
     </span>
     <span class='ocr_line' id='line_1_3' title="bbox 202 363 1173 461; baseline -0.004 -18"><span class='ocrx_word' id='word_1_9' title='bbox 202 367 470 461; x_wconf 75' lang='grc' dir='ltr'><strong><em>συμβουλεύοντι</em></strong></span> <span class='ocrx_word' id='word_1_10' title='bbox 488 363 550 438; x_wconf 87' lang='grc' dir='ltr'><strong><em>ούκ</em></strong></span> <span class='ocrx_word' id='word_1_11' title='bbox 569 371 796 456; x_wconf 77' lang='grc' dir='ltr'><strong><em>ἐπείσθησαν,</em></strong></span> <span class='ocrx_word' id='word_1_12' title='bbox 815 363 856 438; x_wconf 80' lang='grc' dir='ltr'><strong><em>ού</em></strong></span> <span class='ocrx_word' id='word_1_13' title='bbox 875 369 989 455; x_wconf 88' lang='grc' dir='ltr'><strong><em>μέντοι</em></strong></span> <span class='ocrx_word' id='word_1_14' title='bbox 1008 365 1048 438; x_wconf 82' lang='grc' dir='ltr'><strong><em>τά</em></strong></span> <span class='ocrx_word' id='word_1_15' title='bbox 1067 385 1173 459; x_wconf 79' lang='grc' dir='ltr'><strong><em>ψηφι-</em></strong></span> 
     </span>
     <span class='ocr_line' id='line_1_4' title="bbox 201 465 1172 561; baseline -0.003 -16"><span class='ocrx_word' id='word_1_16' title='bbox 201 474 330 545; x_wconf 80' lang='grc' dir='ltr'><strong><em>σθέντα</em></strong></span> <span class='ocrx_word' id='word_1_17' title='bbox 343 473 399 542; x_wconf 80' lang='grc' dir='ltr'><strong><em>καλ</em></strong></span> <span class='ocrx_word' id='word_1_18' title='bbox 413 477 461 552; x_wconf 88' lang='grc' dir='ltr'><strong><em>είς</em></strong></span> <span class='ocrx_word' id='word_1_19' title='bbox 475 475 575 561; x_wconf 80' lang='grc' dir='ltr'><strong><em>ἔργον</em></strong></span> <span class='ocrx_word' id='word_1_20' title='bbox 587 465 727 557; x_wconf 83' lang='grc' dir='ltr'><strong><em>ήγαγον,</em></strong></span> <span class='ocrx_word' id='word_1_21' title='bbox 745 465 819 537; x_wconf 89' lang='grc' dir='ltr'><strong><em>ἀλλ’</em></strong></span> <span class='ocrx_word' id='word_1_22' title='bbox 841 471 1034 558; x_wconf 76' lang='grc' dir='ltr'><strong><em>ἐμέλλησαν.</em></strong></span> <span class='ocrx_word' id='word_1_23' title='bbox 1062 467 1172 544; x_wconf 88' lang='grc' dir='ltr'><strong><em>Ἀννί-</em></strong></span> 
     </span>
     <span class='ocr_line' id='line_1_5' title="bbox 201 568 1169 665; baseline -0.002 -19"><span class='ocrx_word' id='word_1_24' title='bbox 201 583 263 664; x_wconf 88' lang='grc' dir='ltr'><strong><em>βας</em></strong></span> <span class='ocrx_word' id='word_1_25' title='bbox 288 569 322 645; x_wconf 77' lang='grc' dir='ltr'><strong><em>δ’</em></strong></span> <span class='ocrx_word' id='word_1_26' title='bbox 350 577 387 644; x_wconf 88' lang='grc' dir='ltr'><strong><em>έν</em></strong></span> <span class='ocrx_word' id='word_1_27' title='bbox 410 569 520 665; x_wconf 74' lang='grc' dir='ltr'><strong><em>τούτῳ</em></strong></span> <span class='ocrx_word' id='word_1_28' title='bbox 546 577 593 652; x_wconf 85' lang='grc' dir='ltr'><strong><em>είς</em></strong></span> <span class='ocrx_word' id='word_1_29' title='bbox 623 568 685 658; x_wconf 87' lang='grc' dir='ltr'><strong><em>τήν</em></strong></span> <span class='ocrx_word' id='word_1_30' title='bbox 711 576 917 659; x_wconf 75' lang='grc' dir='ltr'><strong><em>Καμπανίαν</em></strong></span> <span class='ocrx_word' id='word_1_31' title='bbox 938 570 1169 664; x_wconf 77' lang='grc' dir='ltr'><strong><em>προυχώρησε,</em></strong></span> 
     </span>
     <span class='ocr_line' id='line_1_6' title="bbox 201 666 1198 765; baseline -0.001 -19"><span class='ocrx_word' id='word_1_32' title='bbox 201 677 258 747; x_wconf 82' lang='grc' dir='ltr'><strong><em>καὶ</em></strong></span> <span class='ocrx_word' id='word_1_33' title='bbox 274 669 423 764; x_wconf 89' lang='grc' dir='ltr'><strong><em>πόλισμά</em></strong></span> <span class='ocrx_word' id='word_1_34' title='bbox 445 701 476 744; x_wconf 90' lang='grc' dir='ltr'><strong><em>τι</em></strong></span> <span class='ocrx_word' id='word_1_35' title='bbox 501 666 569 742; x_wconf 79' lang='grc' dir='ltr'><strong><em>εἷλε</em></strong></span> <span class='ocrx_word' id='word_1_36' title='bbox 586 669 804 759; x_wconf 86' lang='grc' dir='ltr'><strong><em>Σαννιτικόν,</em></strong></span> <span class='ocrx_word' id='word_1_37' title='bbox 827 673 886 742; x_wconf 82' lang='grc' dir='ltr'><strong><em>καὶ</em></strong></span> <span class='ocrx_word' id='word_1_38' title='bbox 910 672 965 741; x_wconf 83' lang='grc' dir='ltr'><strong><em>έπλ</em></strong></span> <span class='ocrx_word' id='word_1_39' title='bbox 983 675 1079 746; x_wconf 89' lang='grc' dir='ltr'><strong><em>Νέαν</em></strong></span> <span class='ocrx_word' id='word_1_40' title='bbox 1103 671 1198 765; x_wconf 62' lang='grc' dir='ltr'><strong><em>πάρ-5</em></strong></span> 
     </span>
     <span class='ocr_line' id='line_1_7' title="bbox 201 768 1169 868; baseline -0.002 -20"><span class='ocrx_word' id='word_1_41' title='bbox 201 797 286 868; x_wconf 85' lang='grc' dir='ltr'><strong><em>μησε</em></strong></span> <span class='ocrx_word' id='word_1_42' title='bbox 299 773 418 864; x_wconf 78' lang='grc' dir='ltr'><strong><em>πόλιν,</em></strong></span> <span class='ocrx_word' id='word_1_43' title='bbox 435 775 633 864; x_wconf 76' lang='grc' dir='ltr'><strong><em>προπέμψας</em></strong></span> <span class='ocrx_word' id='word_1_44' title='bbox 645 769 727 862; x_wconf 85' lang='grc' dir='ltr'><strong><em>μετά</em></strong></span> <span class='ocrx_word' id='word_1_45' title='bbox 740 775 799 860; x_wconf 83' lang='grc' dir='ltr'><strong><em>τής</em></strong></span> <span class='ocrx_word' id='word_1_46' title='bbox 815 779 908 854; x_wconf 87' lang='grc' dir='ltr'><strong><em>λείας</em></strong></span> <span class='ocrx_word' id='word_1_47' title='bbox 922 768 1055 862; x_wconf 76' lang='grc' dir='ltr'><strong><em>ὀλίγους</em></strong></span> <span class='ocrx_word' id='word_1_48' title='bbox 1067 773 1169 857; x_wconf 87' lang='grc' dir='ltr'><strong><em>τινάς.</em></strong></span> 
     </span>
     <span class='ocr_line' id='line_1_8' title="bbox 171 871 1171 968; baseline 0.004 -24"><span class='ocrx_word' id='word_1_49' title='bbox 171 877 285 967; x_wconf 77' lang='grc' dir='ltr'><strong><em>σπρὸς</em></strong></span> <span class='ocrx_word' id='word_1_50' title='bbox 309 873 371 958; x_wconf 80' lang='grc' dir='ltr'><strong><em>ούς</em></strong></span> <span class='ocrx_word' id='word_1_51' title='bbox 396 871 440 960; x_wconf 69' lang='grc' dir='ltr'><strong><em>αἱς</em></strong></span> <span class='ocrx_word' id='word_1_52' title='bbox 462 873 587 965; x_wconf 88' lang='grc' dir='ltr'><strong><em>μόνους</em></strong></span> <span class='ocrx_word' id='word_1_53' title='bbox 609 871 708 956; x_wconf 81' lang='grc' dir='ltr'><strong><em>ὄντας</em></strong></span> <span class='ocrx_word' id='word_1_54' title='bbox 731 877 799 944; x_wconf 70' lang='grc' dir='ltr'><strong><em>ταῖν</em></strong></span> <span class='ocrx_word' id='word_1_55' title='bbox 819 880 878 963; x_wconf 81' lang='grc' dir='ltr'><strong><em>τῆς</em></strong></span> <span class='ocrx_word' id='word_1_56' title='bbox 903 872 1029 958; x_wconf 79' lang='grc' dir='ltr'><strong><em>πόλεως</em></strong></span> <span class='ocrx_word' id='word_1_57' title='bbox 1054 881 1171 968; x_wconf 79' lang='grc' dir='ltr'><strong><em>ἐκδρα-</em></strong></span> 
     </span>
     <span class='ocr_line' id='line_1_9' title="bbox 202 971 1170 1070; baseline -0.001 -19"><span class='ocrx_word' id='word_1_58' title='bbox 202 979 336 1070; x_wconf 83' lang='grc' dir='ltr'><strong><em>μόντων</em></strong></span> <span class='ocrx_word' id='word_1_59' title='bbox 360 975 513 1068; x_wconf 78' lang='grc' dir='ltr'><strong><em>ἐπεφάνη</em></strong></span> <span class='ocrx_word' id='word_1_60' title='bbox 536 971 636 1058; x_wconf 80' lang='grc' dir='ltr'><strong><em>αὐτὸς</em></strong></span> <span class='ocrx_word' id='word_1_61' title='bbox 660 971 910 1065; x_wconf 76' lang='grc' dir='ltr'><strong><em>ἀπροσδόκητος</em></strong></span> <span class='ocrx_word' id='word_1_62' title='bbox 939 979 996 1046; x_wconf 81' lang='grc' dir='ltr'><strong><em>καὶ</em></strong></span> <span class='ocrx_word' id='word_1_63' title='bbox 1026 978 1170 1069; x_wconf 80' lang='grc' dir='ltr'><strong><em>συχνοὺς</em></strong></span> 
     </span>
     <span class='ocr_line' id='line_1_10' title="bbox 201 1071 1170 1170; baseline -0.001 -19"><span class='ocrx_word' id='word_1_64' title='bbox 201 1080 391 1170; x_wconf 86' lang='grc' dir='ltr'><strong><em>ἀπέκτεινε,</em></strong></span> <span class='ocrx_word' id='word_1_65' title='bbox 415 1077 478 1168; x_wconf 85' lang='grc' dir='ltr'><strong><em>τήν</em></strong></span> <span class='ocrx_word' id='word_1_66' title='bbox 502 1079 539 1148; x_wconf 71' lang='grc' dir='ltr'><strong><em>δέ</em></strong></span> <span class='ocrx_word' id='word_1_67' title='bbox 562 1075 661 1148; x_wconf 87' lang='grc' dir='ltr'><strong><em>πόλιν</em></strong></span> <span class='ocrx_word' id='word_1_68' title='bbox 682 1072 744 1167; x_wconf 79' lang='grc' dir='ltr'><strong><em>οὐχ</em></strong></span> <span class='ocrx_word' id='word_1_69' title='bbox 769 1071 876 1165; x_wconf 82' lang='grc' dir='ltr'><strong><em>είλεν,</em></strong></span> <span class='ocrx_word' id='word_1_70' title='bbox 907 1073 979 1148; x_wconf 83' lang='grc' dir='ltr'><strong><em>οὔτ’</em></strong></span> <span class='ocrx_word' id='word_1_71' title='bbox 1006 1081 1061 1150; x_wconf 83' lang='grc' dir='ltr'><strong><em>έπὶ</em></strong></span> <span class='ocrx_word' id='word_1_72' title='bbox 1084 1080 1170 1150; x_wconf 83' lang='grc' dir='ltr'><strong><em>πολύ</em></strong></span> 
     </span>
     <span class='ocr_line' id='line_1_11' title="bbox 201 1174 1211 1274; baseline 0 -20"><span class='ocrx_word' id='word_1_73' title='bbox 201 1181 306 1274; x_wconf 79' lang='grc' dir='ltr'><strong><em>ταύτῃ</em></strong></span> <span class='ocrx_word' id='word_1_74' title='bbox 322 1179 587 1273; x_wconf 80' lang='grc' dir='ltr'><strong><em>προσήδρευσευ.</em></strong></span> <span class='ocrx_word' id='word_1_75' title='bbox 619 1183 654 1249; x_wconf 91' lang='grc' dir='ltr'><strong><em>οί</em></strong></span> <span class='ocrx_word' id='word_1_76' title='bbox 667 1175 732 1269; x_wconf 84' lang='grc' dir='ltr'><strong><em>γάρ</em></strong></span> <span class='ocrx_word' id='word_1_77' title='bbox 754 1174 818 1267; x_wconf 89' lang='grc' dir='ltr'><strong><em>τήν</em></strong></span> <span class='ocrx_word' id='word_1_78' title='bbox 836 1177 981 1268; x_wconf 78' lang='grc' dir='ltr'><strong><em>Καπύην</em></strong></span> <span class='ocrx_word' id='word_1_79' title='bbox 1000 1184 1170 1263; x_wconf 76' lang='grc' dir='ltr'><strong><em>οἰκοῦντες</em></strong></span> <span class='ocrx_word' id='word_1_80' title='bbox 1186 1215 1211 1254; x_wconf 81' lang='grc' dir='ltr'><strong><em>ιο</em></strong></span> 
     </span>
     <span class='ocr_line' id='line_1_12' title="bbox 201 1274 1174 1375; baseline -0.002 -19"><span class='ocrx_word' id='word_1_81' title='bbox 201 1285 382 1375; x_wconf 86' lang='grc' dir='ltr'><strong><em>Καμπανοὶ</em></strong></span> <span class='ocrx_word' id='word_1_82' title='bbox 405 1287 441 1354; x_wconf 80' lang='grc' dir='ltr'><strong><em>οἱ</em></strong></span> <span class='ocrx_word' id='word_1_83' title='bbox 460 1281 522 1370; x_wconf 73' lang='grc' dir='ltr'><strong><em>μὲν</em></strong></span> <span class='ocrx_word' id='word_1_84' title='bbox 546 1284 586 1372; x_wconf 77' lang='grc' dir='ltr'><strong><em>τῇ</em></strong></span> <span class='ocrx_word' id='word_1_85' title='bbox 604 1274 774 1369; x_wconf 82' lang='grc' dir='ltr'><strong><em>Ῥωμαίων</em></strong></span> <span class='ocrx_word' id='word_1_86' title='bbox 797 1287 895 1373; x_wconf 80' lang='grc' dir='ltr'><strong><em>φιλίᾳ</em></strong></span> <span class='ocrx_word' id='word_1_87' title='bbox 919 1282 1108 1372; x_wconf 79' lang='grc' dir='ltr'><strong><em>ἐνέμειναν,</em></strong></span> <span class='ocrx_word' id='word_1_88' title='bbox 1138 1287 1174 1354; x_wconf 80' lang='grc' dir='ltr'><strong><em>οἱ</em></strong></span> 
     </span>
     <span class='ocr_line' id='line_1_13' title="bbox 203 1379 1171 1477; baseline -0.001 -21"><span class='ocrx_word' id='word_1_89' title='bbox 203 1387 240 1456; x_wconf 76' lang='grc' dir='ltr'><strong><em>δέ</em></strong></span> <span class='ocrx_word' id='word_1_90' title='bbox 269 1384 352 1477; x_wconf 88' lang='grc' dir='ltr'><strong><em>πρὸς</em></strong></span> <span class='ocrx_word' id='word_1_91' title='bbox 375 1381 434 1455; x_wconf 85' lang='grc' dir='ltr'><strong><em>τόν</em></strong></span> <span class='ocrx_word' id='word_1_92' title='bbox 452 1379 613 1470; x_wconf 87' lang='grc' dir='ltr'><strong><em>Ἀννίβαν</em></strong></span> <span class='ocrx_word' id='word_1_93' title='bbox 638 1379 831 1452; x_wconf 89' lang='grc' dir='ltr'><strong><em>ἀπέκλιναν.</em></strong></span> <span class='ocrx_word' id='word_1_94' title='bbox 881 1384 954 1454; x_wconf 79' lang='grc' dir='ltr'><strong><em>έπελ</em></strong></span> <span class='ocrx_word' id='word_1_95' title='bbox 978 1381 1008 1453; x_wconf 74' lang='grc' dir='ltr'><strong><em>θ’</em></strong></span> <span class='ocrx_word' id='word_1_96' title='bbox 1036 1387 1072 1454; x_wconf 81' lang='grc' dir='ltr'><strong><em>ἐν</em></strong></span> <span class='ocrx_word' id='word_1_97' title='bbox 1097 1400 1171 1466; x_wconf 77' lang='grc' dir='ltr'><strong><em>ταῖς</em></strong></span> 
     </span>
     <span class='ocr_line' id='line_1_14' title="bbox 112 1479 1171 1574; baseline -0.002 -15"><span class='ocrx_word' id='word_1_98' title='bbox 112 1503 115 1510; x_wconf 87' lang='grc'><strong>’</strong></span> <span class='ocrx_word' id='word_1_99' title='bbox 201 1485 353 1573; x_wconf 77' lang='grc' dir='ltr'><strong><em>Κάνναις</em></strong></span> <span class='ocrx_word' id='word_1_100' title='bbox 372 1481 554 1574; x_wconf 79' lang='grc' dir='ltr'><strong><em>εὐτύχησε,</em></strong></span> <span class='ocrx_word' id='word_1_101' title='bbox 579 1490 639 1553; x_wconf 87' lang='grc' dir='ltr'><strong><em>καί</em></strong></span> <span class='ocrx_word' id='word_1_102' title='bbox 659 1509 746 1563; x_wconf 85' lang='grc' dir='ltr'><strong><em>τινες</em></strong></span> <span class='ocrx_word' id='word_1_103' title='bbox 763 1479 885 1574; x_wconf 76' lang='grc' dir='ltr'><strong><em>ἄνδρες</em></strong></span> <span class='ocrx_word' id='word_1_104' title='bbox 903 1481 1016 1555; x_wconf 75' lang='grc' dir='ltr'><strong><em>αὐτῶν</em></strong></span> <span class='ocrx_word' id='word_1_105' title='bbox 1033 1483 1171 1568; x_wconf 78' lang='grc' dir='ltr'><strong><em>ἁλόντες</em></strong></span> 
     </span>
     <span class='ocr_line' id='line_1_15' title="bbox 200 1580 1172 1678; baseline 0 -19"><span class='ocrx_word' id='word_1_106' title='bbox 200 1584 413 1677; x_wconf 83' lang='grc' dir='ltr'><strong><em>ἀφείθησαν,</em></strong></span> <span class='ocrx_word' id='word_1_107' title='bbox 431 1584 469 1656; x_wconf 91' lang='grc' dir='ltr'><strong><em>τὸ</em></strong></span> <span class='ocrx_word' id='word_1_108' title='bbox 485 1585 549 1674; x_wconf 74' lang='grc' dir='ltr'><strong><em>μὲν</em></strong></span> <span class='ocrx_word' id='word_1_109' title='bbox 571 1587 701 1674; x_wconf 74' lang='grc' dir='ltr'><strong><em>πλῆθος</em></strong></span> <span class='ocrx_word' id='word_1_110' title='bbox 719 1580 854 1676; x_wconf 73' lang='grc' dir='ltr'><strong><em>ὥρμησε</em></strong></span> <span class='ocrx_word' id='word_1_111' title='bbox 869 1589 1071 1676; x_wconf 80' lang='grc' dir='ltr'><strong><em>μεταστῆναι</em></strong></span> <span class='ocrx_word' id='word_1_112' title='bbox 1089 1585 1172 1678; x_wconf 85' lang='grc' dir='ltr'><strong><em>πρός</em></strong></span> 
     </span>
     <span class='ocr_line' id='line_1_16' title="bbox 69 1684 1213 1779; baseline 0 -19"><span class='ocrx_word' id='word_1_113' title='bbox 69 1709 80 1726; x_wconf 78' lang='grc'><em>“</em></span> <span class='ocrx_word' id='word_1_114' title='bbox 201 1688 261 1760; x_wconf 85' lang='grc' dir='ltr'><strong><em>τὸν</em></strong></span> <span class='ocrx_word' id='word_1_115' title='bbox 275 1685 450 1776; x_wconf 85' lang='grc' dir='ltr'><strong><em>Ἀννίβαν,</em></strong></span> <span class='ocrx_word' id='word_1_116' title='bbox 469 1689 504 1756; x_wconf 79' lang='grc' dir='ltr'><strong><em>ολ</em></strong></span> <span class='ocrx_word' id='word_1_117' title='bbox 519 1686 556 1756; x_wconf 75' lang='grc' dir='ltr'><strong><em>δὲ</em></strong></span> <span class='ocrx_word' id='word_1_118' title='bbox 569 1687 708 1757; x_wconf 74' lang='grc' dir='ltr'><strong><em>δυνατοὶ</em></strong></span> <span class='ocrx_word' id='word_1_119' title='bbox 721 1684 844 1776; x_wconf 89' lang='grc' dir='ltr'><strong><em>χρόνον</em></strong></span> <span class='ocrx_word' id='word_1_120' title='bbox 855 1689 918 1777; x_wconf 86' lang='grc' dir='ltr'><strong><em>μέν</em></strong></span> <span class='ocrx_word' id='word_1_121' title='bbox 930 1715 1006 1758; x_wconf 88' lang='grc' dir='ltr'><strong><em>τινα</em></strong></span> <span class='ocrx_word' id='word_1_122' title='bbox 1020 1691 1171 1779; x_wconf 78' lang='grc' dir='ltr'><strong><em>ἐπέσχον,</em></strong></span> <span class='ocrx_word' id='word_1_123' title='bbox 1186 1721 1213 1760; x_wconf 80' lang='grc' dir='ltr'><strong><em>ιε</em></strong></span> 
     </span>
     <span class='ocr_line' id='line_1_17' title="bbox 203 1784 1172 1879; baseline 0.001 -19"><span class='ocrx_word' id='word_1_124' title='bbox 203 1785 264 1860; x_wconf 77' lang='grc' dir='ltr'><strong><em>εἶτ’</em></strong></span> <span class='ocrx_word' id='word_1_125' title='bbox 285 1787 337 1860; x_wconf 78' lang='grc' dir='ltr'><strong><em>ἐπ’</em></strong></span> <span class='ocrx_word' id='word_1_126' title='bbox 358 1784 481 1878; x_wconf 79' lang='grc' dir='ltr'><strong><em>αὐτούς</em></strong></span> <span class='ocrx_word' id='word_1_127' title='bbox 499 1785 535 1858; x_wconf 84' lang='grc' dir='ltr'><strong><em>τό</em></strong></span> <span class='ocrx_word' id='word_1_128' title='bbox 554 1793 685 1876; x_wconf 85' lang='grc' dir='ltr'><strong><em>πλῆθος</em></strong></span> <span class='ocrx_word' id='word_1_129' title='bbox 709 1785 862 1878; x_wconf 87' lang='grc' dir='ltr'><strong><em>ὁρμήσαν</em></strong></span> <span class='ocrx_word' id='word_1_130' title='bbox 887 1795 1115 1879; x_wconf 83' lang='grc' dir='ltr'><strong><em>συνηγμένους</em></strong></span> <span class='ocrx_word' id='word_1_131' title='bbox 1134 1794 1172 1861; x_wconf 81' lang='grc' dir='ltr'><strong><em>ἐν</em></strong></span> 
     </span>
     <span class='ocr_line' id='line_1_18' title="bbox 168 1884 1277 2000; baseline 0.003 -41"><span class='ocrx_word' id='word_1_132' title='bbox 168 1893 253 1986; x_wconf 72' lang='grc' dir='ltr'><strong><em>Βτρὶ</em></strong></span> <span class='ocrx_word' id='word_1_133' title='bbox 269 1897 498 1984; x_wconf 78' lang='grc' dir='ltr'><strong><em>βουλευτηρίῳ</em></strong></span> <span class='ocrx_word' id='word_1_134' title='bbox 516 1886 644 1970; x_wconf 79' lang='grc' dir='ltr'><strong><em>πάντας</em></strong></span> <span class='ocrx_word' id='word_1_135' title='bbox 666 1884 709 1958; x_wconf 85' lang='grc' dir='ltr'><strong><em>ἀν</em></strong></span> <span class='ocrx_word' id='word_1_136' title='bbox 732 1887 973 1980; x_wconf 87' lang='grc' dir='ltr'><strong><em>κατεχρήσατο,</em></strong></span> <span class='ocrx_word' id='word_1_137' title='bbox 1000 1897 1030 1962; x_wconf 86' lang='grc' dir='ltr'><strong><em>εί</em></strong></span> <span class='ocrx_word' id='word_1_138' title='bbox 1052 1889 1098 1981; x_wconf 91' lang='grc' dir='ltr'><strong><em>μή</em></strong></span> <span class='ocrx_word' id='word_1_139' title='bbox 1120 1921 1172 1976; x_wconf 87' lang='grc' dir='ltr'><strong><em>τις</em></strong></span> <span class='ocrx_word' id='word_1_140' title='bbox 1276 1971 1277 2000; x_wconf 24' lang='grc'>1</span> 
     </span>
     <span class='ocr_line' id='line_1_19' title="bbox 64 1987 1276 2083; baseline 0 -19"><span class='ocrx_word' id='word_1_141' title='bbox 64 1991 69 2006; x_wconf 81' lang='lat'><em>&#39;</em></span> <span class='ocrx_word' id='word_1_142' title='bbox 204 1996 241 2064; x_wconf 80' lang='grc' dir='ltr'><strong><em>ἐκ</em></strong></span> <span class='ocrx_word' id='word_1_143' title='bbox 257 1997 316 2064; x_wconf 81' lang='grc' dir='ltr'><strong><em>τοῦ</em></strong></span> <span class='ocrx_word' id='word_1_144' title='bbox 335 1990 488 2083; x_wconf 82' lang='grc' dir='ltr'><strong><em>πλήθους</em></strong></span> <span class='ocrx_word' id='word_1_145' title='bbox 505 1989 542 2060; x_wconf 88' lang='grc' dir='ltr'><strong><em>τὸ</em></strong></span> <span class='ocrx_word' id='word_1_146' title='bbox 559 1990 703 2079; x_wconf 85' lang='grc' dir='ltr'><strong><em>μέγεθος</em></strong></span> <span class='ocrx_word' id='word_1_147' title='bbox 726 1987 879 2061; x_wconf 71' lang='grc' dir='ltr'><strong><em>συνιδών</em></strong></span> <span class='ocrx_word' id='word_1_148' title='bbox 901 1997 962 2064; x_wconf 85' lang='grc' dir='ltr'><strong><em>τοῦ</em></strong></span> <span class='ocrx_word' id='word_1_149' title='bbox 987 1996 1095 2064; x_wconf 77' lang='grc' dir='ltr'><strong><em>κακοῦ</em></strong></span> <span class='ocrx_word' id='word_1_150' title='bbox 1111 2021 1174 2064; x_wconf 83' lang='grc' dir='ltr'><strong><em>κα-</em></strong></span> <span class='ocrx_word' id='word_1_151' title='bbox 1275 2005 1276 2040; x_wconf 61' lang='lat'>¹</span> 
     </span>
     <span class='ocr_line' id='line_1_20' title="bbox 202 2085 1174 2186; baseline -0.001 -19"><span class='ocrx_word' id='word_1_152' title='bbox 202 2092 368 2186; x_wconf 87' lang='grc' dir='ltr'><strong><em>τηγόρησε</em></strong></span> <span class='ocrx_word' id='word_1_153' title='bbox 386 2095 449 2184; x_wconf 76' lang='grc' dir='ltr'><strong><em>μὲν</em></strong></span> <span class='ocrx_word' id='word_1_154' title='bbox 466 2097 536 2163; x_wconf 76' lang='grc' dir='ltr'><strong><em>τῶν</em></strong></span> <span class='ocrx_word' id='word_1_155' title='bbox 552 2093 747 2180; x_wconf 79' lang='grc' dir='ltr'><strong><em>βουλευτάν</em></strong></span> <span class='ocrx_word' id='word_1_156' title='bbox 771 2085 816 2173; x_wconf 77' lang='grc' dir='ltr'><strong><em>τός</em></strong></span> <span class='ocrx_word' id='word_1_157' title='bbox 841 2090 973 2175; x_wconf 79' lang='grc' dir='ltr'><strong><em>πάντας</em></strong></span> <span class='ocrx_word' id='word_1_158' title='bbox 996 2097 1174 2184; x_wconf 79' lang='grc' dir='ltr'><strong><em>φθαρῆναι</em></strong></span> 
     </span>
     <span class='ocr_line' id='line_1_21' title="bbox 135 2189 1215 2287; baseline 0.002 -21"><span class='ocrx_word' id='word_1_159' title='bbox 135 2239 138 2246; x_wconf 86' lang='lat'>.</span> <span class='ocrx_word' id='word_1_160' title='bbox 201 2193 324 2287; x_wconf 82' lang='grc' dir='ltr'><strong><em>ἀξίων,</em></strong></span> <span class='ocrx_word' id='word_1_161' title='bbox 349 2203 414 2286; x_wconf 82' lang='grc' dir='ltr'><strong><em>ἔφη</em></strong></span> <span class='ocrx_word' id='word_1_162' title='bbox 433 2195 470 2266; x_wconf 74' lang='grc' dir='ltr'><strong><em>δὲ</em></strong></span> <span class='ocrx_word' id='word_1_163' title='bbox 488 2191 651 2284; x_wconf 89' lang='grc' dir='ltr'><strong><em>πρότερον</em></strong></span> <span class='ocrx_word' id='word_1_164' title='bbox 667 2189 790 2274; x_wconf 80' lang='grc' dir='ltr'><strong><em>ἀλλους</em></strong></span> <span class='ocrx_word' id='word_1_165' title='bbox 808 2189 884 2266; x_wconf 82' lang='grc' dir='ltr'><strong><em>ἀντ’</em></strong></span> <span class='ocrx_word' id='word_1_166' title='bbox 904 2198 1044 2266; x_wconf 80' lang='grc' dir='ltr'><strong><em>ἐκείνων</em></strong></span> <span class='ocrx_word' id='word_1_167' title='bbox 1068 2192 1174 2268; x_wconf 84' lang='grc' dir='ltr'><strong><em>άυθε·</em></strong></span> <span class='ocrx_word' id='word_1_168' title='bbox 1188 2228 1215 2268; x_wconf 77' lang='grc' dir='ltr'><strong><em>νο</em></strong></span> 
     </span>
     <span class='ocr_line' id='line_1_22' title="bbox 203 2291 1174 2388; baseline -0.001 -19"><span class='ocrx_word' id='word_1_169' title='bbox 203 2300 324 2369; x_wconf 83' lang='grc' dir='ltr'><strong><em>λέσθαι</em></strong></span> <span class='ocrx_word' id='word_1_170' title='bbox 341 2292 539 2386; x_wconf 84' lang='grc' dir='ltr'><strong><em>προσήκειν·</em></strong></span> <span class='ocrx_word' id='word_1_171' title='bbox 566 2291 628 2384; x_wconf 84' lang='grc' dir='ltr'><strong><em>τήν</em></strong></span> <span class='ocrx_word' id='word_1_172' title='bbox 650 2293 715 2384; x_wconf 85' lang='grc' dir='ltr'><strong><em>γάρ</em></strong></span> <span class='ocrx_word' id='word_1_173' title='bbox 738 2293 837 2366; x_wconf 89' lang='grc' dir='ltr'><strong><em>πόλιν</em></strong></span> <span class='ocrx_word' id='word_1_174' title='bbox 863 2293 909 2385; x_wconf 88' lang='grc' dir='ltr'><strong><em>μή</em></strong></span> <span class='ocrx_word' id='word_1_175' title='bbox 933 2295 1103 2368; x_wconf 76' lang='grc' dir='ltr'><strong><em>δύνασθαι</em></strong></span> <span class='ocrx_word' id='word_1_176' title='bbox 1125 2297 1174 2388; x_wconf 85' lang='grc' dir='ltr'><strong><em>μὴ</em></strong></span> 
     </span>
     <span class='ocr_line' id='line_1_23' title="bbox 202 2393 1272 2487; baseline 0.001 -18"><span class='ocrx_word' id='word_1_177' title='bbox 202 2395 503 2487; x_wconf 79' lang='grc' dir='ltr'><strong><em>προβουλευόντεον</em></strong></span> <span class='ocrx_word' id='word_1_178' title='bbox 536 2399 640 2467; x_wconf 78' lang='grc' dir='ltr'><strong><em>τινῶν</em></strong></span> <span class='ocrx_word' id='word_1_179' title='bbox 655 2451 659 2456; x_wconf 89' lang='grc'><strong>-</strong></span> <span class='ocrx_word' id='word_1_180' title='bbox 675 2393 848 2480; x_wconf 70' lang='grc' dir='ltr'><strong><em>σώζεσθαι.</em></strong></span> <span class='ocrx_word' id='word_1_181' title='bbox 893 2401 1104 2470; x_wconf 84' lang='grc' dir='ltr'><strong><em>πεισθέντων</em></strong></span> <span class='ocrx_word' id='word_1_182' title='bbox 1134 2402 1175 2470; x_wconf 76' lang='grc' dir='ltr'><strong><em>δὲ</em></strong></span> <span class='ocrx_word' id='word_1_183' title='bbox 1271 2459 1272 2462; x_wconf 18' lang='lat'>¹</span> 
     </span>
     <span class='ocr_line' id='line_1_24' title="bbox 202 2495 1271 2590; baseline 0.006 -22"><span class='ocrx_word' id='word_1_184' title='bbox 202 2501 272 2570; x_wconf 71' lang='grc' dir='ltr'><strong><em>τοῖν</em></strong></span> <span class='ocrx_word' id='word_1_185' title='bbox 289 2501 327 2568; x_wconf 89' lang='grc' dir='ltr'><strong><em>έν</em></strong></span> <span class='ocrx_word' id='word_1_186' title='bbox 340 2501 381 2590; x_wconf 80' lang='grc' dir='ltr'><strong><em>τή</em></strong></span> <span class='ocrx_word' id='word_1_187' title='bbox 394 2495 518 2589; x_wconf 90' lang='grc' dir='ltr'><strong><em>Καπύη</em></strong></span> <span class='ocrx_word' id='word_1_188' title='bbox 539 2495 713 2586; x_wconf 81' lang='grc' dir='ltr'><strong><em>ἐκβάλλων</em></strong></span> <span class='ocrx_word' id='word_1_189' title='bbox 726 2500 786 2568; x_wconf 80' lang='grc' dir='ltr'><strong><em>ἕνα</em></strong></span> <span class='ocrx_word' id='word_1_190' title='bbox 800 2501 939 2570; x_wconf 82' lang='grc' dir='ltr'><strong><em>ἕκαστον</em></strong></span> <span class='ocrx_word' id='word_1_191' title='bbox 953 2503 990 2570; x_wconf 87' lang='grc' dir='ltr'><strong><em>έκ</em></strong></span> <span class='ocrx_word' id='word_1_192' title='bbox 1002 2504 1064 2570; x_wconf 82' lang='grc' dir='ltr'><strong><em>τού</em></strong></span> <span class='ocrx_word' id='word_1_193' title='bbox 1076 2524 1177 2574; x_wconf 85' lang='grc' dir='ltr'><strong><em>συνε·</em></strong></span> <span class='ocrx_word' id='word_1_194' title='bbox 1269 2519 1271 2563; x_wconf 75' lang='lat'>¹</span> 
     </span>
     <span class='ocr_line' id='line_1_25' title="bbox 99 2594 1175 2693; baseline 0.006 -25"><span class='ocrx_word' id='word_1_195' title='bbox 99 2605 312 2690; x_wconf 68' lang='grc' dir='ltr'><strong><em>νλῑῐειθρίου</em></strong></span> <span class='ocrx_word' id='word_1_196' title='bbox 329 2597 442 2691; x_wconf 84' lang='grc' dir='ltr'><strong><em>ήράτα</em></strong></span> <span class='ocrx_word' id='word_1_197' title='bbox 459 2598 497 2670; x_wconf 86' lang='grc' dir='ltr'><strong><em>τό</em></strong></span> <span class='ocrx_word' id='word_1_198' title='bbox 521 2603 652 2688; x_wconf 80' lang='grc' dir='ltr'><strong><em>πλῆθος</em></strong></span> <span class='ocrx_word' id='word_1_199' title='bbox 677 2594 793 2669; x_wconf 80' lang='grc' dir='ltr'><strong><em>ὅντινα</em></strong></span> <span class='ocrx_word' id='word_1_200' title='bbox 817 2595 922 2672; x_wconf 75' lang='grc' dir='ltr'><strong><em>αὐτοῦ</em></strong></span> <span class='ocrx_word' id='word_1_201' title='bbox 944 2597 1175 2693; x_wconf 81' lang='grc' dir='ltr'><strong><em>άνθαιρεῑται·</em></strong></span> 
     </span>
     <span class='ocr_line' id='line_1_26' title="bbox 202 2697 1217 2794; baseline 0.004 -22"><span class='ocrx_word' id='word_1_202' title='bbox 202 2702 258 2772; x_wconf 81' lang='grc' dir='ltr'><strong><em>καλ</em></strong></span> <span class='ocrx_word' id='word_1_203' title='bbox 275 2697 380 2791; x_wconf 82' lang='grc' dir='ltr'><strong><em>οὕτω,</em></strong></span> <span class='ocrx_word' id='word_1_204' title='bbox 402 2700 448 2792; x_wconf 87' lang='grc' dir='ltr'><strong><em>μή</em></strong></span> <span class='ocrx_word' id='word_1_205' title='bbox 467 2704 687 2791; x_wconf 80' lang='grc' dir='ltr'><strong><em>δυνηθέντων</em></strong></span> <span class='ocrx_word' id='word_1_206' title='bbox 704 2697 817 2772; x_wconf 72' lang='grc' dir='ltr'><strong><em>αὐτῶν</em></strong></span> <span class='ocrx_word' id='word_1_207' title='bbox 836 2703 969 2793; x_wconf 81' lang='grc' dir='ltr'><strong><em>ἑτέρους</em></strong></span> <span class='ocrx_word' id='word_1_208' title='bbox 988 2700 1034 2773; x_wconf 75' lang='grc' dir='ltr'><strong><em>δι’</em></strong></span> <span class='ocrx_word' id='word_1_209' title='bbox 1054 2699 1176 2794; x_wconf 87' lang='grc' dir='ltr'><strong><em>ὀλίγον</em></strong></span> <span class='ocrx_word' id='word_1_210' title='bbox 1190 2735 1217 2776; x_wconf 79' lang='grc' dir='ltr'><strong><em>νε</em></strong></span> 
     </span>
     <span class='ocr_line' id='line_1_27' title="bbox 202 2797 1173 2895; baseline 0.006 -23"><span class='ocrx_word' id='word_1_211' title='bbox 202 2799 427 2893; x_wconf 80' lang='grc' dir='ltr'><strong><em>ἀνθελέσθαι,</em></strong></span> <span class='ocrx_word' id='word_1_212' title='bbox 453 2801 579 2884; x_wconf 78' lang='grc' dir='ltr'><strong><em>πάντας</em></strong></span> <span class='ocrx_word' id='word_1_213' title='bbox 598 2805 747 2886; x_wconf 81' lang='grc' dir='ltr'><strong><em>ἐκείνους</em></strong></span> <span class='ocrx_word' id='word_1_214' title='bbox 766 2797 811 2884; x_wconf 80' lang='grc' dir='ltr'><strong><em>άς</em></strong></span> <span class='ocrx_word' id='word_1_215' title='bbox 828 2800 1032 2892; x_wconf 75' lang='grc' dir='ltr'><strong><em>ἀναγκαίους</em></strong></span> <span class='ocrx_word' id='word_1_216' title='bbox 1049 2801 1173 2895; x_wconf 86' lang='grc' dir='ltr'><strong><em>άφήκε.</em></strong></span> 
     </span>
     <span class='ocr_line' id='line_1_28' title="bbox 201 2899 1173 3001; baseline 0.003 -25"><span class='ocrx_word' id='word_1_217' title='bbox 201 2907 257 2978; x_wconf 80' lang='grc' dir='ltr'><strong><em>καὶ</em></strong></span> <span class='ocrx_word' id='word_1_218' title='bbox 276 2907 536 2995; x_wconf 85' lang='grc' dir='ltr'><strong><em>καταλλαγέντες</em></strong></span> <span class='ocrx_word' id='word_1_219' title='bbox 561 2899 715 2993; x_wconf 87' lang='grc' dir='ltr'><strong><em>ἀλλήλοις</em></strong></span> <span class='ocrx_word' id='word_1_220' title='bbox 739 2907 937 2976; x_wconf 83' lang='grc' dir='ltr'><strong><em>ἐσπείσαντο</em></strong></span> <span class='ocrx_word' id='word_1_221' title='bbox 960 2910 1006 3000; x_wconf 76' lang='grc' dir='ltr'><strong><em>τῷ</em></strong></span> <span class='ocrx_word' id='word_1_222' title='bbox 1020 2904 1173 3001; x_wconf 72' lang='grc' dir='ltr'><strong><em>Ἀννίβᾳ.</em></strong></span> 
     </span>
     <span class='ocr_line' id='line_1_29' title="bbox 201 2997 1176 3097; baseline 0.003 -19"><span class='ocrx_word' id='word_1_223' title='bbox 201 3009 257 3078; x_wconf 82' lang='grc' dir='ltr'><strong><em>καὶ</em></strong></span> <span class='ocrx_word' id='word_1_224' title='bbox 270 3003 307 3089; x_wconf 78' lang='grc' dir='ltr'><strong><em>ὂς</em></strong></span> <span class='ocrx_word' id='word_1_225' title='bbox 321 3007 375 3078; x_wconf 83' lang='grc' dir='ltr'><strong><em>θιά</em></strong></span> <span class='ocrx_word' id='word_1_226' title='bbox 390 3007 519 3096; x_wconf 81' lang='grc' dir='ltr'><strong><em>ταχέων</em></strong></span> <span class='ocrx_word' id='word_1_227' title='bbox 531 3003 724 3088; x_wconf 78' lang='grc' dir='ltr'><strong><em>ἀπαναστὰς</em></strong></span> <span class='ocrx_word' id='word_1_228' title='bbox 735 3007 771 3076; x_wconf 87' lang='grc' dir='ltr'><strong><em>έκ</em></strong></span> <span class='ocrx_word' id='word_1_229' title='bbox 783 3008 842 3095; x_wconf 85' lang='grc' dir='ltr'><strong><em>τής</em></strong></span> <span class='ocrx_word' id='word_1_230' title='bbox 850 3005 1055 3090; x_wconf 86' lang='grc' dir='ltr'><strong><em>Νεαπόλεως</em></strong></span> <span class='ocrx_word' id='word_1_231' title='bbox 1066 2997 1176 3097; x_wconf 82' lang='grc' dir='ltr'><strong><em>ἦλθεν</em></strong></span> 
     </span>
     <span class='ocr_line' id='line_1_30' title="bbox 202 3104 1253 3198; baseline 0.005 -22"><span class='ocrx_word' id='word_1_232' title='bbox 202 3114 250 3190; x_wconf 82' lang='grc' dir='ltr'><strong><em>είς</em></strong></span> <span class='ocrx_word' id='word_1_233' title='bbox 263 3105 325 3196; x_wconf 84' lang='grc' dir='ltr'><strong><em>τήν</em></strong></span> <span class='ocrx_word' id='word_1_234' title='bbox 338 3107 494 3198; x_wconf 88' lang='grc' dir='ltr'><strong><em>Καπύην,</em></strong></span> <span class='ocrx_word' id='word_1_235' title='bbox 508 3109 564 3178; x_wconf 83' lang='grc' dir='ltr'><strong><em>καλ</em></strong></span> <span class='ocrx_word' id='word_1_236' title='bbox 579 3107 772 3197; x_wconf 79' lang='grc' dir='ltr'><strong><em>διαλεχθεὶς</em></strong></span> <span class='ocrx_word' id='word_1_237' title='bbox 785 3105 901 3191; x_wconf 78' lang='grc' dir='ltr'><strong><em>αὐτοῖς</em></strong></span> <span class='ocrx_word' id='word_1_238' title='bbox 915 3104 999 3180; x_wconf 83' lang='grc' dir='ltr'><strong><em>ἀλλα</em></strong></span> <span class='ocrx_word' id='word_1_239' title='bbox 1012 3137 1047 3180; x_wconf 88' lang='grc' dir='ltr'><strong><em>τε</em></strong></span> <span class='ocrx_word' id='word_1_240' title='bbox 1064 3109 1176 3181; x_wconf 72' lang='grc' dir='ltr'><strong><em>πολλοὶ</em></strong></span> <span class='ocrx_word' id='word_1_241' title='bbox 1252 3195 1253 3198; x_wconf 9' lang='lat'>¹</span> 
     </span>
     <span class='ocr_line' id='line_1_31' title="bbox 101 3206 1215 3301; baseline 0.002 -21"><span class='ocrx_word' id='word_1_242' title='bbox 101 3228 196 3282; x_wconf 75' lang='lat' dir='ltr'>P1421</span> <span class='ocrx_word' id='word_1_243' title='bbox 205 3207 299 3279; x_wconf 79' lang='grc' dir='ltr'><strong><em>εἶπεν</em></strong></span> <span class='ocrx_word' id='word_1_244' title='bbox 317 3206 472 3300; x_wconf 85' lang='grc' dir='ltr'><strong><em>έπαγιογά</em></strong></span> <span class='ocrx_word' id='word_1_245' title='bbox 491 3211 547 3280; x_wconf 80' lang='grc' dir='ltr'><strong><em>καὶ</em></strong></span> <span class='ocrx_word' id='word_1_246' title='bbox 564 3207 626 3300; x_wconf 91' lang='grc' dir='ltr'><strong><em>τήν</em></strong></span> <span class='ocrx_word' id='word_1_247' title='bbox 642 3208 824 3299; x_wconf 83' lang='grc' dir='ltr'><strong><em>ἡγεμονίαν</em></strong></span> <span class='ocrx_word' id='word_1_248' title='bbox 844 3219 941 3301; x_wconf 83' lang='grc' dir='ltr'><strong><em>σφίσι</em></strong></span> <span class='ocrx_word' id='word_1_249' title='bbox 960 3217 1017 3300; x_wconf 88' lang='grc' dir='ltr'><strong><em>τής</em></strong></span> <span class='ocrx_word' id='word_1_250' title='bbox 1032 3209 1175 3296; x_wconf 86' lang='grc' dir='ltr'><strong><em>Ἰταλίας</em></strong></span> <span class='ocrx_word' id='word_1_251' title='bbox 1190 3242 1215 3282; x_wconf 76' lang='lat' dir='ltr'><strong><em>so</em></strong></span> 
     </span>
     <span class='ocr_line' id='line_1_32' title="bbox 204 3305 1253 3402; baseline 0.007 -25"><span class='ocrx_word' id='word_1_252' title='bbox 204 3306 326 3386; x_wconf 79' lang='grc' dir='ltr'><strong><em>δύσειν</em></strong></span> <span class='ocrx_word' id='word_1_253' title='bbox 354 3305 517 3401; x_wconf 78' lang='grc' dir='ltr'><strong><em>ὑπέσχετο</em></strong></span> <span class='ocrx_word' id='word_1_254' title='bbox 524 3363 534 3400; x_wconf 92' lang='grc'><strong><em>,</em></strong></span> <span class='ocrx_word' id='word_1_255' title='bbox 566 3309 614 3382; x_wconf 73' lang='grc' dir='ltr'><strong><em>ἵν’</em></strong></span> <span class='ocrx_word' id='word_1_256' title='bbox 641 3314 678 3382; x_wconf 87' lang='grc' dir='ltr'><strong><em>ίν</em></strong></span> <span class='ocrx_word' id='word_1_257' title='bbox 708 3306 819 3382; x_wconf 85' lang='grc' dir='ltr'><strong><em>έλπίσι</em></strong></span> <span class='ocrx_word' id='word_1_258' title='bbox 849 3310 1023 3402; x_wconf 85' lang='grc' dir='ltr'><strong><em>γενόμενοι</em></strong></span> <span class='ocrx_word' id='word_1_259' title='bbox 1047 3311 1092 3396; x_wconf 81' lang='grc' dir='ltr'><strong><em>ὦς</em></strong></span> <span class='ocrx_word' id='word_1_260' title='bbox 1115 3318 1174 3386; x_wconf 81' lang='grc' dir='ltr'><strong><em>καὶ</em></strong></span> <span class='ocrx_word' id='word_1_261' title='bbox 1252 3325 1253 3328; x_wconf 71' lang='grc'>’</span> 
     </span>
    </p>
   </div>
   <div class='ocr_carea' id='block_1_3' title="bbox 205 3411 1082 3507">
    <p class='ocr_par' dir='ltr' id='par_1_3' title="bbox 205 3411 1082 3507">
     <span class='ocr_line' id='line_1_33' title="bbox 205 3411 1082 3507; baseline 0.009 -29"><span class='ocrx_word' id='word_1_262' title='bbox 205 3411 332 3494; x_wconf 77' lang='grc' dir='ltr'><strong><em>ἑαυτοῖς</em></strong></span> <span class='ocrx_word' id='word_1_263' title='bbox 349 3411 552 3503; x_wconf 89' lang='grc' dir='ltr'><strong><em>πονήσοντες</em></strong></span> <span class='ocrx_word' id='word_1_264' title='bbox 569 3411 825 3507; x_wconf 85' lang='grc' dir='ltr'><strong><em>προθυμότερον</em></strong></span> <span class='ocrx_word' id='word_1_265' title='bbox 842 3411 1082 3505; x_wconf 80' lang='grc' dir='ltr'><strong><em>ἀγωνίσωνται.</em></strong></span> 
     </span>
    </p>
   </div>
   <div class='ocr_carea' id='block_1_4' title="bbox 0 0 1288 3812">
    <p class='ocr_par' dir='ltr' id='par_1_4' title="bbox 0 0 1288 3812">
     <span class='ocr_line' id='line_1_34' title="bbox 0 0 1288 3812; baseline 0 0"><span class='ocrx_word' id='word_1_266' title='bbox 0 0 1288 3812; x_wconf 95' lang='lat' dir='ltr'><strong><em> </em></strong></span> 
     </span>
    </p>
   </div>
  </div>
 </body>
</html>
