2538 3824
160 219 180 284 ς
501 215 785 272 Μηωω

159 355 218 431 ὑπ’
244 355 349 430 αῦτὸν
372 357 614 450 προσεφέρετο,
643 357 699 426 καὶ
725 357 810 447 μέγα
834 353 1040 446 δυνάμενος,
1071 353 1131 426 ἅτε

124 483 150 534 D
162 472 313 552 Καίσαρ,
339 463 371 544 ἐξ
391 472 467 537 ίσου
483 453 826 541 τοίςᾶσθευεστάτοις
845 455 1047 548 ἐσωφρόνει,
1075 461 1132 528 καὶ

161 561 239 634 οῦτε
256 591 288 633 τι
305 559 388 654 πρὸς
405 559 465 632 τὸν
482 563 640 649 Δροῦσον
658 563 848 650 ἐπίφθονον
873 555 951 630 οῦτε
972 558 1056 650 πρὸς
1072 557 1131 630 τὸν

166 669 320 756 Τιβέριον
343 667 448 735 ἐποίει
472 665 671 752 ἐπίβουλον,
696 663 752 732 καὶ
777 658 965 752 δυνάμενος
988 658 1079 752 παριὲ
1096 689 1132 731 τε
1212 698 1215 703 ·

161 770 230 837 νῦν
255 769 468 856 στρατιωτῶν
493 762 643 836 ἑκόντων
662 765 719 834 καὶ
745 769 803 852 τής
829 767 954 854 βουλῆς
984 765 1040 834 καὶ
1070 769 1170 836 τοῦτ

61 955 66 969 Ι
164 865 272 958 δήμου
301 865 365 956 τήν
395 863 502 959 ἀρχήν
529 863 593 955 τήν
619 861 849 957 αῦτοκριίτορα
871 863 1042 954 λήψεσθαι
1069 859 1132 936 οῦκ

161 968 342 1060 ἠθέλησεν.
379 963 397 1039 5
416 969 455 1038 55
471 973 609 1038 Πείσων
626 965 736 1062 χρόνῳ
752 964 898 1058 ὕστερον
916 973 964 1049 είς
980 964 1043 1056 τήν
1057 961 1133 1058 Ῥή-

162 1100 229 1162 μηυ
247 1067 501 1161 ἆνακομισθείς,
520 1071 576 1140 καὶ
594 1071 649 1140 ἐπὶ
665 1074 712 1164 τῷ
729 1066 825 1164 φόνφ
842 1071 903 1140 τοῦ
920 1073 1132 1159 Γερμανικοῦ

163 1180 211 1255 είς
234 1171 271 1244 τό
295 1169 536 1262 βουλευτήριον
557 1168 616 1241 ὑπ’
638 1166 744 1242 αὐτοῦ
760 1174 822 1241 τοῦ
844 1177 1001 1259 Τιβερίου
1019 1177 1134 1260 είσαχ·

162 1277 239 1356 θεὶς
265 1275 529 1365 διακρουομένου
552 1269 614 1364 τήν
636 1267 789 1356 ὑποψίαν
805 1270 868 1362 τήν
886 1273 940 1343 ἐπὶ
957 1276 999 1364 τῇ
1016 1278 1132 1365 φθορᾷ
1146 1303 1172 1343 10

54 1384 56 1392 ’
119 1423 124 1434 ·
162 1379 222 1447 τοῦ
241 1382 470 1466 Γερμανικοῦ,
494 1376 552 1444 καὶ
569 1370 741 1464 ἀναβολήν
758 1374 913 1464 αἰτήσας,
933 1373 1054 1445 ἑαυτὸν
1071 1403 1132 1444 κα-

162 1475 353 1568 τεχρήσατο.
390 1479 445 1548 ἐπὶ
468 1477 557 1566 τρισὶ
583 1476 619 1546 55
636 1481 723 1559 υίοίς
740 1472 757 1546 5
776 1473 982 1567 Γερμανικὸς
1000 1473 1134 1546 ἐτελεύ-

164 1600 283 1670 τησεν,
314 1573 372 1660 οῦς
395 1573 421 1664 5
440 1574 635 1668 Αὔγουστος
664 1581 701 1649 ἐν
726 1594 799 1662 ταῖς
823 1576 1002 1666 διαθήκαις
1025 1573 1132 1648 αῦτοῦ

164 1687 338 1772 Καίσαρος
362 1677 523 1802 ιῦνήμασε.
563 1677 693 1751 τούτων
715 1677 734 1750 5
758 1677 985 1769 πρεσβύτατος
1009 1682 1134 1802 Νέρων

196 1779 279 1852 κατὰ
293 1779 352 1853 τὸν
365 1778 486 1904 χρόνον
500 1783 629 1853 ἐκεῖνον
641 1795 711 1863 τοίς
729 1780 867 1872 ἐφήβοις
884 1777 1132 1872 κατηριθμήθη.
1147 1809 1173 1850 ιτ

58 1861 187 1984 5115141974
198 1885 294 1976 μέχρι
318 1873 442 1973 μέν
403 1911 466 1954 ουν
489 1887 550 1953 τοῦ
574 1879 696 1974 χρόνον
713 1881 833 1956 τοῦτον
850 1892 989 1954 πλείστα
1006 1883 1133 1974 χρηστοὶ

196 1981 215 2057 5
239 1986 389 2076 Τιβέριος
411 1988 566 2077 ἔπραξε
557 1985 614 2056 καὶ
636 1986 762 2076 βραχέα
779 1982 977 2076 ἐξήμαρτεν,
1003 1986 1076 2056 ἐπεὶ
1095 1982 1130 2054 5
1168 2009 1172 2016 ·

164 2085 405 2211 5I'555555553
430 2084 639 2158 ἐκποβων
604 2115 622 2158 ο
625 2089 790 2176 ἐγένετο
797 2140 806 2176 ,
833 2083 906 2158 κατ’
931 2081 1046 2176 ὄλιγον
1072 2081 1132 2175 ήλ-

160 2195 289 2316 λοίορτο.
336 2187 377 2314 τρὶ
400 2217 436 2259 τε
460 2187 523 2280 γὰρ
546 2185 631 2259 ἄλλα
653 2187 778 2278 οἰγρίως
801 2178 883 2279 ήρχε
905 2189 962 2259 καὶ
987 2203 1055 2270 τοῖς
1082 2193 1128 2267 είς

162 2283 265 2363 αῦτῦν
288 2285 310 2381 5
334 2289 396 2379 τήν
419 2286 588 2380 μητέρα”
567 2319 588 2379 5
605 2318 665 2361 του
682 2287 883 2380 Αὔγουστον
900 2288 1046 2383 πράξασί
1058 2315 1090 2358 τι
1108 2283 1171 2376 ήοο

162 2395 315 2464 είποῦσιν
332 2386 608 2480 ῦνεπιτήέειον’
589 2417 725 2482 απήνως
744 2391 787 2475 ῦς
805 2388 991 2482 ἀσεβήσασι
1008 2411 1131 2479 προσε-

161 2495 301 2582 φέρετο,
337 2493 456 2562 καὶί
425 2497 473 2574 είς
503 2492 581 2576 τοῦς
610 2487 786 2582 ῦπονοηθέ
785 2523 864 2576 ντας
898 2490 1133 2582 ἐπιβουλεύειν

160 2589 253 2688 αῦτρῦ
274 2591 496 2684 ἀπαραίτητος
523 2583 575 2683 ήν.
623 2591 689 2685 ήδη
716 2596 753 2666 55
784 2597 841 2666 καὶ
873 2591 1131 2685 ἐνβεικνῦμενός

160 2717 249 2766 τισιν
264 2691 316 2765 ὅτι
334 2693 491 2783 βούλεται
509 2693 674 2768 τεθνάναι
691 2693 801 2787 τινάς,
821 2695 865 2768 δι’
887 2700 1027 2772 ἐκείνων
1044 2698 1132 2786 σφοῖς

160 2794 281 2868 ιἰπεκτί
280 2825 375 2888 νυυε,
393 2795 507 2868 καὶ’
468 2827 531 2871 ονκ
549 2795 716 2870 ἐλάνθανε
729 2805 835 2870 ταῦτα
848 2805 963 2870 ποιοῦν.
1000 2795 1135 2887 ἐξήταζέ
1145 2824 1171 2864 ιε

159 2926 196 2969 τε
220 2927 289 2971 των
311 2903 511 2971 δυνατων
493 2897 635 2972 εκάστου
659 2899 722 2990 τήν
739 2897 867 2992 ήμέραυ
883 2896 996 2972 καί
959 2924 1021 2989 τήν
1039 2896 1131 2991 ὥραν

100 3004 201 3073 Βέν
224 3028 246 3092 5
236 2989 484 3094 έγεγέυνητο,
511 2999 631 3072 καί“
590 3029 677 3073 ουτω
701 3001 738 3072 τὸ
764 3004 984 3095 πεπρωμένον
1002 2999 1130 3094 ἐκοίστφ

160 3098 341 3191 ἐξήρευνα
379 3099 464 3174 ὥστε
488 3106 544 3174 καὶ
568 3131 614 3197 τφ
601 3101 749 3197 Γάλβα
771 3110 817 3198 τῷ
840 3101 922 3194 μετὰ
945 3107 1049 3174 ταῦτα
1068 3097 1128 3172 αῦ-

159 3200 360 3330 ταρχήσαγτι
378 3201 571 3294 ἀπαντήσας
589 3173 682 3295 ἐφη
684 3203 763 3276 καὶ
770 3202 816 3276 ου’
832 3231 913 3278 ποτε
929 3209 988 3295 τής
1005 3203 1130 3294 ἡγεμο-

159 3307 235 3382 νίας
253 3299 379 3425 γεήσήῖ
380 3301 581 3425 ’ἐφείσατο
601 3305 773 3396 δὲἀντοῦ,
792 3304 970 3398 λέγωνὸτι
988 3309 1025 3377 ἐν
1041 3302 1130 3429 γήρρι
1144 3332 1174 3372 εο

160 3401 216 3468 καὶ
209 3403 315 3516 ,μετὰ
334 3405 477 3476 πολῦ”
437 3434 495 3494 της
513 3411 668 3534 τελευτῆς
686 3404 790 3480 αὐτου
775 3400 908 3498 ’ῦρξει
958 3407 991 3480 ε
990 3437 1029 3479 τα
1046 3404 1129 3497 μετὰ

159 3501 223 3568 τοῦ
239 3501 435 3591 Δροῦσου“
416 3503 606 3579 νπῦτενσεν
623 3538 641 3578 ο
630 3499 859 3602 Τιβέριος,”
840 3523 925 3584 οθεν
941 3507 1102 3582 πολλοὶ
1070 3537 1131 3580 τον
