2580 3816
394 165 819 220 mmmmm
1029 165 1092 230 w

124 333 179 387 τος
196 311 356 393 βαπτίσαι
372 303 431 374 τόν
448 311 510 374 τού
527 305 688 392 βασιλέως
701 305 792 392 υἱόν,
810 305 893 394 φησὶ
911 305 995 394 πρός
1012 307 1093 389 τούς

126 407 294 496 παρόντας
319 403 337 476 ό
357 404 514 494 βασιλεύς
533 403 579 475 “5
597 403 744 497 ὑβρίζων
766 405 827 476 τόν
844 410 981 494 βασιλέα
998 416 1125 490 τίνοςθ

126 511 218 580 ἐστὶν
236 504 361 592 άξιος”;
385 512 421 578 οἱ
436 507 474 577 δέ
491 505 695 600 ἀπεκρίνατο
716 501 779 578 “ού
799 513 857 596 ζῆν
882 510 973 578 ἐστιν
991 503 1089 591 άξιος·

124 610 233 700 πάσης
251 609 317 700 γάρ
331 617 589 700 φιλανθρωπίας
604 608 725 680 ἑαυτὸν
738 607 876 692 άνάξιον
889 605 1015 680 ἐθειο”.
1034 611 1090 678 καὶ

98 711 143 783 τό
166 709 326 800 βασιλεύς
349 711 390 780 τά
412 713 491 802 περί
513 717 575 782 τού
600 718 757 800 Κρίσπον
781 709 941 782 κάκείνου
965 711 1091 802 παρόν·

122 842 179 896 τος
205 815 398 900 κατέλεγεν·
430 812 501 884 εἶτα
524 811 611 904 πρός
634 816 765 883 ἐκεῖνον
788 814 1001 902 ἐπιστραφείς
1025 819 1090 902 ἔφη

121 911 181 997 “33
198 915 353 1006 γαμβρὸν
376 913 441 986 ούκ
467 917 637 1004 ἐποίησας,
663 913 746 986 οὐδὲ
762 921 865 1003 φίλον
882 909 927 984 άν
944 913 1091 1002 ποιήσεις

123 1013 235 1088 ποτέ”.
272 1017 447 1088 ἐκέλευσεν
465 1010 531 1086 ούν
548 1011 654 1087 αύτδν
671 1015 830 1108 κληρικόυ
847 1017 1017 1104 γενέσθαι.
1054 1019 1091 1085 ἐκ

123 1119 162 1188 δέ
187 1126 364 1210 Μαρτίνης
393 1124 453 1207 τῆς
483 1115 623 1202 άνενιάς
654 1115 760 1189 αὐτοῦ
791 1123 867 1207 ἔσχε
890 1117 954 1186 δύο
978 1114 1090 1204 υἱούς,

3 1235 5 1238 ’
84 1251 110 1291 ιο
126 1219 267 1310 Φάβιον,
284 1217 326 1290 δν
342 1218 627 1312 καὶἩρακλωνάν
647 1217 814 1308 ὠνόμασε,
828 1219 885 1288 καὶ
898 1219 1012 1306 Δαβὶδ
1029 1217 1090 1288 τόν

122 1321 250 1392 λοιπόν.
303 1327 365 1391 τού
402 1321 441 1392 δὲ
471 1322 627 1413 Χοσρόον
658 1319 769 1391 πάντα
804 1321 998 1408 ληιζομένου
1034 1321 1091 1388 καὶ

123 1421 360 1512 ἀφανίζοντας,
383 1421 444 1512 ὑφ’
474 1421 597 1494 ἑαυτόν
620 1421 659 1492 δὲ
688 1423 746 1492 καὶ
769 1421 846 1510 τὴν,
859 1427 1090 1512 Παλαιστίνην

122 1525 339 1614 πεποιηκότος
363 1525 421 1594 καὶ
437 1523 499 1612 τὴν
512 1523 734 1615 Ἰερουσαλὴμ
753 1529 929 1614 πολιορκίᾳ
944 1521 1090 1610 ἑλόντος,

122 1627 253 1717 λέγεται
275 1625 416 1716 ἄπειρόν
439 1653 470 1694 τι
487 1631 618 1714 πλῆθος
642 1621 862 1716 ἀναιρεθῆναι
879 1627 1088 1714 χριστιανύν.

84 1755 109 1798 15
124 1728 346 1816 ἐξωνούμενοι
371 1726 439 1817 γάρ
462 1724 589 1806 αύτούς
615 1724 750 1808 εύάνως
776 1733 812 1795 οἱ
829 1723 987 1796 Ἰουδαῖοι
1005 1723 1123 1814 ἑφό-Ι)

121 1856 243 1918 νευον,
267 1821 316 1899 ὧν
339 1829 417 1918 περὶ
439 1827 607 1916 μυριάδας
627 1827 726 1898 ἐννέα
742 1827 828 1916 φασὶ
846 1831 1088 1915 συγκορυφού-

3 1941 5 1945 ’
122 1941 203 2001 σθαι
218 1929 280 2002 τόν
296 1928 455 2019 άριθμόν.
489 1927 552 1997 τόν
570 1929 612 1997 δέ
633 1957 672 2016 γε
689 1929 896 2022 πατριάρχην
912 1933 972 2017 τῆς
990 1925 1089 2015 άγίας

122 2032 250 2112 πόλεως
271 2028 490 2121 Ἰερουσαλὴμ
507 2029 565 2098 καὶ
582 2025 624 2098 τά
643 2036 736 2118 τίμια
750 2035 817 2100 τού
835 2035 985 2118 σταυροῦ
1004 2028 1089 2110 ξύλα
1159 2065 1160 2068 “

122 2138 157 2202 οί
179 2133 308 2220 Πέρσαι
332 2130 492 2219 λαβόντες
517 2135 566 2210 εἰς
590 2135 743 2220 Περσίδα
768 2128 906 2218 ἤγαγον.
949 2127 1088 2214 άπορῶν

84 2260 110 2299 ιο
124 2223 189 2302 ούν
206 2229 225 2301 ὁ
242 2231 402 2318 βασιλεύς
419 2229 591 2318 ἀναλόγου
608 2245 680 2312 τοῖς
699 2233 862 2316 ἐναντίοις
880 2228 1091 2320 στρατεύμα-

2 2327 7 2406 J
120 2361 194 2421 τος,
219 2332 307 2425 πρός
325 2333 363 2403 δὲ
379 2333 437 2402 καί
453 2331 651 2424 χρημάτων,
679 2331 832 2423 ἄργυρον
849 2329 913 2420 μὲν
930 2330 986 2398 καὶ
1003 2357 1090 2420 χρυ-

4 2445 5 2448 ’
122 2435 185 2507 σόν
209 2438 404 2506 ἐδανείσατο
428 2440 468 2504 ἐκ
490 2461 526 2504 τε
556 2439 616 2522 τῆς
646 2432 793 2524 μεγάλης
824 2435 1001 2520 ἐκκλησίας
1032 2431 1090 2500 καὶ

120 2543 189 2608 τῶν
213 2539 341 2608 λοιπόν
364 2532 501 2624 εύαγύν
526 2545 649 2625 οίκων,
672 2535 730 2604 καὶ
755 2533 810 2604 διά
833 2532 963 2604 τούτων
989 2538 1090 2616 ἔκοψε

3 2711 4 2714 ,
120 2639 275 2728 νόμισμα.
323 2638 408 2709 λαδν
432 2635 468 2707 δ’
495 2639 532 2707 ἐκ
554 2643 625 2710 τοῖν
648 2635 808 2726 θεμάτων
832 2637 1008 2723 συνέλεγε,
1032 2634 1089 2702 καὶ

83 2764 109 2804 ιε
122 2738 265 2819 τούτους
291 2738 378 2829 πρὸς
398 2737 579 2828 πολεμικὴν
612 2741 786 2829 ἐμπειρίαν
817 2736 1000 2826 ἐγύμναζε,
1031 2735 1090 2804 καὶ

123 2839 318 2927 συμμάχους
341 2840 619 2930 προσεκαλέσατο.
656 2837 805 2922 ἐξελθών
829 2831 895 2906 ούν
917 2834 1000 2926 μετά
1027 2834 1090 2923 τὴν
1286 2899 1287 2930 3

123 2939 243 3030 ἑορτὴν
255 2945 317 3010 τού
330 2940 443 3029 πάσχα
460 2946 518 3028 τῆς
536 2937 677 3029 πόλεως,
694 2940 752 3009 καὶ
769 2935 972 3030 προσβαλάν
990 2947 1193 3026 Zao-1³11&
1284 2933 1287 3016 ,³

121 3042 216 3135 βάρω
241 3046 289 3135 τῷ
312 3047 376 3111 τού
400 3039 555 3132 Χοσρόον
582 3038 815 3132 άρχισατράπη
845 3036 927 3128 μετὰ
950 3027 1124 3129 βαρείαςΑ
1168 3063 1172 3072 ·

122 3143 301 3232 δυνάμεως
318 3141 402 3214 κατά
418 3141 590 3232 Ῥωμαίων
612 3143 776 3230 σταλέντι,
800 3143 952 3231 τρέπεται
968 3145 1090 3210 τούτου
1285 3137 1287 3166 ³

83 3271 109 3313 30
122 3246 181 3314 καὶ
203 3242 244 3313 τά
268 3244 497 3335 στρατεύματα
522 3239 630 3314 αύτού
653 3241 835 3332 συγκόπτει
851 3242 908 3312 καὶ
924 3247 1090 3331 μαχαίρας

4 3353 5 3356 ’
122 3351 223 3437 ἔργον
240 3359 338 3432 ποιεί.
1099 3373 1102 3380 ·

195 3446 250 3520 Ἐν
273 3443 404 3529 τούτοις
427 3446 712 3538 παρασπονδήσας
736 3444 754 3517 ὁ
780 3445 934 3534 Χαγάνος
959 3448 1134 3536 ἐπηλθελὸ

819 3557 884 3624 20*
