2586 3800
433 170 503 220 LIB.
516 169 566 220 XI.
584 169 662 221 GAP.
676 171 737 221 VII.
750 171 825 222 VIII.
1074 171 1115 234 23

149 317 256 400 γειλε,
272 305 474 400 τηρήσαντες
492 305 597 380 αὐτόν
616 311 651 378 ἐκ
668 315 727 379 τοῦ
740 308 885 399 θεάτρου
900 306 1120 400 ἔξερχόμενον.

149 415 187 483 ἔν
211 414 374 504 στενωπῷ
388 439 462 486 ,τινι
486 407 703 503 περιστάντες
725 408 934 500 ἀπέκτειναν,
974 413 1030 483 καὶ
1054 439 1115 483 πε-

148 511 266 597 σόντος
295 511 408 592 οὐδεὶς
438 515 508 582 τάν
535 510 712 603 παρόντων
735 507 912 601 άπέσχετο,
945 507 1030 582 άλλά
1045 506 1114 585 ’καὶ

149 613 283 706 νεκρόν·
296 611 398 684 αὐτόν
421 619 691 705 κατετίτρωσκον.
734 615 791 684 καὶ
809 613 871 702 την
888 629 1033 702 γυναῖκα
1051 611 1115 684 αό-

120 719 209 787 οτοῦ
226 717 283 786 καὶ
301 711 363 802 τὴν
379 717 551 804 θυγατέρα
569 711 689 784 αὐτίκα
706 709 910 804 άπέσφαξαν.
1119 711 1120 716 ¹

226 814 326 898 Γάιος
340 816 403 905 μὲν
417 813 459 904 δη
476 819 580 886 ταῦτα
599 822 636 886 ἔν
652 818 813 907 τετρισλν
832 823 919 886 ἔτεσι
937 819 992 886 καλ
1009 819 1113 906 μησὶν
1175 848 1177 855 ·

151 919 248 988 ἐννέα
266 920 323 988 καὶ
340 916 477 1008 ἡμέραις
491 913 576 988 όκτιό
590 918 645 986 καί
665 927 770 990 είκοσι
787 915 913 1008 πράξας
931 925 1039 1006 ἔργοις
1053 915 1113 988 αό-

148 1033 218 1101 τοίς
232 1017 275 1100 ὥς
289 1013 351 1088 οόκ
365 1009 407 1106 ἦν
420 1016 499 1098 θεός
513 1025 670 1106 ἔγνωκεν.
696 1013 741 1099 ός
756 1019 793 1090 δὲ
810 1013 827 1088 ὁ
848 1017 994 1100 θάνατος
1009 1015 1113 1090 αὐτοῦ

120 1167 123 1170 -
151 1123 351 1210 διηγγέλθη,
370 1117 459 1208 πλην
476 1117 601 1208 ὀλίγων
618 1125 686 1191 τῶν
704 1118 1003 1209 συνησελγηκότων
1022 1117 1112 1214 αὐτῷ
1203 1139 1204 1144 ’

1 1285 2 1290 ,
108 1251 135 1292 ιο
149 1219 273 1303 πάντες
290 1229 440 1312 ἔχαιρον,
466 1223 669 1312 μεμνημένοι
686 1224 741 1290 καλ
765 1225 824 1292 τοῦ
838 1223 1015 1311 λεχθέντος
1033 1223 1113 1292 ποτέ

148 1321 208 1392 ὑπ’
236 1320 357 1410 αὐτοῦ,
384 1320 439 1392 ὅτε
462 1319 633 1412 ὀργισθεὶς
655 1329 701 1416 τῷ
727 1320 822 1416 δήμῳ
848 1330 912 1412 ἔφη
931 1317 1028 1394 “siae
1052 1325 1126 1396 ένα.

148 1422 274 1514 αὐχένα
292 1419 437 1512 είχετε”,
470 1425 526 1494 καλ
556 1425 762 1512 ἐπιλέγοντες
790 1421 840 1494 ότι
867 1420 931 1494 “σίι
959 1424 1023 1513 μέν
1052 1425 1146 1494 ivan

148 1533 233 1614 ἔχεις
251 1523 392 1616 αὐχένα,
416 1523 510 1614 ημείς
529 1525 566 1595 δέ
583 1540 706 1616 χεῖρας
713 1521 865 1608 πολλάς.”
904 1523 1113 1596 διαθεόντων

149 1629 190 1697 δέ
204 1643 307 1698 τινων
324 1625 448 1714 ὀλίγων
466 1627 521 1696 καί
538 1624 784 1718 θορυβούντων
802 1623 962 1715 βοώντων
986 1653 1021 1696 τε
1040 1621 1112 1724 “τίς

78 1785 80 1788 .
107 1754 135 1796 15
150 1725 254 1799 Γάιον
266 1725 496 1815 άπέσφαξενέ
520 1725 702 1818 Οὐαλέριος
713 1723 907 1818 Ἀσιατικός,
927 1725 1013 1817 άνηρ
1026 1725 1112 1798 ὑποι-

148 1826 290 1918 τευκάς,
323 1825 474 1951 άνχλθεν
499 1825 592 1910 είς”
571 1827 721 1900 αποπτόν
751 1858 782 1898 τι
806 1835 972 1955 χωρίον,
978 1830 1034 1899 καί
1060 1833 1111 1898 έκ-

149 1929 273 2018 βοησας
291 1925 378 2020 ἔφη’
379 1925 466 2000 είθε
484 1926 548 2018 έγά
567 1926 671 2000 αὐτόν
694 1926 783 2018 ἤμην
800 1928 1007 2012 άπεκτονως.’
1010 1927 1110 2000 ’καὶ

148 2026 237 2101 οάτω
254 2031 519 2120 καταπλαγέντες
537 2036 571 2100 oc
586 2034 815 2119 θορυβοῦντες
832 2029 1015 2120 ἡσύχασαν.
1081 2063 1085 2068 ·

223 2129 325 2225 Γάιος
340 2129 460 2222 μέν“
419 2159 524 2213 ουτως
543 2129 760 2220 ἐφθάρη.
720 2158 777 2219 της
802 2131 840 2200 δὲ
862 2134 985 2220 βουλης
1010 2133 1047 2200 ἔν
1064 2134 1141 2223 τω8

13 2317 16 2324 ,
106 2261 135 2302 εο
148 2239 348 2326 Καπιτωλίῳ
371 2239 679 2322 συναθροισθείσης
707 2247 776 2312 τοῖς
802 2231 864 2321 μέν
893 2202 1111 2320 δημοκρατεί-

76 2399 79 2402 ,
148 2345 232 2406 σθαι
251 2331 377 2423 ἔδόκει,
404 2335 492 2405 οίδε
509 2343 751 2426 μοναρχεῖσθαι
769 2335 824 2402 καὶ
842 2325 944 2414 αὖθις
962 2337 1109 2424 ἔκρινον

147 2437 204 2505 καὶ
222 2431 407 2506 τούτωνοί
393 2435 484 2523 ίμλν
501 2435 614 2523 τόνδε,
632 2433 722 2504 οίδέ
739 2429 875 2506 τόνδε
855 2439 1010 2526 ηροῦντο.
1046 2431 1110 2504 κάν

147 2533 255 2629 τοότηι
274 2464 474 2624 στρατιωάαί
483 2562 569 2618 τινες
584 2535 677 2617 είς
643 2564 679 2606 το
698 2534 877 2625 παλάτιον,
895 2539 952 2606 ίνα
965 2564 996 2606 τι
1017 2541 1108 2666 διαρ
1114 2557 1212 2608 P1560

136 2635 317 2725 πάσαισιν,
348 2634 608 2762 εἰσπηδήσαντες
633 2627 733 2725 εὗρον
763 2639 800 2707 έν
808 2643 978 2728 σκοτεινῇ
1002 2644 1109 2759 γωνίμ
1152 2687 1153 2690 ¹

106 2763 134 2806 ετ
148 2735 463 2826 κατακρυπτόμενόν
481 2763 546 2808 που
564 2737 624 2809 τόν
640 2736 828 2826 Κλαύδιον,
854 2760 963 2860 συγην
980 2735 1093 2830 γάρ
1061 2741 1109 2806 τά

148 2846 242 2931 Γαίῳ
271 2842 330 2908 τοῦ
361 2836 507 2928 θεάτρου
538 2841 756 2932 ἔξερχομένω,
785 2841 841 2908 καί
869 2837 931 2926 τὴν
953 2836 1109 2959 ταραχηυ

146 2940 313 3027 φοβηθείς
331 2936 535 3030 κατεκράβη,
559 2940 615 3010 καὶ
635 2942 701 3022 ἔεξῑ
688 2947 781 3060 ῑλκογ
799 2934 902 3009 αὐτὸν
919 2965 964 3026 μη
953 2933 1110 3018 είδότες
1166 2977 1168 2982 ·

145 3035 238 3122 ὅστις
257 3029 314 3128 ἦν
343 3038 480 3128 γνόντες
493 3035 587 3110 δὲ’
546 3036 773 3131 αυτοιιράτορά
785 3065 821 3110 τε
834 3034 1110 3131 προσηγόρευσαν

215 3263 268 3324 8
250 3289 286 3332 ως
305 3267 391 3323 δἐ-
410 3275 442 3323 10
459 3266 575 3338 ἔχαιρον
592 3271 721 3322 omittunt
738 3271 836 3322 DionIs
855 3243 974 3322 οοδίοεε.
1007 3269 1110 3320 2610&

146 3331 277 3402 θεάτρου
296 3333 470 3419 έξερχομένφ
489 3341 617 3390 omittunt
634 3340 734 3390 Dionis
753 3339 872 3390 codices.

216 3406 284 3472 Gap
303 3409 327 3460 8.
362 3407 461 3458 Dionis
478 3407 620 3457 Historiae
638 3407 814 3460 Romanael.
833 3408 875 3471 60,
894 3421 917 3462 ο.
937 3407 1033 3468 1-12,
1062 3404 1113 3456 sed

147 3475 308 3539 integrioris
328 3489 409 3539 quam
429 3475 500 3540 apud
518 3473 698 3540 XiphIlinum.
956 3511 958 3516 s
