2538 3824
413 189 484 242 τεο,
496 188 530 239 x,
550 189 629 241 cAP.
642 189 729 242 κιαι.
993 191 1056 255 403

89 325 244 416 πεστύλη.
260 325 335 398 ’καί
354 325 371 397 ὁ
389 328 452 417 μὲν
465 325 618 418 Πάκορος
635 327 697 417 τὴν
710 335 845 418 Συρίαν
859 329 1056 421 ἐχειρώσατο

88 428 178 518 πλὴν
202 428 330 521 Τύρου,
357 432 413 500 καὶ
438 437 486 511 είς
503 437 735 519 Παλαιστίνην
757 433 947 520 εἰσέβαλεν,
973 431 991 502 ὁ
1017 433 1055 502 δέ

87 531 256 620 Λαβιηνὸς
278 529 341 620 τη’ν
367 558 403 600 τε
425 539 583 602 Κιλικίαν
608 533 745 624 κατέσχε
775 535 831 602 καί
859 537 917 622 της
942 531 1054 618 Ἀσίας

3 647 5 694 4
85 631 144 715 τὰς
162 627 385 723 ἠπειρώτιδας
403 631 525 714 πόλεις.

61 768 72 808 ι
159 731 340 816 Ἀντώνιος
357 734 395 804 δὲ
414 732 622 805 ἐπυνθάνετο
640 735 702 824 μὲν
719 737 775 805 καὶ
791 738 914 824 ταύτα,
942 733 1053 822 ῶσπερ

86 835 128 928 δὴ
147 839 204 906 καὶ
222 833 326 906 τᾶλλα
343 833 384 906 τέι
402 838 439 905 έν
455 840 496 926 τῇ
515 833 636 928 Ἰταλίᾳ
654 835 827 928 δρώμενα,
851 831 920 908 ύπδ
939 839 976 908 δέ
993 843 1053 910 τοῦ

83 947 209 1032 έρωτος
232 940 289 1008 καὶ
312 942 371 1026 τῆς
393 939 500 1028 μέθης
523 933 599 1008 ούτε
621 941 689 1010 τῶν
714 942 859 1009 πολιτῶν
883 936 960 1010 ούτε
984 943 1086 1012 τῶνο

83 1037 270 1131 συμμάχων
288 1037 476 1129 ἐφρόντιζε,
502 1068 542 1130 τη
560 1037 758 1132 Κλεοπάτρᾳ
777 1041 814 1110 δέ
832 1042 973 1124 καὶτοῖς
992 1050 1052 1112 Αί-

83 1149 239 1232 γυπτίοις
256 1139 467 1232 συνετρύφα,
494 1143 606 1232 μέχρις
624 1130 665 1210 ού
682 1145 853 1222 παντελῶς
871 1140 1051 1234 κατελύθη.

52 1277 72 1316 ιι
84 1245 147 1328 ὀψὲ
165 1241 198 1312 δ’
219 1232 281 1314 ούν
298 1269 377 1314 ποτε
396 1243 574 1326 ἐξαναστὰς
591 1248 754 1314 ἔπλευσεν
770 1250 817 1324 είς
841 1241 966 1332 Τύρον·
994 1243 1053 1316 τὸν

84 1347 123 1417 δέ
152 1349 215 1416 τού
238 1346 365 1429 Σέξτου
393 1341 685 1434 προφασισιὶμενος
714 1342 861 1434 πόλεμον
889 1341 1052 1417 ἀπέλιπεν

84 1445 227 1534 αὐτούς,
256 1449 311 1516 καὶ
328 1443 419 1536 παρῶ
436 1444 498 1535 τὴν
514 1446 655 1536 ἤπειρον
672 1449 767 1536 μέχρι
783 1450 844 1536 τῆς
859 1443 969 1528 Ἀσίας
987 1477 1051 1519 πα-

3 1571 4 1574 ’
83 1550 303 1642 ρακομισθείς
327 1555 375 1629 είς
399 1546 461 1636 τὴν
481 1543 621 1620 Ἑλλάδα
646 1552 795 1636 διῆλθεν.
841 1555 928 1620 ἔνθα
949 1551 991 1639 τῇ
1015 1575 1051 1620 τε

3 1653 4 1658 ’
83 1652 185 1741 μητρὶ
202 1653 258 1720 καὶ
275 1656 316 1739 τῇ
334 1652 469 1738 γυναικὶ
488 1648 654 1739 έντυηών,
678 1648 737 1720 τόν
760 1678 796 1720 τε
814 1658 969 1736 Καίσαρα
988 1678 1051 1722 πο-

3 1839 4 1842 ,
51 1756 201 1842 ολέμιον
219 1749 397 1840 ἐποιήσατο
414 1755 533 1844 καὶτῷ
552 1755 666 1844 Σέξτῳ
684 1756 869 1824 ἐσπείσατο.
913 1753 983 1823 εἶτα
1002 1761 1050 1835 είς

3 1875 5 1920 ῑ
84 1855 146 1950 τὴν
164 1853 308 1924 Ἰταλίαν
331 1862 550 1945 περαιωθείς,
574 1851 650 1926 τινὰ
672 1854 734 1942 μὲν
756 1853 877 1943 ταύτης
901 1857 1049 1944 κατέσχε,

4 1965 6 1972 '
86 1957 160 2026 τινα
192 1954 224 2025 δ’
259 1952 452 2046 ἐπολιόρκει.
501 1955 557 2024 καὶ
587 1953 605 2023 ὁ
636 1963 770 2044 Καῖσαρ
799 1955 858 2038 τὰς
889 1955 1049 2045 δυνάμεις

87 2053 229 2154 ἤθροιζε.
266 2053 529 2147 σννερραιγότων
552 2045 615 2126 οὖν
640 2051 751 2125 αύτῶν
777 2059 810 2136 ές
829 2053 888 2126 τδν
905 2055 1050 2145 πόλεμον

83 2157 106 2248 ἥ
121 2188 158 2230 τε
175 2157 260 2248 ἄλλη
273 2157 394 2230 Ἰταλία
412 2157 608 2248 ἐταράσσετο
622 2159 678 2226 καὶ
691 2151 712 2244 ἡ
726 2151 831 2245 Ῥώμη
845 2155 883 2226 δέ
896 2154 1046 2244 μάλιστα.
1057 2169 1082 2218 D

54 2266 121 2332 κέν
137 2259 267 2343 τούτοις
290 2256 311 2348 η
330 2266 484 2348 Φουλβία
508 2262 546 2329 έν
563 2261 715 2330 Σικυῶνι
740 2255 902 2347 διάγοντα
920 2258 1050 2328 ἐτελεύ-

82 2383 194 2453 τησεν.
232 2357 277 2444 ῶς
295 2363 333 2432 δέ
349 2365 447 2432 τούτο
463 2359 631 2449 ἠγγέλθη,
655 2357 696 2430 τά
712 2388 748 2431 τε
764 2356 851 2430 ὅπλα
869 2363 1049 2430 κατέθεντο

82 2465 184 2554 ἄμφω
208 2467 264 2534 καὶ
287 2461 555 2554 συνηλλώγησαν.
600 2463 656 2532 καὶ
681 2471 811 2553 Καίσαρ
838 2463 900 2553 μὲν
925 2459 1050 2552 Σαρδώ

82 2595 116 2638 τε
133 2568 193 2638 καὶ
211 2573 409 2655 Δαλματίαν
426 2563 488 2653 τήν
504 2592 541 2634 τε
561 2559 709 2654 Ἰβηρίαν
726 2567 783 2635 καὶ
800 2563 862 2654 την
879 2572 1049 2636 Γαλατίαν

83 2665 311 2758 ἐκληρώσατο,
338 2665 507 2760 Ἀντωνίῳ
534 2667 571 2736 δέ
595 2664 704 2737 πάντα
726 2665 766 2736 τῶ
789 2663 873 2737 ἄλλα
897 2664 937 2736 τῶ
960 2665 1048 2756 ὑπὲρ

8 2841 10 2844 .
50 2769 141 2842 στὸν
161 2767 280 2840 Ἰόνιον
302 2765 343 2838 τύ
361 2797 395 2839 τε
414 2771 508 2858 ἐντῇ
526 2766 676 2858 Εὐρώπη
694 2767 808 2838 καὶτὰ
833 2771 870 2837 έν
891 2773 934 2858 τῇ
956 2764 1048 2859 Ἀσίηι

77 2867 248 2962 Ῥωμαίοις
270 2867 351 2941 ὄντα
378 2872 530 2959 έπέλαχε·
563 2867 604 2940 τῶ
622 2865 655 2940 δ’
682 2874 720 2940 ἐν
736 2873 778 2958 τῇ
796 2866 909 2958 Λιβύη
928 2875 1013 2956 ἔθνη
1030 2867 1047 2936 ὁ

81 2977 229 3054 Λέπιδος
247 2975 303 3042 καὶ
319 2971 381 3060 τὴν
399 2979 559 3042 Σικελίαν
575 2966 594 3040 ὁ
612 2973 734 3054 Σέξτος
753 2969 851 3058 εἶχον.

163 3073 232 3164 Τὴν
249 3075 312 3164 μέν
328 3064 391 3144 ούν
406 3069 512 3164 ἀρχὴν
528 3069 635 3153 οὕτως
652 3061 753 3153 αύδις
771 3071 943 3158 ἐδάσαντο,
961 3066 1149 3140 vdelmss

82 3178 120 3247 δὲ
145 3175 229 3267 πρὸς
252 3173 312 3246 τὸν
328 3177 454 3259 Σέξτον
471 3173 617 3263 πόλεμον
635 3169 870 3244 ἐκοινώσαντο·
911 3174 967 3244 καὶ
995 3173 1048 3241 ἐπὶ

10 3287 12 3364 [
48 3307 69 3346 ιο
81 3293 155 3360 ταῖς
172 3287 394 3367 καταλλαναῑς
412 3283 584 3347 εἱστίασαν
600 3272 765 3364 ἀλλήλους
783 3277 820 3345 ἐν
836 3289 905 3356 τοῖς
922 3272 1048 3361 περὶτὰ

81 3384 283 3472 Βρεντέσιον
300 3380 551 3469 στρατοπέδοις,
578 3386 711 3467 Καισαρ
732 3378 795 3467 μέν
820 3381 995 3467 ῥωμαίκῶς
1013 3405 1048 3446 τε

81 3485 139 3553 καὶ
158 3485 418 3573 στρατιωτικῶς,
439 3478 615 3562 Ἀντώνιος
635 3481 671 3549 δέ
695 3475 840 3561 ῶσιανῶς
858 3506 894 3548 τε
919 3479 974 3550 καί
998 3485 1149 3546 αί·Ρ1612

828 3590 894 3654 26*

1242 465 1258 562 ι

1243 562 1258 656 ἰ
