2566 3812
373 245 535 298 L113.v111.
554 244 631 297 σεε.
645 246 720 299 mv.
733 247 793 297 xv.
1005 245 1069 310 215

98 379 283 475 στρατηγός
302 385 426 464 σωθείς
443 381 518 454 τότε
540 380 682 476 ὕστερον
699 381 765 454 ὑπό
776 389 850 457 ,τοῖν
868 395 953 456 οἰκοι
971 397 1068 479 Καρ-

100 493 272 577 χηδονίων
290 482 418 573 ἐκλήθη
436 487 492 556 καί
509 483 787 574 ἀνεσκολοπίσθη.

180 593 226 658 06
237 583 463 676 Καρχηδόνιοι
478 587 515 657 δὲ
530 585 832 678 διεκηρυκεύσαντο
850 605 919 670 τοίς
932 583 1064 680 Ῥωμαί-
1084 599 1125 664 15

100 719 151 772 οις
169 685 226 758 διό
243 717 278 758 τε
290 685 396 758 τᾶλλα
408 689 464 758 καί
481 685 518 758 τὸ
536 691 666 778 πλῆθος
678 695 746 760 τεόν
764 687 994 780 αἰχμαλώτων,
1014 693 1069 762 καί

76 806 176 871 ετοῑς
195 790 352 879 πρέσβεσι
369 791 427 860 καί
445 785 548 860 αὐτὸν
565 788 625 860 τόν
639 787 819 880 Ῥηγοῦλον
837 793 1069 882 συνέπεμψαν,

33 949 38 960 .
103 894 174 962 πᾶν
193 886 237 960 δι’
255 885 360 966 αὐτοῦ
377 892 549 978 οἰηθέντες
568 895 828 980 κατωρθωκέναι
841 890 897 962 διό
914 892 977 982 την
995 889 1070 984 νἰρε·

99 990 163 1082 την
186 994 244 1061 καὶ
266 993 303 1060 τὸ
321 987 448 1080 ἀξίωμα
473 998 532 1062 τοῦ
555 987 696 1082 ἀνδρός,
721 991 884 1084 ὥρκωσαν
907 1022 944 1064 τε
967 991 1072 1065 αὐτὸν

100 1086 121 1183 ἦ
139 1091 208 1183 μὴν
227 1089 413 1180 ἐπανήξειν.
444 1095 500 1164 καὶ
517 1089 554 1174 δς
567 1091 607 1164 τό
625 1121 661 1162 τε
670 1091 754 1164 όίλλα
769 1092 812 1175 ὡς
831 1091 878 1176 εἰς
896 1098 964 1166 τοόν
977 1105 1072 1187 Καρ-

98 1201 271 1286 χηδονίων
295 1199 434 1284 ἔπραττε
460 1195 516 1264 καί
541 1191 618 1265 ον”τε
641 1192 703 1286 τὴν
721 1213 866 1285 γυναῖκα
885 1203 932 1278 εἰς
950 1196 1075 1285 λόγους

64 1329 89 1370 ιο
102 1297 239 1380 ἐδέξατο
263 1293 341 1366 οὕτε
362 1293 424 1384 τὴν
448 1293 547 1366 πόλιν
565 1299 719 1384 εἰσῆλθε,
744 1298 799 1366 καί
824 1303 928 1366 ταῦτα
947 1297 1106 1368 καλώ-0

99 1425 221 1522 μενος,
248 1394 322 1466 ἀλλ’
343 1400 404 1480 ἔξω
421 1401 483 1468 τοῦ
499 1403 628 1487 τείχους
653 1400 711 1486 τῆς
736 1401 859 1487 βουλῆς
877 1397 1072 1488 ἀθροισθεί-

99 1523 174 1588 σης,
195 1496 240 1579 ὡς
258 1505 337 1580 ἔθος
354 1488 398 1587 ἦν
415 1505 624 1590 χρηματίζειν
642 1527 710 1570 των
723 1508 892 1589 πολεμίων
905 1516 973 1582 τοϊς
992 1503 1074 1622 πρέ-

99 1607 282 1688 σβεσιν,ε
267 1601 484 1725 εἰσαχθείςί
454 1625 501 1682 ες
519 1629 555 1670 το
549 1599 760 1692 συνέδριον
779 1596 934 1673 εἶπεν(Η
917 1605 1072 1692 ημοῖς,ω

99 1704 261 1792 πατέρες,
288 1698 369 1792 πρὸς
391 1699 478 1790 ὑμᾶς
502 1700 727 1791 Καρχηδόνιοι
756 1708 924 1794 έπεμψαν
951 1708 1073 1775 έκείνοι

62 1837 87 1878 ω
102 1801 171 1900 γάρ
191 1831 231 1890 με
250 1801 438 1890 ἐστόλκασι,
458 1805 529 1873 έπεί
548 1807 667 1886 δοῦλος
686 1803 798 1875 αὐτων
815 1803 907 1928 νόμρι
926 1803 1073 1895 πολέμου

100 1905 300 2026 χεχένημαι
326 1905 383 1973 καί
401 1901 529 1987 ἀξιοῦσι
546 1902 688 1994 μάλιστα
705 1907 768 1995 μὲν
786 1905 891 1976 καί
858 1905 1073 1996 τονπόλεμον

106 2002 276 2075 λύσασθαι
301 2007 356 2074 ἐπὶ
382 2002 568 2094 συνθήκαις
587 2021 659 2087 ταίς
679 2003 892 2088 δοκούσαις’
874 2023 1017 2095 αμφοίν,
1045 2013 1075 2076 εἰ

104 2102 204 2175 δὲ’
155 2133 213 2194 μη,
230 2111 299 2176 τῶν
311 2103 530 2195 αἰχμαλωτων
542 2104 748 2193 ποιήσασθαι
760 2105 942 2231 όιλλαχμα.υ
970 2109 1074 2176 ταῦτα

101 2205 211 2278 εἰπων
214 2208 366 2377 ίμετέστη
384 2207 466 2307 μετὰ
483 2236 551 2279 των
563 2205 793 2297 πρέσβεων,
770 2235 815 2287 ως
833 2201 876 2276 δν
894 2203 974 2276 καθ’
996 2209 1076 2276 ἑαυ-

8 2375 11 2378 .
62 2305 229 2390 ευτοδςοί
239 2307 390 2398 Ρωμαῖοι
409 2306 669 2396 βουλεύσωνται.
697 2305 907 2380 κελευόντων
921 2309 958 2378 δέ
974 2303 1076 2378 αὐτόν

99 2438 173 2481 των
190 2404 330 2480 δπότων
348 2428 593 2500 συμμετασχειν
611 2419 709 2500 σφίσι
727 2415 785 2498 τῆς
805 2407 1013 2500 διαχυιόμης,
1033 2407 1074 2480 06

99 2513 188 2603 πρὶν
214 2515 355 2599 ἐπείσθη
379 2510 444 2602 πρὸ
461 2518 521 2582 τοῦ
539 2510 628 2602 παρνί
652 2539 720 2582 των
738 2517 981 2602 Καρχηδονίων
1007 2514 1075 2582 ἐπι·

98 2615 281 2704 τραπῆναι.
325 2611 342 2682 6
369 2613 406 2682 δὲ
428 2615 509 2694 τέως
532 2613 595 2702 μέν
620 2611 760 2683 ἐσιόντα·
794 2616 865 2684 έπεί
885 2612 915 2683 δ’
937 2617 973 2684 οἰ
992 2621 1109 2702 βου-Ι)

100 2716 222 2785 λευταί
246 2719 353 2784 εἰπεῖν
377 2711 480 2785 αὐτὸν
506 2711 645 2803 χνοόμην
670 2716 840 2802 ἐκέλευον,
872 2715 965 2786 εἰπεν
984 2710 1076 2804 “εἰμί

62 2811 241 2906 εομὲνεῖς
272 2813 441 2904 ἰξῦμοῖν,
473 2805 499 2884 6
528 2819 684 2906 πατέρες,
715 2810 779 2885 κόίν
809 2814 966 2908 μυριάκις
991 2815 1075 2885 ἅλω·

99 2915 141 2987 τό
174 2917 236 3005 μέν
265 2916 329 3006 γὰρ
354 2914 450 3006 σῶμα
478 2945 543 3006 μου
569 2923 829 3008 Καρχηδονίων,
860 2915 881 3003 ἡ
918 2917 955 2985 δέ
987 2913 1176 3004 ψυχηλῑΠοε

101 3047 172 3108 μου
187 3016 332 3107 ὑμετέρα
351 3021 457 3102 ἐστίν·
482 3022 590 3088 έκεῖνο
613 3019 675 3108 μὲν
699 3015 763 3108 χολρ
781 3012 877 3107 ὑμῶν
895 3016 1078 3104 ἠλλοτρίω-

101 3147 177 3208 ται,
211 3117 339 3208 ταότην
370 3119 407 3189 δέ
431 3115 545 3200 οὐδεὶς
570 3118 710 3191 δύναται
740 3116 785 3210 μὴ
815 3113 889 3208 οὐχὶ
916 3112 1078 3208 Ῥωμαίων

103 3219 194 3291 εἰναι
212 3225 363 3309 ποιῆσαι·
388 3222 445 3290 καί
464 3219 507 3302 ὡς
530 3221 593 3310 μέν
610 3217 816 3312 αἰχμάλωτος
833 3225 1078 3313 Καρχηδονίοις

105 3385 313 3398 ——nn—-n--a-q

107 3557 141 3605 43
167 3485 299 3606 2((3312p?;⁰16.
326 3487 424 3538 Dionis
442 3485 585 3538 Historiae
603 3487 742 3538 Romanae
761 3485 826 3538 libri
842 3487 956 3552 perditi:
976 3487 1076 3550 fragm.

143 3591 150 3615 ι
204 3591 212 3619 2
264 3591 271 3605 ·
