2558 3820
218 145 281 209 348
563 147 634 198 Lm.
647 147 682 199 x.
701 146 779 200 υΑΡ.
793 147 840 199 w.

221 288 273 356 ἑνί
297 283 493 376 συλλήβδην
521 289 682 375 γενέσθαι
710 283 773 375 τήν
797 283 969 376 Ῥωμαίων
991 281 1185 375 ἡγεμονίαν.
1268 287 1269 340 ἶ

219 387 255 456 τὸ
273 388 336 477 μέν
349 378 414 459 οὖν
431 386 586 479 ψήφισμα
600 385 758 480 ἐκυρώθη
770 389 994 478 φοβηθέντων
1005 385 1064 458 τόν
1080 392 1189 478 δῆμον

218 492 287 559 των
304 484 588 581 ἀριστοκρατικῶν
605 491 662 560 καὶ
678 487 938 578 σιωπησάντων,
955 489 1130 580 Πομπήιος
1148 491 1188 561 δέ
1267 519 1269 564 ι

220 587 399 680 δεξάμενος
422 589 463 662 τά
485 589 662 682 γράμματα
685 593 816 678 λέγεται
832 590 891 672 τάς
913 587 1021 681 ὀφρῦς
1038 611 1188 680 συναγα·
1267 585 1269 618 ³

184 705 294 780 θγεϊν
323 694 380 762 καὶ
409 689 469 763 τδν
498 693 606 783 μηρὸν
635 690 776 776 πατάξαι
806 687 851 774 άς
876 697 1107 784 δυσχεραίνων
1130 695 1214 764 καλε

220 791 449 882 βαρυνόμενος
473 794 535 883 τήν
559 792 676 884 ἀρχήν.
717 787 780 883 τήν
804 791 835 864 δ’
858 799 1035 884 εἰρωνείαν
1058 789 1134 864 οὐδ’
1153 799 1192 865 ολ

219 893 310 967 πάνυ
339 891 500 986 συνήθεις
530 891 622 990 αὐτῷ
652 899 735 990 ῥᾷον
758 892 913 985 ήνεγκαν.
956 896 1037 976 τέως
1062 895 1099 965 δέ
1125 898 1190 985 τήν

218 993 341 1086 μεταξά
358 1003 518 1086 Φοινίκης
535 999 592 1067 καί
604 995 781 1090 Βοσπόρου
794 995 972 1068 θάλασσαν
986 998 1041 1068 ἐπὶ
1053 1003 1188 1089 φρουρᾷ
1268 1061 1270 1064 .

218 1127 264 1192 τῳ
250 1095 390 1192 στόλφ
409 1098 580 1186 διαλαβάν
598 1095 700 1180 αὐτὸς
718 1096 871 1188 ἐβάδιζεν
889 1101 943 1168 ἐπὶ
956 1095 1188 1186 Μιθριδάτην.

220 1203 351 1272 ἐκείνου
376 1195 413 1269 δ’
440 1197 674 1282 ἐκλιπόντος”
655 1228 732 1326 ορος
758 1196 977 1289 δόσμαχον’
954 1227 998 1281 ως
1021 1196 1188 1324 ἄνυδρον,
1201 1225 1226 1266 ιο

220 1305 258 1370 ἐν
280 1329 307 1394 φ
296 1290 691 1391 ἐστρατοπεδεύετο,
675 1301 886 1391 οΠομπήιος
910 1303 1070 1390 κατέσχεν
1092 1298 1188 1390 αὐτό,

218 1403 328 1472 καὶ
287 1429 328 1492 τη
340 1399 443 1523 φύσει
456 1431 526 1473 των
543 1401 802 1491 βλαστανόντων
820 1404 877 1473 καὶ
893 1417 965 1483 ταῖς
979 1408 1190 1490 συγκλινίαις

218 1505 289 1574 ταῖν
311 1501 424 1573 τόπων
455 1502 713 1595 τεκμαιρόμενος
738 1511 828 1594 ἐχειν
856 1501 964 1592 πηγάς
988 1501 1026 1573 τδ
1051 1511 1189 1592 χορίου,

218 1600 378 1694 όράσσενν
393 1606 546 1675 ἐκέλευσε
559 1607 697 1694 φρέατα.
730 1607 785 1675 καί
803 1601 887 1694 ταχά
905 1603 1029 1694 μεστὸν
1046 1595 1090 1692 ἦν
1102 1600 1189 1675 ῧδα-
1269 1603 1270 1610 ¹

219 1732 274 1786 τος
308 1703 345 1774 τὸ
386 1703 622 1795 στρατόπεδον.
675 1713 787 1778 ἔπειτα
821 1705 1187 1798 περιστρατοπεδεύσας
1200 1731 1224 1773 ιε
1269 1751 1270 1792 3

220 1801 424 1896 ἀπετείχιζεν
448 1802 560 1878 αὐτόν.
613 1802 632 1878 6
664 1809 701 1878 δὲ
731 1809 830 1879 πέντε
855 1810 911 1878 καὶ
939 1804 1187 1897 τεσσαράκοντα
1269 1887 1270 1896 ρ

52 1984 57 1993 .
118 1909 457 1996 ΡΙιΉπολιορκηθείς
475 1903 599 1998 ἡμέρας
613 1917 736 1980 ἔλαθεν
749 1905 897 1999 ἀποδρὰς
916 1905 1069 1998 μετάτής
1084 1911 1188 1998 ἐρρω-
1269 1901 1271 1990 3

219 2009 418 2100 μενεστέρας
450 2008 641 2100 δυνάμεως,
673 2006 872 2093 ἀποκτείνας
895 2009 973 2091 τούς
1002 2005 1188 2100 ἀχρήστους

219 2111 276 2180 καὶ
299 2109 377 2192 τούς
399 2117 594 2194 νοσοῦντας.
631 2109 886 2200 καταλαβάνδέ
905 2107 1010 2183 αὐτόν
1033 2107 1160 2198 περὶ
1125 2137 1187 2180 τον
1269 2117 1271 2192 3

220 2207 436 2301 Εάφράτην’
421 2241 439 2282 ο
457 2211 691 2302 Πομπήιος,”
676 2240 732 2284 ινα
755 2211 800 2302 μή
819 2209 938 2304 φθάση
962 2209 1109 2302 περάσας
1126 2208 1188 2280 τόν
1200 2237 1250 2280 ιο

220 2310 379 2438 ποταμόν,
406 2317 443 2383 ἐκ
458 2317 573 2435 μέσων
589 2343 724 2386 νυκτων
742 2313 898 2402 ἐπῆγε
861 2342 922 2402 την
939 2310 1107 2434 στρατιάγ.
1142 2341 1187 2400 ην

219 2401 283 2482 οὖν
300 2410 429 2502 ἀνάγκη
446 2407 533 2504 ὑπὲρ
550 2421 612 2486 τοῦ
635 2413 779 2538 χάρακος
796 2413 972 2504 μάχεσθαι.
1009 2411 1132 2503 σελήνη
1151 2411 1184 2483 δ’

220 2504 262 2599 ἦν
279 2511 585 2605 καταφερομένη,“
566 2545 584 2586 ο
601 2514 678 2599 τοός
697 2513 891 2605 βασιλικοὺς
910 2523 1072 2606 ἔσφηλεν·
1097 2513 1188 2605 εἶχον

219 2614 345 2702 μὲν
306 2642 370 2702 γαρ
393 2615 476 2686 κατά
494 2615 604 2688 νάτου
621 2617 684 2706 τήν
701 2614 848 2706 σελήνην
867 2615 1037 2740 Ῥωμαίοι,
1065 2615 1132 2706 ήδη
1150 2617 1188 2686 δὲ

219 2716 297 2805 περὶ
322 2713 420 2786 δυ’σιν
444 2713 546 2808 οὔσης
571 2723 610 2788 αί
631 2721 723 2790 σκιαί
748 2721 817 2789 τοὶν
846 2716 1010 2808 σωμάτων
1033 2715 1189 2808 πρόσθεν
1202 2743 1271 2784 τε

219 2821 399 2907 προϊοῦσαι
429 2819 515 2890 πολὺ
552 2818 691 2910 δόκησιν
726 2835 886 2910 παρεῖχον
915 2834 984 2900 τοίς
1017 2825 1190 2909 πολεμίοις
1268 2795 1271 2930 3

220 2925 362 3008 ἐγγίζειν
391 2916 471 3002 τοάς
501 2919 681 3011 Ῥωμαίους
704 2916 836 3010 αὐτοῖς,
872 2922 929 2991 καὶ
959 2919 1039 3003 τοάς
1063 2917 1190 3003 δσσονς
1270 2957 1271 2994 ι

184 3021 362 3108 Βάφέντες
391 3023 548 3110 ἐφίκοντο
577 3021 732 3106 οὐδενός
767 3019 785 3092 6
815 3019 1012 3104 συνιδόντες
1034 3017 1191 3150 Ῥωμαίρι
1267 3021 1271 3170 χ

220 3120 301 3206 μετά
319 3126 466 3212 κραυγής
485 3125 672 3215 ἐπέδραμον
686 3125 742 3194 καὶ
758 3121 945 3212 φεύγοντας
963 3123 1169 3211 ἐκτεινον,“
1144 3151 1192 3204 ως
1269 3173 1271 3190 .

221 3216 308 3288 πολι)
331 3229 467 3305 πλείους
485 3230 621 3314 μυρίων
638 3221 836 3296 ἀποθανεῖν.
878 3223 977 3308 αὐτὸς
1001 3224 1039 3296 δέ
1057 3233 1190 3315 Μιθρι-
1202 3249 1229 3292 ιο

224 3316 325 3405 δάτης
342 3320 423 3408 μετά
440 3322 607 3396 πλειόνων
625 3328 774 3416 διέφυγε.

298 3419 471 3509 Πομπήιος
495 3426 533 3495 δὲ
559 3432 607 3508 είς
633 3422 810 3517 Ἀρμενίαν
834 3431 991 3516 ἐνέβαλε,
1021 3431 1081 3498 τοῦ
1107 3427 1190 3498 νέου
