2562 3814
170 148 230 213 ης
500 147 570 198 Lm.
583 146 645 200 vn.
664 145 742 196 οιε.
756 145 804 198 xl.

168 295 227 378 τῆς
251 293 359 370 οἰκίας
376 282 631 376 ἀποδημοῦντα,
656 281 779 366 νυκτός
797 279 909 356 ἐλθάν
930 283 1012 374 πρὸς
1030 281 1136 374 αὐτὴν

170 389 214 474 ὡς
238 388 321 480 πρὸς
349 387 498 480 γαμετήν
526 391 711 478 συγγενοῦς
741 387 903 458 κατέλυσε
931 381 1012 477 παρ’
1039 381 1134 478 αὕτη.

170 493 227 562 καί
250 491 469 583 πρῶτονμὲν
499 487 608 578 λόγοις
638 493 754 580 ἐπείρα
784 489 1009 577 συγγενέσθαι
1037 485 1135 580 αὐτῇ,

171 594 241 666 εἶτα
266 595 322 663 καί
349 600 429 682 βίαν
459 597 645 681 προσῆγεν·
678 588 722 673 ὡς
753 587 786 659 δ’
813 585 916 661 οὐδέν
949 591 1134 678 ἐπέραινεν,

169 691 377 784 ἀποσφάξειν
399 689 595 783 ἠπείλησεν·
623 690 668 774 ὡς
687 689 725 762 δέ
748 692 803 761 καὶ
827 695 887 761 τοῦ
905 689 1056 762 θανάτου
1075 720 1162 763 noc-5

169 792 364 886 τωλιγάρει,
384 797 508 866 δοῦλον
520 802 824 884 παρακατακλινεῖν
837 789 922 883 αὐτῇ
936 796 1137 882 ἐπηπείλησε

136 899 225 970 Βκαί
248 894 349 988 άμφυ
373 913 508 967 κτανεῖν
537 897 594 965 καί
618 892 721 983 λόγον
752 891 933 966 διαδώσειν
957 889 1002 976 ὦς
1024 889 1136 986 εδριέν

170 997 291 1081 αὐτοὺς
310 995 604 1087 συγκαθεύδοντας
622 1002 757 1067 ἔκτεινε.
794 1001 892 1066 τοῦτο
909 993 971 1084 τὴν
984 1006 1136 1087 Λουκρη-

169 1108 246 1171 τίαν
269 1098 421 1190 ἐτάραξε,
445 1101 502 1170 καί
524 1105 718 1189 φοβηθεῖσα
740 1093 785 1187 μὴ
810 1103 1008 1186 πιστευθείη
1030 1094 1134 1170 ταῦθ’

169 1201 256 1272 οὕτω
278 1204 454 1290 γενέσθαι,
480 1201 632 1272 ἐνέδωκε.
668 1200 725 1270 καί
746 1211 964 1288 μοιχευθεῖσα
988 1203 1135 1289 ξιφίδιον
1150 1231 1175 1270 ιο

168 1298 235 1374 ὑπὸ
253 1299 289 1374 τό
309 1300 578 1394 προσκεφάλαιον
591 1309 699 1390 έθετο,
718 1303 775 1370 καί
786 1303 1065 1391 μεταπεμψαμένη
1077 1299 1136 1374 τόν

169 1432 206 1474 τε
223 1401 332 1495 ἄνδρα
355 1405 412 1476 καλ
429 1401 488 1476 τὸν
512 1402 655 1494 πατέρα,
680 1403 920 1492 συνεπομένων
944 1397 1058 1485 αὐτοῖς
1075 1407 1137 1476 τοῦ

169 1535 205 1576 τε
228 1505 382 1598 Βρούτου
407 1507 464 1575 καὶ
488 1511 642 1576 Ποπλίου
667 1499 875 1594 Οὐαλερίου,
907 1501 1135 1594 κατεδάκρυσε

169 1610 225 1676 καί
245 1605 431 1694 στενάξασα
454 1605 490 1676 τὸ
514 1608 625 1696 δρᾶμα
648 1607 717 1676 πᾶν
742 1604 937 1695 διηγήσατο·
965 1605 1036 1676 εέτα
1055 1604 1137 1696 ἐπή-

169 1736 252 1797 γαγε
277 1702 356 1778 “καί
387 1705 451 1796 ἐγώ
479 1707 542 1797 μέν
571 1705 612 1777 τὰ
635 1708 806 1798 πρέποντα
837 1711 962 1799 ἐμαυτῇ
992 1708 1134 1796 ποιήσω,
1148 1737 1176 1778 ιε

168 1807 265 1898 ὑμεῖς
290 1809 327 1878 δέ
351 1819 444 1898 εῖπερ
461 1805 582 1897 ἄνδρες
607 1811 697 1897 ἐστέ,
725 1806 933 1900 τιμωρήσατε
963 1809 1025 1898 μὲν
1050 1812 1134 1898 ἐμοί,

169 1908 425 2000 έλευθερτέθητε
449 1910 487 1980 δὲ
504 1906 616 2000 αὐτοί,
641 1912 698 1980 καί
719 1913 848 1994 δείξατε
866 1925 935 1992 τοῖς
956 1909 1135 2001 τυράννοις

169 2017 251 2084 οἵων
273 2010 369 2101 ὑμῶν
392 2008 500 2084 ὄντων
523 2017 599 2084 οἵαν
621 2026 766 2102 γυναῖκα
789 2008 963 2103 ὕβρισαν.”
999 2019 1134 2084 τοιαῦτα

170 2117 310 2184 είποῦσα
329 2110 435 2196 εὐθὺς
457 2112 494 2186 τὸ
512 2116 659 2203 ξιφίδιον
680 2111 902 2202 ὑφελκύσασα
925 2115 1135 2184 κατέκτεινεν

171 2213 304 2304 ἑαυτήν.
1145 2244 1172 2286 20

136 2332 157 2383 0
243 2312 458 2398 Ἀκούσαντες
490 2313 520 2385 δ’
555 2317 676 2387 ἐκεῖνοι
705 2318 809 2386 ταῦτα
839 2317 895 2384 καί
929 2314 1134 2406 θεασάμενοι

168 2415 417 2507 ὑπερήλγησαν.
459 2418 515 2486 καί
538 2417 586 2510 τῷ
603 2423 743 2512 Ποπλίφ
766 2414 947 2511 συμβοάλφ
971 2420 1026 2488 καί
1054 2443 1134 2508 προ·

168 2514 269 2610 θάμφ
294 2514 377 2607 πρὸς
402 2513 546 2610 τοῦργον
569 2516 586 2589 ὁ
610 2520 756 2609 Βροῦτος
785 2517 989 2610 χρησάμενος
1012 2517 1074 2609 τήν
1096 2546 1133 2588 τε

168 2634 313 2706 γυναῖκα
331 2628 465 2700 πολλοῖς
486 2623 555 2690 τοὲν
572 2622 633 2690 τοῦ
657 2617 765 2710 δήμου
789 2622 945 2710 κειμένην
966 2618 1133 2708 ὑπέδειξε,

168 2721 224 2789 καί
249 2718 330 2809 πρὸς
352 2720 432 2803 τούς
461 2720 594 2804 λοιποὺς
623 2719 855 2811 δημηγορήσας
883 2719 919 2793 τὸ
950 2723 1032 2812 πρὸς
1055 2719 1133 2804 τούς
1147 2753 1174 2793 ιε

66 2820 366 2912 ΨΙΙεετυράννους
382 2840 479 2913 μῖσος
498 2827 641 2912 ἐκφῆναι
664 2830 838 2911 πεποίηκε·
864 2826 920 2894 καὶ
944 2829 1058 2915 μηκέτι
1077 2826 1135 2894 δέ·

168 2925 291 3006 ξασθαι
308 2927 494 2998 συνέθεντο
511 2922 570 2996 τὸν
587 2923 786 3014 Ταρκύνιον.
816 2929 921 2997 ταῦτα
939 2926 977 2996 δέ
994 2924 1132 3015 πράξας,

166 3027 223 3094 καὶ
239 3023 302 3114 τὴν
319 3022 416 3096 πόλιν
440 3027 616 3116 ἐπιτρέψας
639 3043 708 3110 τοῖς
726 3025 855 3116 ἄλλοις,
881 3023 979 3109 αὐτὸς
997 3025 1078 3118 πρὸς
1097 3023 1133 3096 τὸ

167 3124 395 3215 στρατόπεδον
414 3127 625 3218 ἐξιππάσατο,
644 3131 700 3200 καί
717 3127 756 3200 τά
775 3124 862 3200 αάτά
879 3133 928 3222 τῷ
941 3127 1035 3224 δήμφ
1053 3148 1133 3199 συν-

168 3226 280 3297 έπεισε
303 3229 360 3297 καὶ
383 3227 460 3310 τούς
484 3227 686 3320 στρατιώτας
717 3237 940 3320 ψηφίσασθαι.
989 3228 1007 3300 ὁ
1033 3233 1073 3300 δέ
1094 3255 1133 3317 γε
1146 3258 1176 3299 ιο

171 3324 355 3416 Ταρκύνιος
372 3327 663 3420 τὰσυμβεβηκότα
680 3330 802 3421 μαθὼν
819 3334 875 3402 καὶ
895 3329 977 3421 πρὸς
994 3330 1057 3419 τὴν
1074 3330 1133 3402 πό-

166 3437 221 3498 λιν
246 3431 412 3518 έπειχθεὶς
442 3427 621 3522 άπεάσθη,
653 3435 709 3503 καί
739 3429 822 3521 πρὸς
850 3433 930 3516 τούς
961 3443 1133 3523 Ταρκυνη·
