2538 3824
180 144 244 209 452
477 147 550 197 ωε.
564 142 597 196 x,
617 145 695 202 σεε,
709 107 850 196 xxxva.

182 287 350 375 στρατιάς,
369 287 425 355 καὶ
443 282 580 368 ἐξάπινα
598 287 684 374 σφάς
703 281 759 354 διά
776 289 843 354 τῶν
857 283 1151 374 λοχμωδεστάτων,

182 395 333 476 ἔμπειροι
349 385 479 458 τούτων
495 384 600 469 ὄντες,
619 391 893 476 περιεστοίχισαυ.
937 389 993 456 καὶ
1011 394 1153 458 πλείστα

181 489 244 578 μὲν
261 489 318 558 καὶ
335 487 527 570 πλειστάκις
546 487 731 576 ἐκάκωσαν,
748 489 842 570 τέλος
861 486 898 558 δέ
915 494 983 560 τῶν
1001 489 1063 577 μέν
1076 483 1151 559 Ῥω-

147 595 293 680 Βμαίων
309 585 550 680 ἀποβαλόντων
567 586 729 678 πολλούς,
755 604 824 671 τοῖς
843 588 880 659 δέ
897 587 1080 682 βαρβάροις
1097 583 1152 662 άεὶ

182 694 457 782 προστιθεμένων
480 691 651 781 ὁμογενῶν
675 694 815 781 ἑτέρων,
839 691 923 783 ῥᾷον
946 696 982 761 οί
997 689 1180 781 Ῥωμαίοιε

183 789 405 882 κυκλούμενοι
424 793 642 882 ἐφονεύοντο,
667 789 751 864 ὥστε
775 795 831 862 καὶ
854 791 914 862 τδυ
933 792 1071 885 Οὔαρον
1095 795 1152 864 καὶ

182 894 260 976 τοὺς
282 893 419 976 λοιπούς
443 892 522 977 τούς
547 891 791 984 λογιμωτάτους
809 896 998 984 τρωθῆναι·
1034 902 1068 965 οἳ
1090 923 1153 984 φο-

183 995 348 1086 βηθέυτες
377 995 423 1087 μή
453 1003 674 1087 ζωγρηθῶσιν
704 992 799 1066 αύτοὶ
831 995 971 1078 ἑαυτούς
1005 991 1150 1068 άνεῑλυν.

181 1101 279 1169 τούτο
298 1103 336 1168 δδ
353 1096 489 1186 γνόντες
506 1100 563 1170 καί
580 1102 615 1169 σί
630 1102 758 1185 λοιποί,
781 1101 819 1168 οί
840 1097 903 1186 μέν
924 1095 984 1168 τόν
1006 1093 1153 1187 ἄρχοντα

183 1197 401 1289 ἐμιμήσαντο,
434 1205 470 1270 οί
489 1199 528 1270 δὲ
551 1196 592 1270 τά
614 1193 701 1269 ὅπλα
723 1199 874 1280 τιθέντες
899 1202 1080 1286 ἐπέτρεπον
1104 1202 1154 1294 τῷ
1168 1231 1194 1270 10

182 1303 377 1396 βουλομέυφ
400 1298 560 1390 φονεύειν
582 1297 715 1382 αύτούς.
753 1297 929 1390 ἐκόπτοντο
952 1291 1015 1371 οὖν
1032 1296 1153 1390 άδεῶς,

182 1404 239 1472 καὶ
262 1401 303 1474 τά
329 1400 476 1492 ἐρύματα
499 1399 609 1474 πάντα
631 1405 793 1491 κατέσχον
815 1407 850 1472 οί
865 1399 1046 1493 βάρβαροι,
1072 1399 1153 1492 άτερ

183 1501 269 1592 ἑνός,
286 1506 363 1595 περὶ
380 1499 400 1574 ὃ
416 1502 660 1594 άσχοληθέντες
677 1499 755 1574 οὕτε
771 1501 831 1574 τόν
852 1501 968 1593 Ῥήνου
991 1504 1155 1594 διέβησαν

182 1602 254 1675 οὔτ’
282 1608 315 1686 ἐς
339 1603 401 1693 τήν
423 1612 593 1676 Γαλατίαν
616 1604 800 1693 εἰσέβαλον.
837 1601 911 1675 ἀλλ’
937 1601 1014 1677 οὐδ’
1043 1609 1154 1677 ἐκεῖνο

150 1725 171 1774 c
183 1704 412 1796 χειρώσασθαι
448 1703 689 1796 ἠδυνήθησαν,
735 1708 807 1776 ἐπεὶ
840 1703 923 1795 μήτε
957 1715 1153 1796 πολιορκεῖν
1167 1735 1192 1775 15

182 1806 365 1898 ήκίσταντο
383 1809 438 1878 καί
456 1805 603 1891 τοξόταις
619 1812 655 1878 οί
670 1803 822 1897 Ῥωμαῖοι
839 1825 975 1898 συχνοῖς
995 1811 1152 1898 ἐχρῶντο,

184 1911 217 1992 ἐξ
248 1898 297 1980 σόν
326 1910 384 1980 καὶ
412 1905 636 1981 άνεκόπτοντο
666 1911 723 1980 καὶ
757 1918 908 1980 πλεῖστοι
942 1907 1152 1981 άπάλλυντο.

182 2007 264 2099 μετά
289 2010 327 2082 δέ
348 2015 448 2083 τοῦτο
471 2011 660 2102 πυθόμενοι
682 2008 840 2101 φυλακήν
861 2014 921 2081 τοῦ
940 2009 1056 2100 Ῥήνου
1073 2009 1153 2093 τούς

178 2107 357 2203 Ῥωμαίους
379 2111 587 2202 ποιήσασθαι
611 2115 667 2183 καί
691 2109 750 2183 τόν
781 2115 936 2202 Τιβέριον
964 2110 1031 2184 σύν
1054 2119 1156 2203 βαρεῖ

181 2211 427 2304 προσελαύνειν
444 2213 676 2306 στρατεύματι,
694 2219 730 2285 οί
742 2214 806 2304 μέν
822 2216 940 2285 πολλοὶ
963 2212 1150 2302 άπανέστη-
1165 2242 1194 2282 εο

182 2338 247 2388 σαν
262 2321 324 2386 τοῦ
342 2313 522 2406 ἐρύματος,
545 2319 580 2386 οί
602 2313 634 2384 δ’
661 2313 924 2404 ὑπολειφθέντες
947 2312 1152 2397 ἀποστάντες
1265 2371 1267 2376 .

182 2411 306 2504 αὐτοῦ,
333 2413 418 2486 ὥστε
443 2413 488 2506 μή
511 2421 695 2506 αἰφνιδίως
720 2414 948 2500 ἐπεξελεύσεσι
972 2423 1041 2487 τῶν
1059 2413 1153 2498 ἐντός

182 2521 390 2605 κακοῦσθαι,
408 2516 466 2600 τάς
483 2511 585 2600 ὁδούς
604 2515 762 2608 ἐτήρουν,
782 2516 902 2590 σπάνει
920 2525 1037 2589 σιτίων
1054 2515 1155 2608 αίρή·
1199 2547 1202 2552 ·

182 2637 255 2690 σειν
272 2616 447 2708 ήλπικότες
471 2614 603 2702 αύτούς.
640 2623 675 2691 οἱ
697 2617 729 2690 δ’
755 2617 849 2701 ἐντός
871 2617 966 2702 ὄντες
983 2618 1152 2710 Ῥωμαῖοι,

146 2740 149 2746 ’
183 2722 246 2802 ἕως
263 2721 326 2810 μὲν
343 2716 512 2812 εὐπόρουν
529 2725 666 2812 τροφῆς,
684 2720 767 2792 κατά
785 2719 898 2810 χάραν
915 2727 1046 2811 έμενον,
1069 2719 1154 2810 βοή·
1165 2748 1195 2788 τε

148 2821 577 2914 Βθειανπροσδεχόμευοι·
619 2818 663 2905 εἷς
683 2821 715 2892 δ’
735 2819 812 2894 οὔτε
829 2852 878 2906 τις
897 2821 1070 2912 ἐπεκούρει
1088 2817 1154 2893 αύ-

183 2939 254 3006 τοίς
271 2926 328 2996 καὶ
346 2929 431 3018 λιμῷ
445 2933 652 3015 συνείχοντο,
671 2927 815 3013 ἐξῆλθον
827 2922 935 2996 νύκτα
945 2923 1154 3014 τηρήσαντες

183 3027 361 3116 χειμέριον,
379 3015 467 3114 ἦσαν
484 3027 522 3096 δέ
539 3028 737 3119 στρατιῶται
753 3027 816 3116 μὲν
832 3021 956 3115 ὀλίγοι,
974 3023 1096 3096 ἄοπλοι
1113 3026 1155 3096 δὲ

183 3134 312 3214 πολλοί,
330 3129 386 3197 καί
404 3125 442 3198 τὸ
461 3127 523 3216 μέν
540 3131 673 3217 πρῶτον
690 3130 746 3198 καὶ
759 3127 796 3198 τό
811 3125 970 3218 δεύτερον
982 3125 1155 3217 φυλακτή-

185 3452 228 3502 nis
247 3382 401 3506 οΙολῶιὲαλετοὶ
414 3381 542 3455 ἐρύματα
561 3417 591 3428 -
609 3395 642 3444 28
659 3384 764 3446 ἄοπλοι
777 3388 811 3445 δὲ
823 3393 928 3446 πολλοί
942 3395 1073 3446 omittunt
1083 3391 1156 3444 Dio-

329 3472 342 3507 e
360 3493 366 3506 .
