2586 3800
455 145 527 200 LIB,
541 145 588 194 xl.
609 143 687 196 GAP.
699 145 772 196 XVI.
1056 147 1099 211 49

197 282 370 376 Ἐπράχθη
389 281 480 354 δὲ
444 311 483 354 τα
501 286 560 371 της
576 281 832 367 ἐπαναστάσεως
846 275 922 356 ωδε.
946 284 1098 359 Οὐεσπα-

123 385 239 468 σιαυός
258 388 296 458 έν
308 383 435 457 Ἰουόαί
432 414 455 478 ρι
474 391 569 476 διατρ
572 383 710 474 ίβων,“
687 413 731 467 ως
748 385 814 474 γάρ
830 386 897 476 ἤδη
917 387 1097 481 ἱστόρηται,

2 557 3 562 ,
123 516 214 579 παρα
203 476 431 579 Νέρωνος
410 515 454 574 ην
480 489 587 558 ἐκεῖσε
609 489 740 570 σταλεὶς
764 485 820 558 θιά
843 487 905 578 τὴν
929 493 998 561 τῶν
1012 487 1096 564 ’·Ιου

124 598 231 662 δαίων
255 588 423 662 άποστασί
421 617 481 678 αυ,
518 591 565 682 τῷ
602 589 665 677 μὲν
644 586 813 682 νΓάλβα
831 587 1097 716 αὐταρχηραντι

2 719 3 722 ’
56 693 181 765 ετόν
198 691 277 764 υίόν
293 699 421 780 έπεμψε
439 697 538 762 Τίτον
551 691 781 782 προσεροῦντα
799 689 918 764 αὐτόν·-
939 696 1143 766 &naveh-wll
1150 712 1199 764 193

2 815 3 818 ’
124 795 247 876 θόντος
266 793 304 864 66
321 821 381 864 του
368 796 514 881 Τίτον,
534 793 605 862 έπεὶ
624 789 703 862 καθ’
724 787 806 864 όὸόυ
821 794 1073 885 ἐμεμαθηκει
1036 827 1098 888 την

125 902 186 968 τοῦ
207 893 408 966 Οὐιτελλίου
424 897 481 966 καλ
499 898 560 965 τοῦ
569 891 722 977 Ὄθωνος
748 893 988 986 ἐπανάστασιν,
1015 900 1097 992 πρός

124 1003 311 1124 μοναρχίαν
329 998 385 1067 καὶ
404 992 504 1079 αὐτὸς
522 990 681 1085 ωρμήθη,
705 992 789 1068 κατά
811 996 871 1070 τόν
887 1006 1014 1071 Δίωνα.
1052 1001 1096 1083 ἀς

125 1096 193 1171 δ”
178 1129 197 1170 ο
211 1095 369 1188 Ιωσηπος
386 1101 480 1170 έν
440 1127 481 1190 τη
498 1103 556 1189 τῆς
580 1093 737 1180 ἁλώσεως
761 1103 891 1222 ίστορία
914 1109 1099 1192 φησίν,οί

84 1225 111 1265 1⁰
123 1231 183 1293 μετ
229 1199 334 1273 αὐτοῦ
365 1204 562 1290 στρατιῶται
593 1197 760 1290 μαθόντες
790 1197 868 1284 τούς
898 1203 960 1292 μέν
990 1207 1027 1275 έν
1054 1209 1095 1298 τῇ

122 1300 274 1396 Εὐρώπη
297 1300 447 1386 Γαλάτας
465 1298 711 1384 στασιάσαντας
729 1299 867 1390 Γάλβαν
884 1315 1095 1396 προχειρίσα-

122 1417 205 1477 σθαι
228 1402 475 1496 αὐτοκράτορα,
498 1401 578 1485 τούς
605 1402 638 1473 6'
667 1407 704 1475 έν
721 1412 1095 1497 Γερμανίαστρατεοο-

121 1511 245 1597 μένους
269 1504 477 1579 ἀνθελέσθαι
500 1505 560 1577 τὸν
585 1500 799 1594 Οὐιτέλλιον,
828 1507 907 1590 τούς
933 1506 963 1577 6'
992 1511 1029 1581 έν
1052 1517 1093 1600 τῇ
1105 1523 1127 1572 Β

118 1607 227 1702 Ῥάμη
245 1617 524 1700 προχειρίσασθαι
533 1603 688 1698 Ὀθωνα,
706 1609 763 1679 καὶ
781 1603 877 1680 αὐτοὶ
893 1609 956 1697 τὴν
973 1639 1095 1701 μοναρ-

2 1749 3 1753 ’
82 1732 110 1773 ¹⁵
123 1718 201 1803 χίαν
218 1715 264 1806 τῷ
283 1711 434 1805 σφετέρῳ
455 1713 666 1799 ’ἐψηφίσαντο
690 1713 880 1805 στρατηγῷ,
907 1713 963 1782 καί
986 1740 1095 1804 παρα-

121 1811 344 1904 κροτήσαντες
362 1809 527 1901 ἀλλήλους
545 1807 780 1901 ἀνηγόρευσαν
803 1811 862 1884 τόν
882 1811 1094 1886 Οὐεσπασια-

121 1914 185 1987 νὸν
219 1911 447 2008 αὐτοκράτορα
484 1915 540 1984 καὶ
575 1911 693 1998 σοόζειν
727 1912 791 2001 τὴν
826 1919 895 1986 τόν
923 1913 1095 2007 Ῥωμαίων

3 2083 5 2086 .
122 2011 308 2106 ἡγεμονίαν
331 2015 604 2088 κινδυνεύουσαν
627 2012 849 2104 παρεκάλουν.
884 2013 1095 2107 ἀρνουμένου
1181 2034 1183 2040 ’

3 2125 5 2206 j
123 2113 157 2188 δ’
179 2121 309 2190 έκείνου
327 2124 360 2190 οί
377 2120 439 2209 μέν
456 2113 870 2208 ἡμεμόνεςπροσέκειντο,
888 2121 922 2186 οί
939 2117 976 2186 66
993 2138 1095 2207 στρα-

81 2240 107 2282 20
121 2223 239 2292 τιούται
247 2225 488 2312 περιχυθέντες
501 2216 669 2342 ξιφήρεις
660 2215 794 2290 ἀνελεῖν
805 2212 969 2304 ἠπείλουν
978 2213 1093 2290 αὐτόν.

4 2353 10 2390 c
119 2313 331 2396 πείθεται
293 2351 356 2394 ουν
363 2376 373 2412 ,
397 2323 453 2393 καὶ
471 2325 655 2417 πρῶτον
622 2324 669 2392 τω
694 2315 757 2410 τὴν
779 2315 887 2410 ἀρχὴν
909 2325 967 2409 τῆς
986 2317 1091 2408 Αἰγό-

18 2445 21 2452 ·
119 2449 207 2520 πτου
233 2423 389 2496 ίθύνοντι
408 2426 590 2496 ἐπιστέλλει
607 2425 770 2512 περὶτῶν
785 2419 858 2492 κατ’
885 2418 1005 2493 αὐτόν
1037 2425 1094 2494 καὶ

5 2549 6 2554 ’
118 2524 160 2608 ὃς
177 2513 283 2610 εὐθύς
301 2522 530 2618 ἀνηγόρευσεν
547 2523 651 2612 αὐτὸν
667 2523 903 2646 αὐτοκράτορα.
938 2519 1094 2596 Οὐεσπα-

5 2701 6 2706 ,
119 2628 237 2710 σιαυός
262 2627 300 2698 66
322 2631 419 2699 τοῦτο
443 2625 565 2718 μαθων
587 2625 647 2698 τόν
671 2628 795 2717 μὲν
755 2654 814 2716 της
836 2622 1008 2714 Συρίας
989 2627 1091 2717 ηνοό·

80 2749 107 2792 25
122 2757 226 2818 μενον
239 2730 439 2802 Μουκιανὸν
460 2736 508 2812 είς
524 2757 586 2818 την
600 2725 742 2801 Ἰταλίαν
756 2725 856 2799 έπὶ
823 2756 883 2798 τον
898 2723 1094 2801 Οὐιτέλλιον
1151 2789 1153 2794 .

120 2837 283 2922 ἔπεμψαν.
319 2826 375 2902 ότι
398 2833 454 2902 καί
479 2831 538 2902 τόν
556 2829 712 2920 Ἑβραῖον
726 2825 904 2916 Ἰεόσηπον,
928 2823 965 2908 ὃς
989 2825 1127 2898 αὐτόνο

6 3007 7 3010 ,
122 2939 171 3003 ἔτι
204 2939 327 3018 ζῶντος
357 2936 417 3004 τοῦ
447 2935 606 3022 Νέρωνος
637 2927 865 3017 αὐτοκράτορα
901 2945 1094 3020 προσειπεῖν

123 3031 310 3126 ἐθάρρησε,
335 3032 510 3124 δεσμώτην
528 3041 576 3104 ἔτι
600 3029 680 3103 όντα
698 3025 774 3120 παρ’
793 3026 959 3123 αὐτῷκαὶ
977 3028 1094 3119 αἰχμά-

191 3265 337 3334 8Δίιονα]
366 3268 509 3318 Ηιείοεὶεε
538 3265 681 3317 Romanae
710 3263 850 3329 1.οο,ο
867 3263 892 3317 8
928 3265 944 3314 9
974 3253 1011 3322 ὥς
1030 3251 1087 3314 δ’
1075 3279 1091 3314 ο

118 3325 326 3400 Ἰοόσηπος-
360 3338 394 3387 23
424 3327 514 3388 αὐτόν
540 3324 765 3411 αὐτοκράτορα]
798 3331 922 3411 Iosephi
947 3329 981 3382 de
1016 3330 1092 3384 bello

122 3402 237 3454 Iudaico
266 3403 285 3454 l.
303 3405 334 3470 4,
365 3419 387 3458 c.
407 3405 446 3456 10.
476 3405 510 3454 26
538 3389 586 3454 ότε
615 3399 717 3454 mxl—-
682 3418 760 3468 -ρ,
774 3402 820 3466 50,
850 3401 867 3452 8
890 3391 943 3464 τὴν
973 3387 1090 3465 ἅλυσιν]

123 3469 236 3536 Iosephi
253 3469 288 3522 de
305 3441 380 3523 b'ello
398 3470 549 3524 Ιαὰεἱσοί.
567 3472 592 3536 4,
612 3486 635 3522 ο,
656 3471 730 3522 107.

173 3567 299 3608 noxum
316 3569 364 3610 m.
818 3585 821 3592 ¹
919 3556 940 3614 4
