2546 3822
235 113 300 178 370
542 115 613 170 mss.
633 113 883 170 xv.cA1³.x1v.
976 131 981 137 -

236 261 354 336 ἔστενε
378 254 416 324 δέ
440 255 497 323 καὶ
522 253 585 323 τόν
601 252 682 324 νίδν
700 249 807 324 αάτοῆ
825 253 1039 343 Σταυράκιον
1056 251 1074 324 6
1092 263 1184 340 Νικη-
1228 277 1229 280 ’

235 355 353 453 φόρος,
372 361 509 445 είδεχθῆ
527 382 564 424 τε
581 361 660 424 λίαν
677 353 759 426 ὄντα
777 356 836 426 καὶ
853 351 963 444 ἀφελῆ
982 357 1037 425 καὶ
1054 354 1129 445 μήτε
1145 351 1183 423 εἶ-

204 463 293 540 Οδος
319 456 400 547 μῆτε
425 455 493 546 μῆν
519 453 737 544 γενναιότητα
754 456 836 546 μῆτε
854 457 993 528 σύνεσιν
1009 462 1123 546 ἔχοντα
1137 483 1183 524 τν-

236 563 395 650 ραννίδος
419 558 545 641 ἐπάξια.
580 563 644 626 τοῦ
666 559 780 648 μέντοι
805 557 1008 650 πατριάρχου
1037 561 1184 648 Ταρασίον

235 660 297 732 τδυ
321 667 398 748 βίον
422 658 664 750 μετηλλαχότος
689 659 772 729 κατά
796 659 859 748 τῆν
884 659 1021 752 πρώτην
1039 657 1200 747 ἕβδομάδτι

234 767 304 832 τῶν
328 766 507 850 νηστειῶν,
534 760 727 851 Νικηφόρος
752 759 770 831 ὁ
796 759 946 851 ἀοίδιμος
977 760 1080 855 υῆφςο
1108 761 1184 847 κοινῆ

235 859 319 933 κατά
344 861 408 951 τῆν
432 869 493 932 τοῦ
511 861 624 951 πάσχα
647 861 813 952 κυριακῆν
837 862 1042 954 πατριάρχης
1059 887 1185 950 κεχειρο-

235 964 367 1053 τόνητο,
387 962 565 1055 ἀσηκρῆτις
583 963 781 1054 τυγχάνων,
800 964 984 1046 Πλάτωνος
1002 964 1061 1033 καὶ
1079 958 1185 1034 Θεοδά·

236 1094 298 1155 ρον
317 1071 378 1134 τοῦ
396 1065 574 1152 γεγονότος
591 1062 784 1155 ἡγουμένου
802 1071 863 1152 τῆς
880 1071 942 1140 τοῦ
962 1069 1129 1136 Στονδίου
1143 1087 1185 1152 μο-
1228 1097 1229 1102 ’

234 1173 295 1254 νῆς
332 1163 585 1238 στασιασάντων
620 1165 678 1236 διά
706 1165 771 1256 τῆν
803 1171 864 1236 τοῦ
896 1167 1047 1256 μάκαρος
1078 1170 1209 1237 ἐκείνων

235 1273 460 1358 χειροτονίαν,
489 1267 539 1338 ὅτι
565 1265 699 1358 ἀθρόως
727 1271 764 1338 ἐκ
781 1273 911 1338 λαίκτόν
928 1274 976 1349 είς
992 1266 1059 1357 τῆν
1076 1270 1186 1337 ἐπισκο-

161 1404 172 1417 «
236 1369 305 1458 πῆν
322 1375 584 1460 προκεχείριστο,
603 1377 711 1439 καίτοι
726 1368 848 1440 τούτου
863 1369 1025 1450 πολλάκις
1039 1366 1186 1460 πραχθέν-

234 1499 299 1554 τος.
336 1468 397 1552 οδς
415 1472 472 1540 καὶ
490 1469 656 1540 ἀπελάσαι
672 1477 731 1559 τῆς
744 1470 875 1552 πόλεως
893 1468 912 1541 ὁ
928 1470 1091 1558 βασιλεάς
1109 1471 1186 1556 ἐβου-

237 1573 392 1659 λεύσατο,
411 1571 453 1642 ov'
473 1571 541 1662 μῆν
559 1572 616 1642 καί
636 1578 684 1652 είς
703 1578 804 1662 ἔργον
817 1570 855 1642 τδ
869 1571 1047 1662 βούλευμα
1060 1569 1186 1660 ῆνεγκεν.

236 1675 302 1744 εἰσὶ
320 1671 355 1742 δ’
375 1680 413 1743 οδ
426 1674 563 1761 λέγουσι
580 1678 705 1761 σκῆψιν
723 1671 810 1742 εἶναι
833 1672 870 1744 τό
890 1673 1067 1744 στασιάσαι
1083 1666 1210 1746 αότοάς15

203 1773 295 1844 Βδιά
327 1773 365 1844 τδ
397 1773 433 1844 ἐκ
464 1779 592 1844 λαϊκάν
615 1775 777 1860 γενέσθαι
800 1773 1008 1866 πατριάρχην
1033 1774 1092 1845 τόν
1116 1768 1187 1860 ἱερὸν

238 1873 456 1964 Νικηφόρον,
482 1873 519 1944 τὸ
544 1871 578 1944 δ’
614 1873 739 1965 ἀληθὲς
770 1886 878 1946 αίτιον
902 1880 1086 1968 φιλαρχίαν
1114 1870 1186 1944 εἶναι

238 1975 424 2066 ἠβούλοντο
442 1975 506 2070 γάρ
524 1982 582 2065 τῆς
602 1978 777 2066 ἐκκλησίας
792 1979 962 2066 ἐγκρατεῖς
979 1969 1186 2064 γενέσθαικαὶ
1228 2025 1229 2030 1

238 2084 301 2148 τοῦ
319 2075 550 2170 ἀρχιερατικοῦ
568 2084 628 2167 τῆς
645 2078 1040 2161 Κωνσταυτινονπόλεως
1059 2081 1187 2165 ἐπιβῆναι
1227 2087 1229 2166 ξ

135 2193 278 2246 W111100
289 2179 421 2270 θρόνου
435 2181 514 2272 περὶ
523 2187 685 2250 πλείστου
698 2187 891 2268 πεποίηντο.
908 2186 956 2272 τῷ
971 2179 1009 2250 δέ
1022 2185 1090 2274 υἱῷ
1102 2174 1207 2247 αάτιάν
1227 2169 1229 2194 '

239 2289 447 2373 Σταυρακίῳ
465 2280 653 2370 ἀγαγέσθαι
665 2296 812 2370 γυναῖκα
829 2279 848 2350 ὁ
861 2280 1019 2370 βασιλεάς
1032 2274 1186 2370 βουληθείς

240 2383 404 2472 Θεοφανά
432 2382 494 2470 τῆν
516 2381 719 2472 Ἀθηναίαν,
743 2389 913 2474 προσγενῆ
936 2385 996 2476 τῆς
1016 2387 1186 2470 βασιλίσσης

238 2483 388 2572 Εἰρήνης
407 2476 517 2552 οὖσαν
534 2486 592 2553 καί
609 2483 675 2572 ῆδη
693 2484 973 2573 κατηγγυημένην
990 2481 1110 2574 ἀνδρί,
1132 2483 1186 2548 δια-

237 2583 352 2668 ζεύξας
383 2581 492 2652 αάτοά
522 2583 681 2674 ἀθέσμως
711 2591 759 2679 τςά
791 2591 996 2678 Σταυρακίμ
1028 2580 1187 2667 συνέζευξα

123 2747 125 2751 .
237 2691 452 2778 πανσπερμία
477 2685 515 2756 δέ
540 2693 757 2775 παντοδαπῆς
782 2693 900 2768 κακίας
917 2678 1016 2768 οὗτος
1034 2682 1208 2774 τνγχάνονῠ

234 2786 253 2858 ὁ
275 2787 497 2879 αὐτοκράτωρ
522 2784 564 2858 οά
585 2791 733 2859 διέλιπεν
750 2787 835 2858 ἀλλα
855 2785 908 2858 ἐπ’
928 2787 1039 2870 ἀλλοις
1058 2793 1105 2868 είς
1122 2803 1186 2855 συν·

234 2888 352 2980 τριβῆν
377 2895 446 2960 τάν
472 2887 636 2978 ὑπηκόων
654 2889 902 2978 ἐπινοοάμενος.
938 2887 1064 2976 ὀλίγων
1081 2884 1148 2956 δ’ί
1175 2917 1188 2926 ·

182 3070 189 3076 „
233 2991 492 3080 μνησθήσομαι,
518 2988 559 3060 τά
578 2990 685 3062 πολλά
705 2996 854 3082 παρεάν,
872 2987 920 3060 ἵν’
940 2987 986 3072 ἀς
1005 2993 1041 3060 ἐκ
1058 2985 1188 3078 πλῆρννί

131 3099 342 3184 ΡΙΠῃπίθον
367 3097 478 3182 γεῆμα
503 3099 610 3162 ταῦτα
634 3107 704 3174 τοῖς
727 3098 769 3183 τῆ
796 3097 927 3184 ίστορίρι
946 3090 1189 3179 ἐντυγχάνουσιν

201 3200 375 3264 Αίσοιυτο.
411 3195 653 3283 στρατεύεσθαι
678 3193 760 3276 τοάς
783 3190 933 3286 ἀπόρους
960 3196 996 3262 ἐκ
1012 3197 1081 3262 τάν
1097 3181 1211 3276 θῆτά-λ

235 3321 303 3362 των
322 3296 478 3364 ἐθέσπισε
495 3296 552 3364 καὶ
577 3294 668 3385 παρά
692 3301 762 3366 τάν
785 3292 970 3387 δμοχάρωυ
987 3293 1073 3366 ὅπλα
1089 3317 1123 3362 τε
1138 3281 1189 3356 αό-

234 3407 307 3471 ῖθῑς
325 3405 543 3485 χορηγεῖσθαι
560 3397 617 3466 καὶ
635 3393 839 3486 ἀναλάματα
852 3397 909 3466 καὶ
926 3395 966 3466 τά
984 3400 1051 3466 τάν
1068 3388 1189 3480 ἀπόρων
