2546 3822
348 163 418 217 121ss.
437 165 494 220 xv.
515 165 594 220 ονε.
613 167 661 220 v1.
674 166 735 218 v11.
968 164 1032 230 349

59 304 176 394 βάρου
194 305 344 392 ἐγένετο,
367 305 424 374 καλ
448 301 489 374 οό
514 311 631 394 μείους
650 302 848 396 ἐλήφθησαν
867 307 1031 396 δοριάλω-

59 432 120 492 τοι,
146 406 265 474 πολλοὶ
289 405 328 474 δὲ
353 407 410 475 καὶ
427 411 475 498 τῷ
492 413 625 493 βασιλεῖ
640 407 911 498 προσεχώρησαν.
948 405 1032 478 κάν-

60 513 188 577 τεῦθευ
215 508 376 595 ἐπαρθεὶς
397 514 571 595 θρίαμβον
595 509 651 577 ἐπὶ
674 511 716 598 τή
734 514 814 598 νίκη
832 506 1036 597 κατήγαγεν,

62 605 165 688 αότός
188 607 251 695 μὲν
276 615 482 696 πανοπλίτης
509 607 606 678 διιοόυ
631 607 710 698 μεθ’
743 607 952 698 ὡπλισμένης
976 617 1034 697 της

34 713 229 798 σστρατιάς,
254 708 335 790 τοός
353 707 386 778 δ’
405 709 638 798 αἰχμαλώτους
655 715 814 799 δεσμίους
833 703 939 797 άγοιν,
963 725 1033 791 τοῖς
1094 789 1097 794 ,

60 809 177 890 ὅπλοις
203 807 311 880 αὐτοῦ
334 810 398 899 τήν
421 819 532 899 νίκην,
556 805 635 880 ἄλλ’
661 809 702 881 οό
725 817 768 901 τῇ
791 818 872 902 θείᾳ
890 812 1033 900 δυνάμει

62 910 340 1000 ἐπιγραφόμενος.
375 913 433 981 καὶ
448 908 534 1001 μετά
551 911 610 981 τόν
626 918 798 1002 θρίαμβον
815 911 897 994 τοός
915 918 1033 1001 αίχμα-

61 1011 192 1093 λοότους
210 1011 339 1093 πάντας
357 1011 580 1102 άναιρεθήυαι
597 1014 811 1102 προσέταξεν.

139 1113 264 1199 Γέγονε
282 1113 321 1184 δὲ
338 1113 463 1202 χειμοδν
478 1117 515 1183 ἐν
527 1128 601 1196 ταῖς
617 1111 755 1204 ἡμέραις
772 1120 831 1202 τῆς
848 1111 1065 1203 αόταρχίαςί

22 1231 48 1274 10
63 1211 170 1284 αὐτοῦ
195 1215 312 1302 μέγας,
337 1215 422 1286 ὥστε
438 1214 484 1305 μή
502 1214 612 1305 μόνον
628 1214 709 1296 τοός
726 1213 900 1303 ποταμοός
918 1219 955 1284 ἐκ
971 1222 1033 1285 τοῦ

62 1315 195 1404 τρόχους
214 1322 520 1406 κρυσταλλοιθήναι
533 1316 662 1404 διόλου,
675 1313 762 1386 άλλά
775 1315 832 1385 καλ
845 1313 954 1404 αότήν
971 1315 1033 1403 τήν

60 1415 242 1486 θάλασσαν
264 1415 327 1504 τήν
350 1415 507 1512 άρκτρίαν
532 1419 588 1488 ἐπὶ
602 1417 723 1489 στάδια
740 1417 832 1486 πάνυ
850 1415 958 1486 πολλοὶ
975 1418 1135 1488 καὶΡΙΙιιο

60 1517 120 1586 τόν
149 1523 212 1586 τοῦ
234 1524 365 1588 Στενοῦ
395 1519 552 1606 πορθμόν
582 1521 638 1588 καλ
667 1517 728 1587 τόν
759 1521 795 1587 ἐκ
820 1524 879 1606 τής
902 1505 1066 1599 πόλεοιςᾹ

61 1615 146 1708 πρὸς
164 1617 390 1708 Χρυσόπολιν.
427 1617 492 1690 εἶτ’
512 1612 614 1700 αὖθις
639 1625 687 1713 τῷ
704 1618 902 1712 κρυστάλλῳ
921 1614 1032 1708 χιόνος

20 1740 47 1780 1⁵
63 1719 299 1808 ἐπιπεσούσης,
316 1717 475 1807 κάκείυης
493 1723 530 1789 ἐκ
547 1726 609 1788 τοῦ
625 1719 752 1808 κρύους
765 1725 1032 1808 συμπιληθείσης

58 1821 117 1890 καὶ
140 1825 475 1910 κρυσταλλοιθείσης,
506 1825 768 1909 πεζοποροῦντες
793 1824 829 1892 οί
855 1819 1032 1910 ἄνθρωποι

59 1921 202 2012 διήεσαν
225 1921 286 1992 τόν
309 1921 468 2012 πορθμόν
492 1927 553 1992 τοῦ
580 1927 712 1992 Σπευοό
735 1923 792 1991 καὶ
821 1919 882 1992 τόν
913 1925 949 1992 ἐκ
972 1929 1031 2010 τής

7 2103 9 2108 ,
59 2023 191 2104 πόλεως
208 2021 294 2113 πρός
312 2023 542 2112 Χρυσόπολιν,
561 2019 823 2111 άχθοφοροῦντά
845 2050 881 2092 τε
903 2021 1031 2106 όποζό-

59 2152 116 2212 για
146 2125 203 2192 καὶ
233 2123 311 2211 βόες
334 2121 461 2213 ἁμάξας
486 2128 640 2204 ἕλκοντες
664 2121 730 2193 σόν
760 2122 875 2214 φόρτμ
906 2125 1030 2214 πολλῷ.

20 2229 161 2294 εοτοότο
185 2224 223 2294 δὲ
245 2225 303 2292 καὶ
329 2227 366 2294 ἐν
389 2239 463 2306 ταῖς
486 2224 603 2305 άλλαις
626 2222 814 2303 θαλάσσαις
838 2221 915 2292 τότε
932 2223 1028 2308 γενέ-

60 2335 142 2396 σθαι
168 2325 308 2412 λέγεται.
348 2323 420 2395 εἶτα
443 2332 505 2396 του
529 2321 627 2414 άέρος
650 2325 869 2413 θαλφθέντος
892 2323 1031 2414 διήρητο

21 2471 22 2476 1
58 2433 129 2497 τῶν
154 2427 374 2517 κρυστάλλων
397 2426 435 2497 τό
464 2426 603 2516 συνεχὲς
625 2427 683 2496 καλ
708 2431 756 2506 είς
779 2425 931 2515 τμήματα
955 2429 1030 2494 δια-
1071 2423 1072 2426 “

59 2529 211 2600 κέκοπτο.
252 2535 388 2618 πυεόμα
411 2529 450 2598 δὲ
473 2535 627 2598 πνεῦσον
650 2525 782 2617 άθρόον
812 2525 965 2616 σφοδρόν
995 2539 1030 2596 ιε’

61 2629 117 2694 καὶ
147 2636 260 2714 βίαιον
289 2626 417 2718 ήλαυνε
447 2629 503 2700 διά
531 2635 589 2718 τής
612 2629 787 2717 θαλάσσης
811 2626 852 2696 τά
878 2627 1030 2718 τμήματα

22 2745 49 2788 2⁵
62 2722 167 2797 οὐδὲν
189 2728 366 2800 άπεοικότα
388 2737 524 2818 βουνόν
550 2731 706 2820 μεγάλων
728 2723 749 2818 ἢ
774 2728 888 2816 νήσων
920 2737 1063 2799 mlv-B

10 2895 11 2898 ,
60 2827 221 2917 πλέθρων
236 2836 353 2899 τινῶν·
385 2827 436 2912 οἷς
459 2833 516 2900 καὶ
532 2838 600 2926 ζῷα
622 2830 724 2918 άγριά
740 2857 777 2899 τε
793 2821 850 2898 καὶ
867 2827 1026 2917 χειροήθη

60 2930 338 3019 συνεπεπήγεσαν
361 2933 553 3018 πεδηθέντα
576 2937 623 3024 τῷ
650 2930 848 3023 κρυστάλλῳ
866 2930 923 2998 καὶ
940 2924 1028 2999 άπο-

61 3029 224 3115 δόξαντα.
257 3031 389 3102 τούτων
405 3038 474 3102 τῶν
496 3032 716 3122 κρυστάλλων
733 3030 807 3102 τινὰ
824 3031 1026 3118 τοίςπαρά-

61 3141 133 3213 λοις
157 3139 279 3221 τείχεσι
306 3139 366 3223 τής
390 3132 519 3216 πόλεως
542 3141 585 3224 τή
608 3137 761 3226 βίριτοῑν
784 3131 919 3220 άνέμοον
944 3129 1025 3200 καθ’

21 3253 49 3294 ³0
62 3231 201 3304 όδάτυν
217 3233 300 3323 μετά
314 3234 423 3324 βάμης
436 3240 587 3324 σφοδράς
600 3234 849 3324 κυλινδούμευα
863 3231 908 3314 οἱς
921 3253 1029 3321 προσ·

62 3334 218 3424 ήραττον,
242 3337 426 3424 κατέβαλον
449 3333 558 3417 εόθός
583 3335 624 3405 τά
643 3335 949 3425 προσαραττόμενα,
973 3335 1029 3402 καὶ

63 3433 106 3507 οό
130 3435 172 3506 τά
195 3443 287 3526 τείχη
310 3437 418 3527 μόνον
434 3435 621 3528 ήρίπυντο,
646 3435 735 3507 ’άλλά
753 3437 810 3506 καὶ
828 3441 931 3507 οίκίαι
947 3435 1028 3506 τοό-
1097 3443 1098 3447 ’
