2566 3812
93 207 96 211 -
173 167 234 233 196
492 165 838 221 mss.V111.cA1>.v111.

171 303 240 391 τοίς
257 303 432 398 συμπεσόν
454 334 486 378 τι
509 305 567 386 τάς
585 303 731 387 σπονδάς
750 331 786 375 τε
806 305 939 376 διέλυσε
949 305 1011 376 ,καὶ
1031 306 1063 386 ἐς
1082 300 1141 374 τδν

172 408 319 500 πόλεμον
337 403 459 491 αύτούς
478 409 666 499 ἐξηρέθισε·
692 406 729 477 τδ
749 402 781 476 δ’
800 396 845 495 ἦν
861 407 1024 477 τοιούτου.

252 516 297 584 Οί
318 520 530 603 Μαμερτῖνοι
557 513 594 580 ἐκ
612 514 814 598 Καμπανίας
836 509 915 580 ποτέ
941 506 1023 598 πρὸς
1042 516 1140 578 Μεσ-

174 611 281 703 σήνην
304 610 460 684 ἀποικίαν
484 607 711 700 στειλάμενοι,
736 607 809 680 τότε
834 605 867 679 δ’
901 607 970 680 ύπδ
990 604 1140 699 Ἱέρωνος
1182 604 1187 612 ’

173 711 466 804 πολιορκούμενοι,
504 714 745 784 ἐπεκαλέσαντο
774 709 852 793 τούς
877 705 1056 800 Ῥωμαίους
1086 706 1165 782 οἶαε

174 823 271 906 σφίσι
296 813 534 905 προσήκοντας.
579 812 727 885 κάκετνοι
757 815 894 902 ἑτοίμως
924 816 1141 903 ἐπικουρῆσαι

174 917 287 999 αὐτοῖς
312 921 537 1007 ἐψηφίσαντο,
563 914 688 999 εἰδότες
710 913 779 1004 ὅτι,
804 909 848 984 διν
871 917 929 1003 της
953 921 1141 1004 συμμαχίας

173 1015 286 1090 αὐτῶν
303 1023 339 1091 οί
353 1029 562 1109 Μαμερτῖνοι
578 1015 624 1108 μὴ
640 1015 838 1105 τεύξωνται,
856 1015 939 1104 πρὸς
957 1015 1034 1098 τούς
1052 1026 1141 1107 Καρ·

140 1126 352 1212 Βχηδονίους
381 1117 625 1211 τραπήσονται,
657 1116 807 1190 κάκεῑνοι
835 1122 894 1208 τῆς
925 1145 961 1188 τε
984 1126 1141 1200 Σικελίας

173 1220 252 1311 ὅλης
269 1219 473 1314 κρατήσουσι
490 1223 546 1292 καὶ
566 1225 599 1302 ές
616 1220 677 1311 τὴν
690 1218 834 1292 Ἰταλίαν
852 1223 885 1305 ἐξ
904 1218 1007 1309 αὐτῆς
1025 1218 1140 1310 διαβή-
1155 1249 1179 1289 ιο

174 1345 298 1396 σονται.
334 1322 355 1413 ἡ
374 1321 437 1415 γάρ
455 1326 558 1412 νῆσος
575 1319 660 1413 αὕτη
678 1321 787 1412 βραχύ
800 1329 857 1413 τῆς
871 1319 1013 1413 ἠπείρου
1028 1323 1140 1412 διέχει,

174 1425 220 1508 ὡς
242 1423 456 1516 μυθεύεσθαι
480 1421 530 1495 δτι
553 1425 634 1495 ποτὲ
657 1426 713 1496 καὶ
737 1420 821 1513 αὕτη
844 1421 1018 1514 ἠπείρωτο.
1060 1421 1082 1514 ἦ
1105 1452 1141 1496 τε

173 1517 236 1599 οὖν
266 1531 368 1616 νῆσος
398 1521 486 1598 οὕτω
510 1529 552 1617 τῇ
570 1523 692 1620 Ἰταλίηι
716 1527 906 1616 ἐπικειμένη
932 1523 1040 1596 ἐδόκει
1064 1527 1141 1608 τούς

177 1634 426 1720 Καρχηδονίους
452 1627 695 1700 ἐκκαλέσασθαι
718 1630 774 1699 καὶ
798 1633 866 1698 τῶν
882 1625 1064 1716 ἀντιπέραν
1081 1624 1143 1698 άν-

173 1727 429 1819 τιποιήσασθαι,
447 1726 490 1800 ἄν
507 1757 546 1818 με
563 1727 689 1819 ταύτην
705 1727 912 1820 κατάσχωσι,
935 1731 991 1800 καί
1009 1727 1030 1818 ἡ
1048 1738 1179 1800 Meo-15

174 1829 259 1921 σὴνη
276 1845 415 1922 παρεῖχε
432 1846 501 1916 τοῖς
514 1836 698 1924 κρατοῦσιν
715 1827 817 1922 αὐτῆς
835 1833 891 1902 καί
908 1835 969 1904 τού
986 1833 1143 1922 πορθμού

173 1930 354 2023 κυριεύειν.

254 2031 487 2126 Ψηφισάμενοι
506 2035 543 2104 δέ
566 2032 729 2124 βοήθειαν
751 2039 787 2105 οί
797 2032 950 2124 Ῥωμαῖοι
974 2049 1044 2116 τοῖς
1061 2043 1143 2105 Μα-

72 2143 365 2229 ιηΠῡςμερτίνοις,
389 2131 431 2207 ού
455 2138 578 2226 ταχέως
597 2132 710 2218 αύτοῖς
728 2133 959 2227 ἐπεκούρησαν
977 2133 1033 2206 διά
1048 2161 1140 2215 τινας

174 2236 402 2328 ἐπισυμβάσας
419 2244 535 2321 αἰτίας.
570 2233 654 2310 ὅθεν
671 2233 801 2330 ἀνάγκη
819 2235 1002 2328 πιεζόμενοι
1018 2241 1053 2307 οί
1062 2246 1140 2308 Μα·
1153 2261 1179 2302 το

140 2357 323 2432 ςμερτῑνοι
354 2345 611 2430 Καρχηδονίους
647 2343 897 2410 ἐπεκαλέσαντο.
946 2344 981 2410 οί
1013 2339 1050 2410 δέ
1085 2339 1141 2409 καὶ

175 2443 307 2522 έαυτοίς
331 2443 478 2522 καὶτοῖς
504 2443 794 2531 ἐπικαλεσαμένοις
818 2438 956 2532 εἰρήνην
974 2438 1141 2533 κατεπρά-

174 2549 273 2626 ξαντο
290 2540 373 2630 πρδς
385 2536 537 2634 Ἱέρωνα,
555 2547 612 2614 ἵνα
630 2540 675 2633 μὴ
692 2547 725 2615 οί
737 2541 889 2634 Ῥωμαῖοι
907 2545 939 2624 ἐς
956 2541 1019 2634 τὴν
1035 2545 1143 2631 νῆσον

174 2646 407 2734 περαιωθωσι,
438 2645 495 2714 καί
524 2642 583 2715 τδν
613 2644 770 2735 πορθμδν
801 2645 839 2715 δέ
869 2646 925 2715 καλ
955 2642 1018 2733 την
1041 2642 1143 2716 πόλιν

175 2742 385 2836 ἐφύλασσον,
401 2742 571 2828 Ἀννωνος
596 2752 694 2835 σφῶν
711 2741 909 2836 ἡγουμένου.
951 2744 1016 2816 κάν
1034 2743 1140 2840 τούτῳ
1154 2771 1180 2812 ω

174 2843 274 2930 Γάιος
292 2845 462 2931 Κλαύδιος
486 2851 668 2938 χιλιαρχῶν
691 2851 814 2920 ναυσὶν
837 2846 963 2936 ὀλίγαις
980 2845 1047 2918 ύπδ
1061 2844 1142 2919 Ἀπ-

173 2955 254 3021 πίου
273 2955 449 3020 Κλαυδίου
472 2951 707 3042 προπεμφθεὶς
731 2957 778 3033 είς
795 2949 833 3021 τδ
846 2945 975 3039 Ῥήγιον
992 2944 1139 3039 ἄφίκετο.

175 3054 376 3121 διαπλεῦσαι
406 3051 444 3122 δὲ
467 3048 530 3122 οὐκ
549 3049 732 3143 ἐθάρρησε,
764 3048 850 3122 πολύ
875 3060 992 3123 πλεῖον
1015 3047 1051 3122 τδ
1074 3053 1142 3122 ταῖν

173 3155 418 3242 Καρχηδονίων
452 3147 543 3244 δρῶν
576 3150 746 3225 ναυτικόν.
805 3149 932 3248 άκατίιμ
968 3148 1001 3223 δ’
1040 3150 1142 3242 ἐμβάς

139 3253 337 3344 υπροσέσχε
365 3256 408 3344 τῇ
433 3252 596 3347 Μεσσήνη
620 3257 676 3325 καλ
701 3257 871 3346 διειλέχθη
896 3254 1013 3336 αύτολς
1036 3249 1099 3324 ὅσα
1122 3251 1181 3323 δεο

173 3351 287 3443 καιρὸς
312 3357 437 3425 ἐδίδου.
485 3351 709 3428 ἀντειπόντων
734 3358 771 3427 δέ
793 3362 862 3429 τῶν
886 3361 1141 3449 Καρχηδονίων,

176 3451 249 3525 τότε
274 3455 336 3543 μὲν
358 3456 464 3545 μηδὲν
482 3455 608 3549 πράξας
625 3455 851 3550 ἀνεκομίσθη,
875 3455 957 3550 μετά
980 3459 1084 3529 ταῦτα
1104 3456 1142 3528 δέ
