2586 3800
183 152 225 217 60
507 153 578 209 mn.
592 153 642 204 XI.
661 153 739 204 οεε.
753 153 827 204 xm.
866 128 870 134 ’
1000 169 1003 178 -

184 291 366 384 Στεφάνου
389 289 630 386 ἀπελευθέρου.
666 289 729 382 τήν
753 287 787 362 θ’
814 293 996 384 ἐπιβουλήν
1026 289 1106 366 οὔτε
1129 293 1152 384 ἡ

183 395 271 488 γυνή
288 392 394 468 αότοῦ
411 402 556 488 Δομετία
572 391 742 486 ήγνόησεν
757 390 838 466 οότε
854 393 873 466 ὁ
892 401 1034 487 ἔπαρχος
1052 406 1154 488 Νωρ-

183 495 286 588 βανὸς
311 497 389 570 οὔτε
415 494 433 570 ό
460 496 639 588 συνάρχων
656 494 855 589 Πετρώνιος.
891 495 915 588 ή
937 525 975 569 τε
997 495 1062 587 γάρ
1079 509 1153 570 Δο·

102 609 104 614 ’
182 608 275 691 μιτία
297 595 356 674 ἀπ’
385 595 491 674 αὐτοῦ
509 600 694 691 μισουμένη
713 602 836 671 ἐδεδίει
852 597 899 690 μὴ
916 597 1075 691 ἀποθόνη
1091 603 1150 674 καὶ

183 709 218 774 οἱ
232 701 328 776 ἄλλοι
344 700 456 774 οὐκέτ’
478 699 582 776 αὐτόν
600 706 750 791 ἐφίλουν.
786 704 916 792 λέγεται
940 703 978 772 δέ
994 698 1046 772 ότι
1063 702 1177 776 πυόν-ε

183 831 242 888 τας
259 802 328 895 ἅμα
345 801 469 888 αάτοάς
486 801 724 895 ὁΔομετιανός
739 801 943 876 ὑποπτεύων
959 799 1155 876 ἀποκτείναι

184 909 336 998 ἐμελέτα,
367 909 424 978 καὶ
447 904 487 978 τά
511 905 659 997 ὀνόματα
683 901 796 976 αὐτῶν
818 903 1099 997 ἀπογραψάμενος
1116 909 1155 978 έν

151 1013 226 1101 οτή
243 1015 342 1102 κλίνη
360 1007 508 1082 ἀπέθετο
524 1003 592 1082 ἀπὸ
605 1005 643 1079 τό
657 1006 944 1098 προσκεφάλαιον·
964 1015 1023 1080 καί
1033 1035 1065 1079 τι
1077 1035 1156 1079 παι-

186 1115 261 1182 δίον
277 1110 341 1200 τήν
357 1109 561 1202 ἀπογραφήν
583 1107 792 1200 ἀφελόμενον
810 1117 927 1202 ἔφερε,
950 1108 997 1201 μή
1016 1107 1105 1193 είδός
1122 1117 1158 1180 τί

185 1214 289 1304 φέρει.
327 1216 512 1304 ἐντυχοῦσα
530 1213 569 1284 δὲ
585 1210 607 1301 ή
624 1219 769 1302 Δομιτία
786 1209 889 1306 αὐτῷ,
909 1215 965 1284 καὶ
982 1209 1150 1302 ἀναγνοῦ-
1165 1235 1193 1278 10

42 1341 48 1354 ·
185 1334 228 1384 σα
244 1314 285 1384 τά
302 1318 533 1407 γεγραμμένα,
566 1309 732 1396 κάκείνοις
757 1312 919 1404 ἐμήνυσε·
950 1313 1016 1387 κάκ
1032 1312 1154 1386 τούτου

185 1414 418 1507 συνειόχυναυ
433 1415 497 1506 τήν
514 1413 706 1506 ἐπιβουλήν.

206 1552 208 1556 ’
262 1521 331 1590 Καὶ
360 1515 467 1590 πολλοὶ
497 1519 536 1589 δὲ
566 1532 686 1607 σημεῖα
718 1515 874 1606 ἐγένοντό
903 1521 938 1588 οί
958 1515 1021 1590 οὐκ
1051 1529 1153 1590 αῖσια.

186 1627 355 1712 Λαργίνος
384 1621 424 1690 δέ
451 1648 502 1702 τις
525 1617 695 1711 Πρόκλος,
728 1621 766 1690 ἐν
788 1626 961 1712 Γερμανίᾳ
983 1617 1156 1712 προειπών

185 1715 237 1792 ὅτι
253 1719 338 1791 κατά
353 1719 457 1810 τήνδε
473 1719 536 1811 τήν
552 1721 680 1813 ἡμέραν
697 1719 887 1810 τελευτήσει
904 1719 923 1792 ό
936 1719 1154 1812 Δομετιανός,
1167 1745 1196 1788 ιε

186 1823 344 1913 ἐπέμφθη
370 1819 426 1893 6ιά
448 1830 547 1896 τοῦτο
570 1825 748 1914 συσχεθεὶς
772 1829 820 1906 είς
841 1820 906 1912 τήν
923 1817 1067 1914 Ῥεόμην·
1100 1827 1155 1894 καὶ

187 1925 369 2015 ἐρωτηθείς
393 1920 475 2018 παρ’
507 1922 613 1997 αότοῦ
636 1931 702 2016 ἔφη
725 1927 782 1995 καὶ
804 1922 879 1996 τότε
900 1922 989 1996 οὕτω
1018 1924 1155 2015 γενήσε·

186 2035 277 2098 σθαι.
321 2029 582 2111 καταδικασθεὶς
614 2027 654 2098 δέ
682 2038 807 2098 θανεῖν
838 2023 1033 2118 ἀνεβλήθη,
1064 2025 1154 2110 ὅπως
1291 2041 1292 2044 ’

184 2126 268 2218 μετὰ
298 2128 361 2219 τήν
390 2124 519 2220 ἡμέραν
549 2135 587 2201 ἐν
610 2119 635 2220 ᾖ
657 2135 723 2219 ἔφη
746 2127 998 2201 ἀποθανεῖσθαι
1020 2131 1153 2219 μέλλειν
1290 2133 1291 2136 ’

185 2229 245 2302 τὸν
262 2230 472 2321 Δομετιανὸν
495 2237 667 2322 φονευθῇ·
699 2231 885 2322 σφαγέντος
910 2231 948 2302 δὲ
967 2233 1029 2302 κου’
1043 2241 1152 2321 Δομε-
1166 2253 1197 2297 εο

152 2339 305 2404 Βτιανοῦ
326 2330 402 2403 κατ’
430 2336 582 2422 ἐκείνην,
613 2329 737 2422 έσοόθη.
781 2335 892 2423 ἕτερος
917 2336 958 2404 δέ
977 2361 1026 2416 τις
1050 2325 1157 2405 είπάν

187 2429 278 2527 αὐτῷ
296 2431 395 2503 ὁπότε
418 2435 475 2503 καλ
498 2431 588 2515 ὅπως
611 2432 840 2525 φθαρήσεται,
860 2431 1026 2527 ήρωτήθη
1051 2433 1157 2530 ὁποίῳ

187 2535 244 2602 καὶ
261 2529 361 2616 αότός
378 2532 492 2629 τρόπφ
509 2545 682 2606 θανεῖται·
701 2539 758 2607 καὶ
775 2533 885 2626 φήσας
903 2533 948 2618 οός
960 2531 1028 2608 ἀπό
1042 2539 1157 2608 κυνεῖν

186 2630 463 2725 ἀναλωθήσεται,
501 2643 567 2722 ζῶν
599 2645 783 2729 κατεκρίθη
814 2642 985 2728 καυθῆναι
1023 2640 1080 2710 καὶ
1109 2641 1158 2732 τφ“

186 2738 270 2828 πυρὶ
292 2745 512 2830 προσερρίφη.
553 2733 656 2812 ἀετοῦ
679 2741 718 2810 δέ
741 2742 1005 2833 καταρραγέντος
1029 2745 1155 2812 πολλοῦ
1169 2767 1196 2809 ετ

188 2832 209 2928 ή
226 2839 289 2929 μέν
306 2838 398 2931 πυρά
417 2843 576 2931 ἐσβέσθη,
596 2844 727 2913 ἐκείνου
745 2841 783 2912 δὲ
800 2839 908 2913 όπίσω
924 2841 972 2913 τω
989 2857 1082 2934 χεῖρε
1100 2846 1158 2912 δε-

189 2944 331 3031 δεμένον
354 2943 411 3013 καὶ
436 2945 644 3034 ἐπικείμενον
667 2939 755 3035 αότή
779 2941 880 3026 κόνες
904 2939 1060 3035 εὑρόντες
1085 2949 1156 3014 διε·
1286 2949 1288 3030 j

188 3040 372 3133 σπάραξαν.

269 3147 325 3238 Τῷ
342 3145 381 3215 δέ
398 3147 597 3242 Δομετιανῷ
612 3145 648 3216 τό
667 3145 894 3238 μεσημβρινὸν
911 3142 1158 3240 ἀναπαυομένῳ

186 3239 249 3312 τόν
270 3245 449 3334 Στέφανον
472 3242 517 3328 οός
539 3250 608 3318 τῶν
630 3247 743 3319 ἀλλων
773 3248 1059 3340 ἐρρωμενέστερον
1090 3254 1157 3319 είσ-
1172 3275 1199 3318 οο
1285 3267 1286 3272 ’

188 3342 336 3430 ἐπεμψεν
352 3345 370 3415 ὁ
388 3349 590 3435 Παρθένιος.
611 3351 667 3419 καί
686 3347 812 3440 ἐπλήγη
829 3350 892 3440 μέν
904 3347 922 3421 ὃ
936 3347 1156 3440 Δομετιανός,

187 3438 229 3508 οὗ
245 3441 312 3528 μήν
329 3453 475 3536 καιρίαν,
494 3444 582 3518 ἀλλά
596 3453 822 3540 καταβληθεὶς
835 3447 897 3521 ἀπ’
912 3449 1021 3524 αὐτού
1035 3457 1157 3522 ἔκειτο·
