2566 3812
424 137 722 196 mmmm
1001 139 1155 210 μγ,

94 270 430 370 παρεσκευασμένονῖ
432 272 563 346 ’‘ual
547 303 565 347 0
582 277 645 366 μὲν
659 277 865 403 παραλαβών
877 278 955 362 τούς
972 278 1100 376 αύτῷΒ

95 379 296 460 πεισθέντας
327 375 482 468 ἑκούσιος
506 375 658 450 ἀπέθανε
688 375 753 450 σύν
781 375 915 470 αὐτοῖς,
946 385 1003 454 καί
1032 387 1068 453 οί

95 479 255 554 λοιποὶ
217 509 277 562 τας
291 478 400 562 πύλας
414 493 483 560 τοῖς
493 473 614 568 Ραμαί
612 507 661 562 οις
674 476 840 576 όνέςοξαν·
867 511 886 552 ο
874 477 937 554 ’δὲ
952 480 1066 556 Φλάκ-

96 611 151 666 κος
168 584 210 654 τί
226 610 263 652 τε
280 577 368 652 ὅπλα
391 576 505 652 αότών
523 581 636 651 καὶ
601 611 641 654 τα
659 580 809 674 χρήματα
833 581 942 656 πάντα
966 583 1066 676 ιἰφεί-

67 695 190 773 ολετο,
218 683 274 754 καί
306 686 377 754 τών
406 677 543 774 ύνδρών
572 688 641 754 τών
671 691 867 775 κορυφαίων
896 686 974 771 τούς
1003 687 1066 776 μέν

100 782 288 872 ἀπέκτεινε,
312 782 392 865 τούς
410 783 448 854 δὲ
468 782 552 868 ές
517 811 579 874 την
592 778 720 874 Ῥώμην
737 791 882 876 έπεμψε,
900 815 1014 876 μονον
1015 785 1065 858 δ

97 883 321 975 απέσγετο
274 913 343 956 τον
362 888 399 956 έν
421 890 481 956 τοῦ
497 883 618 975 ὁμίλου
635 891 923 988 περιλειφθέντων
948 890 1002 960 ίπλ
1020 893 1066 982 τῷ

96 982 200 1057 μαλ’
177 1015 322 1077 αργοντα
352 983 475 1069 αύτούς
499 983 660 1076 Ῥωμαῖον
690 989 874 1078 λαμβάνειν
903 991 961 1060 καί
983 987 1066 1080 μήτε

96 1085 225 1180 βουλὴν
244 1095 333 1178 ἔχειν
348 1085 431 1178 μήτε
448 1085 595 1160 σύνοδον
612 1101 792 1160 ποιεῖσθαι

62 1213 88 1254 ιο
165 1186 325 1280 Ὕστερον
345 1189 382 1260 δε
400 1190 456 1260 καὶ
479 1186 563 1260 ἄλλα
585 1187 660 1264 τινὰ
677 1194 940 1282 προσετιώφλον,
965 1220 1066 1280 κατη-

96 1295 237 1383 γορῆσαι
254 1294 314 1361 τοῦ
333 1287 491 1364 Φλάκκου
508 1290 741 1381 τολμήσαντες.
777 1296 995 1384 ἐπεχείρησαν
1020 1294 1168 1370 &zwnsse

96 1395 150 1464 καί
169 1397 206 1462 οί
221 1394 399 1482 Καμπανοὶ
416 1395 478 1462 τοῦ
496 1389 654 1464 Φλάκκου
645 1399 911 1518 κατηγορῆσαι,
929 1396 985 1468 καί
1003 1399 1063 1466 τού

95 1496 359 1586 Μαρκέλλου
323 1523 341 1564 ο
378 1491 607 1586 Συρακούσιοι
634 1492 861 1578 ὑπατεύοντος
884 1493 960 1585 ἤδη.
1008 1498 1064 1568 καί

94 1591 340 1685 ἀπελογήσατο·
377 1592 418 1666 ού
442 1624 507 1685 γαρ
537 1590 683 1684 ἠθέλησε
712 1599 838 1688 πρᾶξαί
864 1626 896 1670 τι
926 1597 994 1668 τών
1024 1600 1100 1688 τῇς

56 1694 182 1788 ιεᾶρχῇ
206 1693 445 1788 προσηκόντων
467 1699 549 1786 πρὶν
572 1695 857 1786 απολογήσαοθαι.
902 1703 937 1769 οί
949 1710 1067 1792 Συρα-

94 1798 226 1870 κούσιοι
251 1798 286 1868 δὲ
309 1794 530 1880 καταστάντες
554 1805 601 1880 είς
625 1797 746 1888 λόγους
769 1799 1067 1892 οίκονομικώτερον

92 1905 136 1992 τη
154 1900 296 1984 διαλέξει
310 1896 510 1990 ἐχρήσαντο,
528 1897 591 1970 ούκ
609 1907 656 1981 είς
669 1908 874 1992 κατηγορίαν
890 1905 951 1973 τού
965 1911 1066 1992 Μαρ-

93 2005 234 2090 κέλλου,
261 1999 334 2072 ἀλλ’
356 2007 405 2082 είς
429 2005 573 2072 ἱκετείαν
595 2003 774 2092 τραπέντες
800 2005 856 2072 καὶ
880 2000 1066 2090 ἀπολογίαν

93 2109 157 2174 τού
173 2101 219 2196 μὴ
238 2099 369 2184 ἑκόντες
386 2099 573 2190 ἀποστῆναι
585 2099 773 2191 Ῥωμαίων,
791 2104 848 2172 καὶ
866 2099 1066 2192 συγγνώμης

56 2221 211 2295 ειτυχεῖν
235 2203 415 2288 ἀξιοῦντες.
456 2206 640 2277 καὶταῦτα
667 2205 820 2291 λέγοντες
847 2209 894 2284 είς
917 2199 980 2290 τὴν
1002 2207 1068 2292 γῆν

94 2304 256 2386 πεσόντες
291 2299 515 2395 ώλοφύρουτο.
569 2305 626 2374 καὶ
659 2300 851 2394 διαγνώμης
886 2306 1067 2394 γενομένης

94 2413 190 2492 εδοξε
206 2397 267 2478 τόν
281 2403 483 2498 Μάρκελλον
500 2406 562 2496 μὲν
575 2407 682 2496 μηδὲν
696 2399 846 2494 ἀδικεῖν,
863 2405 942 2487 τοὺς
954 2406 1068 2496 μέντοι

94 2514 354 2597 Συρακουσίους
371 2515 630 2630 φιλανθρωπίας
648 2504 737 2589 τινός
754 2458 869 2591 ἆξίοός
887 2505 1043 2596 εἶναι,’
1005 2535 1069 2578 ουκ

95 2600 177 2694 ἐξ
148 2639 199 2682 ων
219 2612 295 2682 έποί
280 2617 396 2699 ίησαν,
421 2604 498 2685 ἀλλ’
519 2597 599 2692 ἐξ
570 2636 619 2680 ιον
638 2607 786 2681 εἰπόντε
804 2637 861 2680 και
850 2609 1066 2684 ἱκέτευσαν,

53 2741 81 2782 ιε
93 2740 156 2782 του
145 2711 220 2782 δὲ
238 2713 441 2802 Μαρκέλλου
459 2707 802 2800 παραιτησαμένου
768 2739 805 2780 το
828 2709 994 2782 ἀπελθεῖν
1019 2716 1102 2793 ecco

93 2809 327 2901 Σικελίαν,
295 2839 354 2884 του
367 2818 553 2884 Λαουίνιον
567 2818 727 2902 ἔπεμψαν.
763 2813 820 2882 καί
833 2813 913 2883 οί
877 2841 940 2900 μεν
954 2822 1068 2901 Συρα-

93 2912 228 2986 κούσιοι
241 2909 347 2996 οὕτως
360 2912 448 2995 τινός
462 2909 662 3003 συγγνώμης
676 2919 806 3003 ἔτυχον,
824 2917 860 2984 oc
873 2913 910 2982 δὲ
924 2921 1069 2999 Καμπαε

92 3018 150 3088 νοὶ
166 3011 223 3086 ὑπ’
238 3012 461 3098 ἄπαιδευσίας
471 3013 686 3108 θρασύτερον
698 3020 739 3104 τῇ
752 3018 933 3106 κατηγορίᾳ
946 3009 1069 3102 χρησώ-

92 3145 193 3207 μενοι
210 3119 267 3188 καὶ
291 3113 559 3206 ίπετιμήθησαν,
582 3116 668 3206 μηδὲ
694 3113 858 3205 παρόντος
881 3115 943 3185 τού
961 3109 1071 3186 Φλάκ-

52 3246 79 3289 ιο
93 3247 179 3309 κου,
204 3214 289 3288 ἄλλό
305 3244 395 3300 τινος
419 3223 487 3289 τών
508 3211 850 3309 ύπεστρατηγηκότοιυ
871 3211 963 3310 αὐτῷ
986 3209 1072 3286 ἄτιο-

95 3321 342 3410 λογησαμένου.

168 3455 199 3503 11
218 3452 318 3504 Βίοοίε
336 3449 435 3518 fragm.
448 3465 532 3517 supra
551 3449 676 3503 citatum.
