2546 3822
387 152 459 205 ιιο.
478 151 537 206 xv.
558 151 637 236 σιν.
654 153 703 208 lx.
723 152 758 204 x.
991 152 1053 218 357

83 297 144 380 τῆς
168 287 352 382 αύταρχ-ίας
381 291 534 364 ἐνιαυτόν
553 291 775 381 ἐτελεύτησεν.
812 295 969 384 ἐρασθείς
987 292 1054 385 γάρ

83 399 147 464 τού
178 393 382 484 στίμματος,
413 389 496 482 ὅπερ
520 392 538 464 ὁ
566 400 758 522 Μαυρίκιος
781 399 829 488 τῷ
854 399 927 487 θεῷ
951 397 988 464 ἐν
1010 401 1054 517 τή

82 495 213 586 μεγάλη
240 497 400 587 ἐκκλησίᾳ
428 492 582 582 άνέθετο,
606 497 662 566 καὶ
687 501 788 566 τούτο
807 493 921 584 λαβύν
938 497 1054 564 καὶ
1012 523 1053 587 τη

33 683 35 688 ,
80 600 216 686 κεφαλή
234 599 465 686 περιθέμενος,
483 593 592 678 εύθύς
607 596 739 686 ἐλήφθη
754 602 893 691 σφοδρῷ
903 623 1054 703 πυρετςο,

58 689 201 768 ικαὶ
159 723 256 779 ουτος
274 695 379 768 αὐτόν
396 703 455 786 τής
473 703 557 823 ζωής
574 695 775 786 ὑπεξήγαγε.

6 884 14 890 ἡ
166 805 235 870 Τού
261 798 299 869 δὲ
321 797 533 881 θανόντος’
514 828 535 889 η
560 797 744 888 Αύγούστα
768 799 899 892 Εἰρήνη
924 797 990 870 σύν
1007 827 1054 895 τφ
1041 803 1116 870 10

5 931 25 992 jv
84 906 150 996 νίρῑ
181 905 431 995 Κανσταντίνφ
470 901 611 971 δέκατον
650 901 804 972 ἐνιαυτόν
834 907 894 990 τής
923 875 1055 991 ήλικίάς

85 1001 224 1074 άνύοντι
246 1001 309 1092 τήν
331 969 546 1090 βασίλειον’
527 1001 635 1093 αργήν
661 981 860 1086 διεδέξαντο.
901 995 990 1090 ήσαν
1017 1003 1056 1072 δέ

5 1127 7 1132 ·
84 1103 186 1230 άμφω
211 1109 280 1174 τῶν
304 1110 498 1194 σεβασμίων
527 1102 669 1175 είκόνων
698 1111 945 1194 προσκυνηταί,
976 1102 1053 1174 ἀλλ’

35 1232 73 1273 -ιο
85 1205 181 1279 ούπω
198 1203 280 1287 τούς
298 1205 464 1288 πόδας
422 1233 464 1297 τη
487 1211 641 1298 βασιλείᾳ
662 1211 806 1295 βεβαίως
831 1208 982 1298 ἐρείσασί
1003 1234 1055 1276 τι·

4 1389 5 1392 ¹
84 1336 141 1390 νες
160 1305 277 1388 αύτοίς
296 1307 560 1396 ἐπεβούλευσαν,
578 1312 635 1378 ἵνα
652 1307 713 1378 τ’ὁν
722 1314 879 1398 Καίσαρα
895 1305 1057 1396 Νικηφότ

85 1437 146 1502 ρον
170 1407 230 1479 τὸν
256 1414 318 1479 τού
342 1409 511 1491 θανόντος
540 1409 703 1498 βασιλέως
726 1409 872 1491 Λέοντος
902 1406 1054 1497 άδελφόν

83 1509 317 1600 βασιλεύσασι.
351 1517 563 1600 γνωσθείσης
587 1510 626 1582 δέ
648 1516 709 1598 τῆς
728 1515 953 1600 συνωμοσίας,
971 1507 1113 1591 τούςι),

84 1613 147 1703 μὲν
170 1618 229 1701 τῆς
257 1614 437 1700 ἐπιβουλῆς
454 1612 680 1702 μετασχόντας
698 1613 898 1701 αίκισαμίνη
916 1608 937 1700 ή
956 1618 1055 1699 βασι-

42 1738 72 1780 ιτ
86 1716 137 1796 λὶς
154 1715 211 1784 καὶ
228 1713 293 1802 τήν
310 1725 469 1805 τρίχωσιν
486 1712 604 1795 αύτοίς
629 1709 843 1806 ιἰποθρίξασα
866 1711 1055 1802 ὑπερορίαν

84 1815 215 1886 τούτων
242 1821 511 1905 κατεψηφίσατο,
538 1813 617 1896 τούς
642 1814 683 1885 δὲ
708 1820 771 1885 τού
800 1812 925 1907 άνδρός
949 1811 1054 1903 αύτής

2 1949 3 1952 “
86 1915 255 2006 ἀδελφούς
272 1917 354 1998 τούς
367 1943 404 1987 τε
421 1923 597 2006 Καίσαρας
614 1917 671 1986 καὶ
688 1914 768 1998 τούς
790 1921 1055 2006 νωβελισσίμονς

84 2024 229 2110 καρῆναι
251 2017 537 2109 παρασκευάσασα
560 2018 618 2087 καὶ
649 2017 836 2142 ἱερωσύνης
868 2015 1055 2105 ἀξιωθῆναι

85 2121 142 2190 καὶ
157 2124 377 2246 μεταδμύναι
405 2147 452 2212 τφ
482 2123 553 2212 λαῷ
583 2123 653 2187 τῶν
676 2116 893 2206 άγιασμάτων
920 2121 1055 2205 ἐποίησε

42 2245 72 2288 νο
85 2220 169 2291 κατά
185 2219 248 2308 τήν
265 2218 385 2312 ἑορτήν
401 2225 461 2321 τής
485 2225 546 2290 τού
564 2224 713 2310 σωτῆρος
731 2218 929 2306 γεννήσεως.
966 2220 1054 2288 ἐκεί·

84 2350 129 2410 νη
152 2321 191 2391 δὲ
216 2320 282 2391 σύν
305 2349 353 2415 τῳ
378 2325 445 2414 υίφ
431 2319 678 2411 προελήλυθε
694 2317 779 2410 μετά
802 2325 861 2408 τής
879 2317 1056 2408 συνήθους

84 2439 155 2506 τοϊς
172 2429 348 2512 βασιλεύσι
366 2428 588 2552 δορυφορίας
591 2422 648 2491 καὶ
667 2424 764 2491 ἐν
720 2449 763 2513 τη
787 2420 914 2512 μεγάλη
934 2423 1055 2547 ἐκκλη-

85 2523 378 2650 σίγενομένη
342 2552 380 2596 το
400 2527 546 2614 στέμμα,
568 2521 587 2594 ὸ
581 2522 739 2594 ἐκεῖθεν
757 2519 947 2626 άφείλετο“
931 2551 949 2593 ο
962 2519 1056 2612 άνήρ

87 2624 205 2713 αύτής,
231 2626 450 2717 προσήνεγκε,
476 2625 591 2751 κύσμφ
609 2633 740 2696 πλείονι
756 2630 856 2696 τοῦτο
875 2619 1056 2749 ἐπιμοσμή-

46 2748 73 2812 τι
88 2745 185 2794 σασα.
221 2731 346 2796 ἔστειλε
364 2727 402 2797 δέ
419 2727 477 2796 καὶ
493 2725 578 2797 κατά
591 2753 662 2796 των
674 2724 826 2816 Ἀράβων
850 2727 1157 2866 στράτευμα,ΡΙΙ115

87 2830 146 2896 ίνα
168 2825 343 2916 άνακύπτη
368 2826 426 2908 τάς
450 2831 591 2899 ἐκείνων
616 2825 807 2917 ἐπιδρομάς.
861 2815 1090 2908 ἐξελθόντεςΑ

88 2919 153 2997 ούν
171 2927 227 2996 ἐπὶ
243 2933 427 3015 λεηλασίαν
441 2927 620 3020 Ἀγαρηνοὶ
638 2949 871 2999 συναντωνται
888 2925 978 3016 παρά
996 2931 1055 3016 τῆς

87 3034 263 3116 σταλείσης
291 3023 473 3120 Ῥωμαικῆς
508 3035 673 3121 στρατιᾶς,
704 3028 762 3098 καὶ
790 3032 969 3119 τρέπονται
999 3027 1057 3098 καί

2 3151 3 3154 ’
87 3129 307 3221 άναιρούνται
330 3137 459 3201 πολλοί.
508 3134 545 3202 ἐν
569 3133 612 3201 δέ
632 3158 671 3218 γε
694 3137 737 3221 τῇ
763 3129 881 3223 Θρηίκη
908 3127 992 3198 κατά
1016 3126 1054 3198 τδ

46 3257 73 3300 ιο
88 3229 236 3322 Μακρδν
252 3246 361 3320 τείγος
377 3231 453 3303 τότε
465 3261 514 3314 τις
528 3229 681 3323 ὀρύττων
699 3232 840 3322 λάρνακι
858 3229 1057 3320 ἐντυγχάνει

88 3339 205 3424 λιθίνη
236 3329 424 3425 άνθρύπου
454 3332 609 3424 φερούσῃ
640 3332 762 3421 νεκρόν
792 3333 849 3402 καὶ
878 3330 1059 3424 γράμματα

88 3436 357 3525 ἐγκεκολαμμένα
376 3434 501 3526 ἐχούση
520 3437 662 3524 λέγοντα
675 3431 842 3526 “Χρ“ιστός
855 3437 967 3524 μέλλει
980 3459 1056 3522 γεν-
