2586 3800
216 178 278 244 100
537 179 610 233 mn.
622 178 685 233 xn.
704 151 782 232 cst.
794 177 870 231 vm.

213 317 291 390 οὐτε
309 325 442 408 Νίγρον
459 314 661 406 ἠπιστάμην,
679 319 908 404 καταληφθείς
926 316 964 388 δὲ
982 318 1019 386 ἐν
1035 318 1078 406 τῇ
1092 319 1181 384 ἐκεί-

113 436 280 494 ΡΙοοθνου
296 425 410 511 μερίδι
426 417 468 490 οὐ
486 421 539 490 σοὶ
558 417 760 508 πολεμήσειν
781 415 925 508 ἤθελον,
949 415 1024 487 ἀλλ’
1045 415 1182 490 Ἰουλια-

213 521 276 596 νύν
299 519 515 592 καταλύσειν·
551 522 607 590 καὶ
630 519 671 590 τά
693 517 779 590 αὐτά
809 521 862 590 σοί
892 516 1087 600 σπουδάσας
1116 517 1182 590 οὐκ

213 623 370 713 ἠδίκησα.
419 618 496 694 ἀλλ’
527 618 602 693 οὐδ’
636 618 689 691 ὅτι
718 621 764 710 μὴ
787 620 870 712 πρὸς
892 620 931 692 σδ
947 617 1090 710 ὕστερον
1106 649 1181 710 μετ·

215 729 330 814 έστην·
358 720 441 796 οὐδὲ
463 722 528 816 γάρ
551 719 633 794 οὐδέ
657 723 701 794 οὐ
725 717 769 793 ἀν
786 720 955 812 ἠθέλησας
971 718 1096 793 οὐδένα
1113 727 1208 793 τῶνε

215 834 287 898 σῶν
323 828 467 915 ἑταίρων
500 824 583 915 πρὸς
614 827 745 896 ἐκείνου
774 822 1008 913 αὐτομολῆσαι.
1057 826 1183 910 ἐξέταξε

214 917 279 1000 οὐν
295 927 341 1020 μὴ
357 925 399 998 τά
416 926 552 1017 στύματα
569 925 664 1016 ἡμῶν
680 926 766 1015 μηδὲ
787 924 828 996 τά
851 924 1016 1016 ὀνόματα,
1041 922 1127 996 αὐτά
1145 927 1183 996 δὲ

214 1029 256 1100 τά
264 1027 454 1120 πράγματα·
486 1033 554 1099 πᾶν
566 1027 631 1118 γάρ
643 1023 707 1116 ὐ,τι
719 1024 762 1098 ἀν
774 1025 870 1118 ἡμῶν
882 1032 1067 1122 καταγνῷς,
1084 1032 1184 1099 τοῦτο

215 1134 271 1202 καὶ
289 1137 432 1202 σεαυτοῦ
450 1133 506 1202 καὶ
523 1133 591 1201 τῶν
608 1135 680 1200 σῶν
698 1132 841 1218 ἐναίρων
858 1125 1089 1219 καταψηφιεῖ.”
1108 1134 1183 1200 τοῦ·

214 1262 274 1305 τον
307 1227 325 1302 ὁ
356 1237 508 1324 Σευῆρος
542 1236 601 1320 τῆς
627 1237 817 1322 παρρησίας
842 1229 1023 1322 θαυμάσας
1048 1226 1179 1322 ἀφῆκεν
1196 1261 1221 1300 ιο

215 1340 304 1426 ἔχειν
321 1340 380 1424 τῆς
397 1332 515 1416 οὐσίας
531 1334 568 1404 τὸ
585 1328 699 1422 ἥμισυ.
1283 1383 1284 1390 1

296 1441 341 1508 Οί
358 1437 397 1506 δὲ
413 1433 588 1520 Βυζάντιοι
605 1437 661 1505 καὶ
679 1438 801 1520 ζῶντος
818 1436 878 1506 τού
891 1441 1026 1524 Νίγρου
1044 1436 1100 1504 καὶ
1116 1447 1184 1505 θα·
1283 1519 1285 1522 ¹

215 1533 333 1621 νόντος
356 1537 463 1608 πολλὰ
491 1539 549 1606 καὶ
575 1535 754 1627 θαυμαστά
782 1541 928 1627 ἔδρασαν
935 1589 945 1624 ,
982 1537 1036 1606 ἐπὶ
1062 1533 1184 1627 χρόνον

182 1637 494 1730 Βπολιορκούμενοι
522 1643 642 1726 τριετῆ.
694 1635 803 1729 ᾕρουν
830 1638 892 1728 μὲν
915 1635 979 1728 γάρ
1004 1639 1061 1708 καλ
1083 1635 1186 1708 πλοῖά

216 1768 293 1813 τινα
327 1739 586 1830 παραπλέοντα,
622 1735 731 1832 ᾕρουν
765 1739 804 1809 δὲ
840 1741 896 1809 καλ
930 1737 1075 1830 τριήρεις
1113 1747 1184 1810 τῶν
1198 1767 1223 1808 ιο

217 1845 255 1912 έν
272 1844 318 1933 τῷ
336 1836 428 1934 ὅρμῳ
446 1845 514 1912 τῶν
533 1843 696 1912 ἐναντίων
713 1839 836 1912 οὐσῶν.
878 1839 936 1922 τάς
954 1837 1017 1930 γάρ
1035 1837 1186 1933 ἀγκύρας

216 1939 331 2012 αὐτῶν
339 1937 505 2032 ύφύδροις
518 1951 743 2033 κολυμβηταῖς
756 1939 997 2032 ἀποτέμνοντες
1010 1944 1067 2014 καὶ
1080 1940 1186 2032 ἥλους

217 2045 251 2126 ές
268 2041 346 2125 τούς
364 2042 508 2138 ταρσούς
525 2051 624 2134 σφῶν
641 2041 828 2134 πηγνύντες
852 2046 908 2114 καλ
931 2041 1060 2116 τούτων
1076 2041 1185 2138 καλῴ-

216 2151 273 2217 δια
292 2144 486 2230 ἐξάπτοντες
505 2150 697 2218 ἐπεσπῶντο
721 2143 843 2234 αὐτάς,
867 2143 1054 2236 αὐτομάτας
1078 2167 1180 2235 προσ-

215 2249 330 2320 πλέειν
348 2246 523 2339 δοκούσας.
560 2251 632 2318 ἐπεὶ
657 2249 693 2318 δὲ
717 2245 827 2320 πάντα
844 2244 959 2328 αὐτοῖς
977 2243 1181 2334 ἐξεδαπανή-
1196 2275 1226 2316 εο
1284 2281 1285 2286 ¹

82 2359 84 2364 ’
215 2359 340 2437 θησαν,
359 2346 448 2439 ὅμως
466 2346 636 2438 ἀντεῖχον,
661 2351 717 2418 καί
741 2347 852 2432 ξύλοις
877 2353 913 2419 έκ
929 2351 999 2422 τῶν
1015 2353 1130 2420 οἰκιῶν
1148 2351 1185 2432 ἐς

215 2447 274 2531 τάς
293 2455 376 2531 ναῦς
395 2451 538 2539 ἐχρῶντο
556 2451 612 2519 καὶ
632 2457 777 2540 σχοίνοις
794 2445 833 2532 ἀς
852 2457 991 2522 έπλεκον
1015 2457 1187 2542 κείροντες

215 2549 273 2631 τάς
290 2557 404 2639 τρίχας
421 2556 490 2621 τῶν
507 2555 687 2638 γυναικῶν.
708 2553 764 2622 καὶ
782 2549 837 2622 ὅτε
854 2569 923 2634 τοῖς
941 2559 1064 2644 τείχεσι
1081 2573 1187 2642 προσ·

217 2651 361 2739 έβαλλον
396 2657 430 2722 οί
462 2654 628 2743 πολέμιοι,
664 2660 819 2734 λιθίνους
849 2681 885 2724 τε
910 2657 967 2724 καὶ
995 2657 1031 2724 ἐκ
1057 2659 1187 2744 χαλκοῦ

215 2755 460 2842 πεποιημένους
484 2755 540 2824 καλ
564 2753 766 2846 ἀνδριάντας
790 2757 846 2824 καλ
869 2761 993 2836 ἵππους
1009 2753 1188 2844 ἠκόντιζον
1200 2785 1230 2827 τε

217 2860 264 2936 είς
289 2852 420 2936 αὐτούς.
476 2851 521 2938 ῶς
554 2857 590 2927 δὲ
614 2861 670 2928 καὶ
692 2862 761 2927 πᾶν
785 2853 906 2940 αὐτούς
932 2859 1067 2928 ἐπέλιπε
1087 2883 1188 2929 νευο-
1284 2911 1285 2926 .

216 2957 382 3045 μισμένον
413 2957 595 3046 έδῶδιμον,
631 2955 759 3047 βύρσας
786 2962 1019 3048 διαβρέχοντες
1048 2955 1188 3048 ἤσθιον.
1283 2941 1285 2966 ¹

181 3058 273 3134 οκαλ
290 3058 418 3130 τούτων
437 3059 474 3129 δε
491 3055 733 3131 ἀυαλῶθεισῶν
751 3061 807 3130 καὶ
826 3058 875 3139 ἐπ’
902 3059 1068 3149 ἀλλήλους
1086 3059 1190 3150 ἐτρά-

215 3157 325 3228 ποντο
342 3161 396 3228 καλ
421 3166 556 3250 σαρκῶν
580 3159 805 3251 ἀνθρωπείων
830 3159 994 3249 ἐγεύοντο.
1032 3161 1103 3232 εἶτα
1125 3165 1191 3234 κοιλ

216 3252 352 3340 ἀκοντες
369 3251 431 3348 τὴν
448 3258 547 3332 πόλιν
571 3266 779 3353 παρέδοσαν,
804 3265 859 3334 καὶ
884 3269 917 3334 οί
929 3257 1079 3354 Ῥοιμαλοι
1103 3261 1191 3348 τούς
1209 3295 1241 3338 εο

216 3357 415 3442 στρατιῶτας
433 3362 489 3429 καλ
506 3359 583 3442 τούς
599 3365 635 3432 έν
647 3366 732 3434 τέλει
745 3362 940 3454 σύμπαντας
954 3362 1189 3455 διεχρήσαντο.

217 3447 235 3516 ὁ
255 3453 291 3520 δὲ
309 3463 460 3548 Σευῆρος
478 3457 569 3549 ἥσθη
593 3471 670 3533 λίαν
696 3468 750 3536 ἐπὶ
773 3471 814 3557 τῇ
832 3461 956 3539 ἀλῶσει
973 3470 1036 3538 τού
1051 3475 1195 3552 Βυζαν-
