2546 3822
394 190 465 240 ατε.
484 189 548 242 xv.
569 189 648 240 cAP.
667 190 704 241 11.
729 190 779 242 111.
1003 188 1066 252 339

98 339 201 420 μενον
231 328 268 404 τὸ
301 331 434 418 μέλλειν
460 335 642 417 κινηθῆναι
671 327 798 416 ταύτην
827 327 889 417 τὴν
923 333 1065 418 αἵρεσιν.

98 430 181 502 ἀλλά
206 429 252 519 μη
277 431 362 516 σύγε
387 427 498 518 είηςὸ
527 429 652 518 ταύτης
683 429 905 517 εἰσαγωγεύς·
942 431 1066 502 Κόνων

97 535 161 622 γάρ
184 559 232 612 τις
256 529 498 620 ὀνομαζόμενος
513 531 650 620 ,ταύτης
679 533 812 620 μέλλειν
841 529 1073 619 κατάρχεσθαι,

101 628 256 722 λέγεται.”
297 634 355 702 καί
376 629 414 713 ὃς
440 631 625 720 ύπολαβτίν
648 631 770 703 αύτίκα
793 639 900 721 φησίν
918 629 1068 702 “ούκοῦν

52 735 167 822 ἐἰγύ
191 739 271 823 εἰμι·
307 733 432 804 Κόνων
454 731 520 823 γάρ
544 733 635 823 παρὰ
658 741 727 804 τῶν
749 735 879 822 γονέων
903 733 1067 822 νηπιόθεν

98 829 320 926 άνόμασμαι.”
359 833 419 904 τόν
448 835 512 924 μὲν
541 828 606 906 ούν
637 832 790 924 άοίδιμον
814 835 991 923 Γερμανόν
1020 836 1066 924 μὴ

97 939 278 1008 πεισθέντα
302 937 493 1006 συνθέσθαι
515 943 558 1026 τῇ
575 928 694 1027 γνώμη
713 935 831 1024 αὐτοῦ,
850 941 978 1024 μάλλον
1003 937 1066 1024 μέν

96 1031 159 1108 οὖν
176 1039 233 1108 καί
249 1037 468 1126 γενναιότατα
486 1032 702 1124 ἀντιλέγοντα
720 1038 778 1107 καὶ
794 1037 856 1126 τὴν
874 1035 984 1108 αύτού
1002 1065 1065 1106 και
1152 1123 1153 1128 ¹

95 1142 253 1222 κοὸοξίαν
283 1139 461 1226 ἐλέγχοντα
490 1145 550 1227 τῆς
581 1140 758 1228 ἐκκλησίας
788 1138 977 1227 έξάθησεν,
1009 1146 1065 1227 ἐτη

57 1262 83 1302 10
95 1240 222 1328 ταύτην
240 1239 407 1311 ἰθύναντα
430 1245 679 1328 πεντεκαίδεκα,
701 1237 918 1311 Ἀναστάσιον
937 1242 978 1309 δέ
991 1269 1066 1310 τινα

96 1349 144 1422 εἰς
168 1339 376 1432 πατριάρχην
403 1343 512 1434 ἑαυτῷ
530 1339 707 1432 ὁμόφρονα
724 1349 968 1432 προχειρίζεται.
1004 1347 1066 1410 τού

96 1443 128 1512 δ’
162 1435 227 1512 ούν
251 1443 341 1528 οὕτω
363 1449 532 1532 φρονῆσαι
554 1441 616 1512 τὸν
640 1445 771 1514 Λέοντα
801 1443 859 1514 καί
888 1449 936 1526 εἰς
966 1445 1066 1512 τούτο

95 1552 279 1632 προελθεῖν
296 1540 451 1630 ἀσεβείας
467 1543 540 1632 ἥκω
557 1543 620 1631 τὴν
637 1551 750 1614 αἰτίαν
771 1547 868 1632 έριόν.

166 1641 248 1728 Ἰζίθ
270 1637 339 1714 τῶν
362 1641 514 1733 Ἀράβων
542 1641 617 1734 άρτι
647 1647 787 1732 γέγονεν
817 1644 977 1734 άρχηγός·
1005 1645 1096 1732 ταῖς,

52 1767 81 1808 15
94 1743 203 1839 τούτῳ
222 1753 403 1836 προσίασιν
418 1739 564 1835 Ἑβραῖοι
576 1745 640 1814 δύο
655 1745 695 1816 τό
715 1747 920 1836 ἐπιτήδευμα
932 1745 1061 1835 γόητες,

94 1853 129 1918 οῖ
144 1847 182 1917 δὲ
205 1845 428 1936 ἀστρολογίαν
452 1853 568 1933 έλεγον
590 1849 746 1936 μετιέναι,
764 1845 953 1918 κάντεύθεν
971 1848 1095 1925 εἰδέα

94 1977 150 2018 ναι
167 1945 208 2018 τά
225 1951 404 2036 μέλλοντα,
423 1949 478 2017 καὶ
495 1954 544 2040 τῷ
555 1946 674 2036 ’Ἁραβι
691 1947 755 2038 τὴν
772 1946 880 2038 ἀρχὴν
898 1951 1064 2038 ἐπηγγέλ-

93 2059 192 2120 λοντο
211 2050 267 2120 καὶ
288 2048 351 2136 τὴν
375 2049 461 2137 ζωὴν
478 2047 716 2137 πολυχρόνιον,
741 2056 774 2120 εἰ
789 2056 858 2119 τῶν
878 2053 1064 2137 ἐκκλησιῶν

92 2157 163 2219 των
185 2148 426 2238 χραττωνύμων
451 2149 493 2219 τά
517 2155 590 2218 τού
603 2154 750 2247 Χριστού
780 2152 838 2218 καὶ
864 2157 923 2238 τῆς
955 2145 1065 2219 αύτόν

48 2259 78 2314 '20
92 2250 254 2338 τεκούσης
268 2252 403 2338 ἐκβαλεῖ
412 2249 452 2320 τά
468 2248 699 2338 ἐκτυπύματα.
718 2252 775 2320 καλ
787 2248 805 2318 ὁ
819 2250 987 2341 βάρβαρος
1001 2248 1065 2320 ούκ

93 2353 293 2440 ἐμέλλησεν,
316 2348 391 2421 ἀλλ’
419 2354 455 2420 ἐκ
479 2351 617 2422 πάντων
646 2357 716 2420 τῶν
747 2354 785 2421 ἐν
805 2354 849 2442 τῇ
872 2349 932 2421 ὑπ’
958 2349 1065 2420 αὐτόν

66 2453 236 2544 -τελούση
260 2450 354 2544 χύρηι
385 2459 479 2522 ναῶν
508 2450 568 2534 τάς
592 2451 715 2533 σεπτάς
746 2452 878 2534 εἰκόνας
908 2451 1062 2542 ἠφάνισε.

91 2557 148 2624 καὶ
171 2555 192 2644 ἡ
217 2563 297 2626 θεία
322 2559 405 2646 δίκη·
422 2560 541 2624 τοῦτον
564 2559 732 2642 μετῆλθεν
756 2549 820 2625 αύκ
846 2560 895 2636 εἰς
920 2554 1063 2644 μακράν.

92 2655 190 2724 ούπω
220 2655 286 2745 γάρ
316 2663 493 2746 παρῆλθεν
522 2647 676 2737 ἐνιαυτός
699 2657 756 2724 καὶ
783 2654 801 2725 ὁ
826 2661 971 2736 δείλαιος
1001 2655 1064 2744 τὴν
1145 2701 1146 2704 =

48 2775 81 2816 2⁵
94 2754 181 2842 ζωὴν
207 2758 373 2850 ἐζημίωτο.
408 2755 428 2826 ὁ
450 2757 489 2827 δέ
511 2757 634 2828 τούτου
652 2771 733 2838 παῖς
749 2762 808 2846 τῆς
825 2755 929 2846 ἀρχῆς
947 2754 1063 2825 διάδο-

92 2883 151 2945 χος
169 2855 318 2942 γεγονώς
335 2857 415 2938 τούς
433 2859 675 2946 ψευδομάντεις
694 2861 846 2938 ἐκείνους
866 2858 978 2944 ἐζήτει,
1003 2863 1063 2945 τῆς

92 2965 141 3038 εἰς
171 2956 232 3026 τόν
262 2955 401 3041 τεκόντα
430 2953 559 3045 ἀπάτης
588 2965 747 3029 τίσασθαι
768 2959 1062 3050 προθυμεόμενος.

91 3055 169 3128 ἀλλ’
190 3064 347 3148 ἔφθησαν
367 3062 488 3128 ἐκεῖνοι
504 3075 629 3147 φυγεῖν
648 3063 793 3149 ἐκεῖθεν,
811 3061 869 3130 καὶ
887 3065 935 3142 εἰς
949 3058 1061 3130 Ἰσαυ-

92 3168 171 3248 ρίαν
201 3160 423 3248 κατήντησαν.
477 3165 564 3230 ένθα
597 3161 832 3251 περιτυχόντες
867 3161 976 3256 τούτῳ
1011 3166 1058 3252 τῷ
1070 3189 1096 3240 D

37 3285 71 3328 εο
99 3264 237 3351 Λέοντι,
260 3270 379 3354 νεανία
401 3259 627 3350 τυγχάνοντι,
643 3262 805 3356 βαναύσφ
829 3261 867 3332 τό
886 3259 1062 3350 ἐπιτήδευ-

99 3393 163 3455 μα,
192 3363 255 3453 τὴν
277 3368 346 3434 τάν
367 3361 537 3452 Ῥωμαίων
566 3361 851 3452 προμαντεύονται
879 3355 1062 3450 βασιλείαν.

89 3471 154 3539 τού
172 3465 211 3536 δὲ
233 3465 320 3557 πρὸς
336 3465 401 3554 τὴν
418 3471 549 3536 οἰκείαν
564 3463 761 3554 ιἰφοριόντος
776 3464 896 3552 τύχην,
913 3462 1061 3552 άφεστη·
1158 3475 1161 3480 ’
1203 3472 1208 3480 “

793 3575 860 3637 22*
1123 3570 1127 3580 ’
