2566 3812
185 197 248 264 194
513 199 584 255 Lm.
597 199 673 250 vm.
693 197 770 250 οεε.
783 197 846 250 vn.

183 343 256 411 νών
273 335 367 419 ὄντες
395 334 493 428 ίσχύν
510 366 546 408 τε
563 335 839 427 περιεποιήσαντο
857 339 913 407 καὶ
930 352 1038 426 τεῖχος
1056 365 1154 408 κατε-

184 438 355 511 σκεύασαν
367 435 595 531 ὀχυρώτατον,
613 445 764 532 πολιτείᾳ
780 465 817 509 τε
834 436 1064 529 εὐνομουμένῃ
1084 441 1152 508 ἐκέ-

88 604 90 608 ,
184 569 324 634 χρηντο,
355 543 411 611 καὶ
443 538 489 610 δι’
524 537 609 611 αὐτά
639 542 861 630 πολεμούντές
885 567 964 611 ποτε
986 555 1056 621 τοῖς
1077 534 1151 612 Ῥω·

61 713 63 722 ,
185 651 295 734 μαίοις
320 645 373 712 ἐπὶ
397 651 555 714 πλείστου
578 637 747 731 άντέσχον.
793 636 837 724 ώς
856 637 889 712 δ’
911 638 1152 732 ἐχειρώθησαν,

186 741 282 817 αύτοὶ
300 743 362 834 μέν
381 740 559 827 ἐξώκειλαν
576 749 624 825 είς
641 741 826 832 ἁβρότητα,
852 739 914 832 τὴν
933 744 970 814 δέ
988 749 1181 832 διοίκησινε

176 853 244 936 ,τῆς
268 844 394 928 πόλεως
418 860 487 929 τοῖς
511 847 656 942 οἰκέταις
675 847 878 935 ἐπέτρεψαν,
903 847 958 915 καὶ
977 842 1035 927 τάς
1053 868 1154 934 στρα-

186 955 278 1030 τείας
306 945 350 1016 δι’
379 949 518 1018 ἐκείνων
545 945 589 1030 ώς
607 943 644 1017 τδ
661 944 748 1016 πολύ
768 949 959 1018 ἐποιοῦντο·
987 947 1044 1018 καλ
1062 949 1155 1028 τέλος

86 1077 108 1128 p
114 1077 182 1129 1381
190 1052 223 1132 ἐς
240 1051 338 1121 τοῦτο
356 1046 549 1138 προήγαγον
567 1051 655 1138 σφάς
673 1042 718 1130 ώς
735 1050 792 1118 καὶ
811 1045 957 1138 δύναμιν
974 1047 1052 1130 τοὺς
1069 1053 1154 1120 οίκί·

187 1179 246 1234 τας
260 1153 316 1222 καὶ
328 1149 484 1242 φρόνημα
498 1153 654 1240 ἔχεινκαὶ
670 1153 865 1240 ἐλευθερίας
874 1147 1015 1236 ἑαυτούς
1028 1148 1153 1233 άξιούν.

188 1243 363 1344 προϊόντος
382 1253 419 1323 δέ
436 1255 496 1322 τού
512 1249 636 1344 χρόνου
659 1253 714 1321 καὶ
734 1258 853 1341 ἔτυχον
870 1249 991 1340 ταύτης
1010 1249 1055 1322 δι’
1078 1253 1154 1330 ἕαυ·
1169 1281 1195 1321 ιο

122 1362 126 1379 ’
188 1362 268 1445 τῶν,
286 1355 343 1424 καὶ
360 1351 418 1436 τάς
436 1359 533 1443 σφών
551 1358 731 1435 δεσποίνας
749 1349 915 1443 ἠγάγοντο
933 1351 1084 1437 καὶτοὺς
1102 1361 1155 1424 δε·

189 1454 313 1538 σπότας
333 1459 541 1546 διεδέχοντο,
565 1457 621 1526 καὶ
641 1460 688 1537 είς
705 1451 768 1544 τὴν
785 1453 914 1544 βουλὴν
932 1453 1157 1546 ένεγράφοντο

189 1561 245 1628 καὶ
258 1557 316 1640 τὰς
330 1555 432 1646 άρχάς
450 1555 640 1647 ἐλάμβανον
658 1559 714 1626 καλ
733 1552 883 1628 αύτοὶτό
901 1555 1037 1648 σύμπαν
1054 1560 1156 1646 κάρος

91 1657 304 1749 ονΠεοείχον,
331 1661 387 1728 κἀλ
408 1657 450 1728 τά
473 1688 509 1730 τε
526 1655 611 1729 άλλα
636 1660 693 1728 καὶ
715 1657 773 1739 τάς
795 1657 911 1747 ύβρεις
928 1658 986 1742 τὰς
1002 1653 1071 1729 ύπὸ
1089 1663 1157 1728 τών

192 1766 366 1832 δεσποτῶν
389 1756 504 1844 αὐτοῖς
526 1762 705 1850 γινομένας
734 1759 936 1852 ἰταμώτερον
963 1768 1010 1843 είς
1034 1755 1196 1840 αύτούςιε

191 1866 342 1947 ἐκείνους
358 1858 673 1934 άνταπεδείκνυντο.
714 1858 787 1932 οὔτ’
806 1851 869 1933 ούν
886 1863 1003 1953 φέρειν
1021 1868 1108 1952 σφᾶς
1125 1867 1160 1932 αι’

191 1959 322 2054 άρχαῑοι
357 1973 490 2035 πολῖται
530 1961 606 2036 οὔτε
641 1959 724 2034 καθ’
762 1962 901 2046 ἑαυτούς
937 1966 1160 2054 δεδυνημένου

114 2084 115 2088 ’
191 2063 404 2156 ἀμύνασθαι,
423 2063 535 2160 λάθρα
548 2069 704 2154 πρέσβεις
723 2071 770 2146 είς
787 2065 850 2154 τὴν
861 2063 990 2155 Ῥώμην
1007 2063 1157 2136 άπέστει-

193 2177 265 2238 λαν.
309 2177 343 2240 οἳ
371 2169 427 2238 καί
453 2165 498 2238 δι’
526 2164 726 2258 άπορρήτυν
749 2165 869 2250 νυκτδς
892 2166 955 2256 τὴν
976 2173 1156 2258 γερουσίαν

158 2276 241 2352 Βείς
266 2270 438 2358 ἰδιωτικὴν
461 2275 571 2340 οίκίαν
590 2272 721 2358 ἐλθεῖν,
745 2273 803 2338 ἵνα
826 2269 933 2359 μηδέν
959 2271 1196 2360 ἐξαγγελθῇ,εο

194 2368 440 2460 παρεκάλεσαν·
473 2372 529 2440 καὶ
553 2379 680 2460 ἔτυχον.
724 2371 780 2440 καὶ
803 2375 837 2442 οί
857 2371 920 2460 μὲν
950 2368 995 2452 ώς
1018 2367 1158 2451 ούδενός

194 2469 414 2554 ἐπακούοντας
433 2471 671 2562 ἐβουλεύοντο,
694 2477 866 2562 Σαυνίτης
884 2474 924 2542 δέ
938 2489 987 2554 τις
1004 2469 1158 2564 παράτῷ

194 2578 301 2666 κυρίῳ
332 2576 389 2661 τῆς
420 2580 527 2656 οίκίας
558 2570 811 2663 ἐπιξενούμενος
842 2575 897 2644 καλ
920 2576 1031 2646 νοσεῖν
1055 2580 1159 2643 ἐλαθε

194 2671 413 2769 κατά-χώραν
436 2685 573 2766 μείνας,
598 2677 654 2746 καί
680 2682 808 2764 έμαθεν
830 2671 852 2746 ά
876 2680 1084 2766 ἐψηφίσαντο
1102 2677 1158 2745 καὶ

194 2771 340 2866 ἐμήνυσε
356 2792 426 2858 τοίς
443 2776 505 2866 τὴν
523 2781 635 2848 αίτίαν
653 2785 776 2867 ἔχουσι.
820 2773 969 2848 κάκεῖνοι
985 2775 1063 2860 τούς
1080 2778 1158 2864 πρέ·
1171 2799 1197 2841 2⁵

194 2885 285 2967 σβεις
304 2877 501 2962 ἐπανιόντας
519 2879 679 2969 κατέσχον
703 2880 759 2949 καί
777 2877 996 2967 ἐβασάνισαν·
1024 2880 1081 2948 καὶ
1098 2907 1159 2968 μα-

193 2979 313 3064 θόντες
342 2980 383 3051 τά
409 2979 563 3073 δρώμενα
587 2977 710 3064 αύτούς
731 3007 767 3051 τε
790 2979 989 3052 άπέκτειναν
1012 2981 1068 3050 καὶ
1091 2985 1160 3050 τῶν

194 3078 306 3153 άλλιυν
322 3081 399 3166 τούς
417 3080 577 3176 πρώτους.
616 3077 663 3152 δι’
682 3071 745 3153 οὖν
762 3078 867 3154 ταῦθ’
885 3087 920 3154 οί
931 3077 1084 3173 Ῥωμαῖοι
1100 3081 1160 3151 τὸν

197 3179 327 3270 Φάβιον
351 3179 406 3254 ἐπ’
432 3183 554 3267 αὐτούς
572 3192 731 3256 ἔστειλαν.
774 3185 830 3255 καὶ
853 3180 889 3268 δς
906 3182 983 3266 τούς
1000 3211 1037 3272 τε
1053 3179 1170 3253 άπαν»

194 3281 358 3372 τήσαντας
376 3283 467 3381 αὐτῷ
491 3289 523 3371 ἐξ
542 3291 681 3360 ἐκείνων
705 3286 863 3376 ἐτρέψατο
887 3289 943 3356 καὶ
960 3282 1104 3366 πολλοὺς
1123 3287 1161 3355 ἐν
1173 3309 1202 3352 εο

194 3388 237 3472 τῇ
266 3387 361 3476 φυγῇ
390 3395 535 3478 φθείρας
565 3390 755 3460 κατέκλεισε
784 3387 862 3472 τούς
886 3387 1025 3473 λοιπούς
1049 3392 1096 3468 είς
1122 3384 1161 3456 τὸ

196 3502 319 3576 τεῖχος,
337 3489 393 3557 καὶ
411 3491 598 3579 προσέβαλε
614 3493 655 3580 τῇ
673 3487 778 3560 πόλει.
821 3492 877 3561 καὶ
895 3485 913 3561 δ
930 3489 992 3580 μὲν
1011 3492 1161 3562 ἐνταῦθα
