2538 3824
215 185 280 251 ρης
545 187 615 238 Lm.
628 185 662 240 x
680 185 759 241 CAP.
772 188 872 242 mx.

217 326 258 400 τά
266 324 435 416 ἐπιτήδεια
448 322 552 398 αύτόν
565 323 706 416 ἤρξαντο
721 330 913 416 ἐπιλείπειν,
927 325 1056 416 βουλὴν
1071 325 1182 417 ἐποιή-

219 453 299 503 σατο
316 427 458 520 πότερον
475 427 559 500 κατά
571 427 684 518 χώραν
696 436 871 520 μείναντες
885 427 1184 501 θιακινόονεύσον-

219 555 273 603 σιν
294 525 316 620 ἢ
339 527 559 621 μεταστάντες
580 527 690 626 χρόνῳ
713 529 773 602 τόν
798 529 945 621 πόλεμον
976 533 1182 620 ὃιενέγκωσι.

218 637 275 705 καὶ
297 630 392 704 άλλοι
414 633 476 723 μὲν
500 629 584 703 ἄλλα
607 630 899 722 συνεβούλευσαν,
912 631 945 723 ἡ
970 635 1010 704 δέ
1023 662 1063 723 γε
1080 641 1184 704 Κλεο·

218 733 328 825 πάτρα
354 731 394 806 τά
412 732 644 824 ἐπικαιρότατα
660 739 729 804 τών
746 741 878 826 χωρίων
894 751 1060 826 φρουραῖς
1077 761 1207 825 παρα-ι

220 839 366 926 θοθηναι
381 837 440 907 καλ
453 834 530 929 τούς
549 834 683 918 λοιπούς
701 841 891 926 συναπᾶραι
911 831 1024 918 αύτοίς
1050 843 1098 918 είς
1122 835 1185 926 τὴν
1258 841 1260 848 '

219 949 394 1028 Αἴγυπτον
424 935 705 1028 συμβουλεύσασα
736 940 878 1027 ἐ.νίκησε
927 945 975 1019 είς
999 938 1036 1008 δὲ
1058 936 1185 1028 ταύτην

218 1031 304 1130 ἦλθε
320 1037 383 1128 τὴν
400 1038 539 1130 γνώμην
554 1033 622 1111 ύπό
639 1046 788 1129 σημείων
805 1047 1042 1129 θορυβηθεῖσα
1064 1042 1122 1112 καλ
1146 1043 1185 1111 ἐκ

217 1145 276 1232 τῆς
298 1148 359 1212 τοῦ
383 1139 625 1232 στρατεύματος
649 1139 797 1232 ἀθυμίας
820 1143 877 1212 καὶ
900 1139 1087 1234 ἀρρωστίας
1113 1148 1186 1214 θεί-

217 1265 313 1316 σασα.
362 1245 419 1313 καὶ
448 1243 507 1314 τόν
533 1239 712 1314 ’Λντώνιον
743 1241 955 1332 ἐξεφόβησεν.
1003 1239 1044 1314 ού
1070 1247 1185 1334 μέντοι
1198 1274 1224 1314 ιο

217 1342 328 1438 λάθρα
352 1341 434 1416 ούθέ
457 1344 524 1435 μὴν
546 1350 700 1435 φανερῶς
724 1347 903 1416 ἐκπλεῦσαι
929 1341 974 1427 ώς
1000 1343 1185 1434 φεύγοντες

220 1445 479 1536 ἐβουλεύσαντο,
511 1451 568 1520 ίνα
592 1445 638 1536 μὴ
662 1451 709 1528 είς
727 1448 802 1528 δέος
818 1445 896 1530 τούς
914 1444 1107 1537 συμμάχους
1124 1451 1185 1537 ἐμ-

184 1565 209 1614 D
219 1547 378 1639 βάλωσιν,
396 1543 472 1618 ἀλλ’
492 1541 537 1630 ώς
555 1549 610 1618 ἐπὶ
626 1554 817 1638 ναυμαχίαν
838 1546 1182 1638 παρασκευαζόμενοι·

217 1649 406 1722 κάντεῦθεν
428 1647 469 1719 τά
490 1646 613 1743 ἄριστα
636 1651 705 1720 τών
722 1652 863 1740 σκαφών
881 1650 1106 1739 ἐκλεξάμενοι,
1133 1648 1185 1721 ότι

219 1756 255 1822 ἐκ
271 1753 330 1840 τῆς
347 1753 481 1842 φθοράς
498 1753 607 1820 τεκαὶ
624 1753 681 1840 τῆς
699 1747 898 1840 αύτομολίας
911 1756 945 1822 οί
961 1754 1070 1842 ἐρέται
1081 1747 1184 1840 ἠλάτ-
1197 1781 1224 1824 ιε

216 1881 339 1942 τωντο,
357 1853 576 1942 κατέπρησαν
591 1849 633 1922 τά
650 1851 766 1942 λοιπά,
790 1855 845 1924 καὶ
867 1851 1000 1944 νύκτωρ
1017 1852 1127 1924 πάντα
1144 1851 1185 1924 τά

217 1952 394 2044 τιμιώτατα
425 1960 595 2045 λαθραίως
626 1952 827 2044 ἐμβαλόντες
847 1953 971 2038 ἀὐτοῖς
998 1957 1112 2045 ἕτοιμα
1135 1962 1184 2038 είς

219 2064 365 2129 ἔκπλουν
389 2059 559 2146 ἐποίησαν.
600 2057 658 2126 καὶ
680 2053 759 2138 τούς
783 2053 984 2147 στρατιώτας
1007 2054 1184 2146 παρεθάρ-

217 2185 300 2250 ρυνε
323 2157 405 2250 πρὸς
429 2155 491 2248 την
513 2164 705 2248 ναυμαχίαν
722 2159 914 2249 διαλεχθεὶς
931 2153 1044 2240 αὐτοῖς
1062 2155 1080 2228 ό
1102 2155 1181 2228 Ἀν-

216 2258 343 2342 τώνιος.
392 2261 449 2330 καὶ
472 2255 578 2340 οὕτως
601 2257 727 2340 πάντας
750 2259 813 2349 μὲν
835 2257 913 2340 τούς
938 2257 1088 2350 πρώτους
1109 2262 1182 2330 τών
1198 2290 1229 2332 νο

217 2360 391 2434 συνόντων
409 2356 501 2454 αύτῷ
519 2367 567 2442 είς
583 2357 642 2444 τάς
659 2367 744 2442 ναός
762 2365 977 2451 ἐνεβίβασεν,
1001 2367 1059 2432 ἵνα
1080 2359 1124 2450 μή
1150 2387 1185 2431 τι

217 2469 461 2554 νεωτερίσωσιν
478 2459 522 2542 ώς
539 2460 557 2532 ό
576 2464 717 2545 Δέλλιος
735 2465 792 2532 καὶ
809 2460 904 2534 άλλοι
927 2463 1013 2544 τινὲς
1040 2458 1186 2552 αύτομο-

217 2563 391 2655 λήσαντες,
408 2571 622 2654 παμπληθεῖς
640 2565 678 2634 δὲ
695 2593 751 2634 και
739 2563 901 2648 τοξότας
918 2567 975 2634 καὶ
992 2561 1184 2654 σφενδονή-

115 2686 275 2749 ΡΙοκστας
292 2666 349 2736 καὶ
366 2663 503 2747 ὁπλίτας
521 2663 746 2754 ἐνεβιβάσατο.
788 2693 933 2757 τριηρεις
950 2665 1068 2756 μὲν
1028 2693 1113 2790 γαρ
1110 2663 1187 2736 όλί-

216 2796 276 2858 γας
295 2766 401 2858 εἶχεν,
427 2771 466 2838 αί
482 2767 519 2838 δὲ
537 2769 649 2838 λοιπαί
667 2765 834 2858 τετρήρεις
851 2770 920 2838 καὶ
926 2757 1113 2856 δεκηρεις
1093 2787 1186 2856 ηοαν
1201 2795 1230 2837 εε

216 2869 316 2941 αύτώ.

293 2981 425 3060 Καίσαρ
450 2971 488 3040 δὲ
511 2968 671 3062 καθεώρα
694 2999 755 3060 μεν
785 2973 843 3042 καὶ
872 2969 934 3061 τὴν
964 2967 1188 3062 παρασκευην

112 3093 237 3145 W11158
245 3071 357 3144 αύτών
370 3074 427 3142 καλ
440 3067 663 3163 ηύτρεπίζετο,
681 3069 803 3162 μαθών
820 3071 858 3143 δὲ
874 3073 930 3143 καὶ
948 3072 1011 3163 τὴν
1029 3069 1190 3142 διάνοιαν

217 3181 314 3260 σφών
338 3177 370 3258 ἐξ
395 3171 508 3245 άλλων
529 3203 566 3245 τε
591 3176 655 3245 κάκ
677 3177 737 3246 τού
759 3182 925 3262 Δελλίου,
950 3171 1120 3263 συνήγαγε
1143 3173 1187 3245 τό

216 3271 405 3362 στράτευμα
421 3277 478 3344 καλ
496 3281 544 3356 είς
561 3275 669 3366 μάχην
688 3273 734 3346 δι’
762 3267 811 3348 ών
834 3286 947 3367 εἴρηκε
963 3273 1185 3365 παρεκάλεσε.
1203 3301 1234 3344 ει

217 3368 280 3442 κάν
294 3371 409 3464 -τούτφ
435 3370 537 3444 ύετοῦ
559 3378 742 3466 γενομένου
766 3376 893 3468 λάβρον
911 3379 967 3448 καὶ
984 3375 1080 3466 ζάλης
1097 3385 1189 3446 πολ-

218 3474 276 3558 λης
294 3477 341 3552 είς
357 3470 394 3543 τό
412 3477 471 3544 τού
492 3469 672 3550 Ἀντωνίου
698 3476 857 3552 ναυτικόν
876 3477 1082 3570 ἐμπεσούσης
1100 3472 1188 3548 άνε-
