2538 3824
211 185 278 249 400
540 185 663 240 .L1ss.x.
683 182 762 238 οΑΡ.
775 183 846 237 xx1.

214 331 255 415 τῆ
278 332 354 417 νίκη
384 327 518 407 τελέσας
546 324 628 413 πρὸς
650 323 713 413 τήν
736 330 804 396 τῶν
827 320 1030 414 πραγμάτων
1055 321 1178 415 ἐτράπη

215 434 390 517 διοίκησιν.
427 425 444 498 ὁ
468 425 532 515 γάρ
550 427 694 509 Λέπιδος
718 423 814 520 φόβςο
833 428 889 496 καί
906 432 1036 518 νωθείᾳ
1052 419 1180 515 ῆσόχα-

214 553 290 618 σευ,
314 524 335 617 ῆ
361 529 397 600 δέ
420 531 481 598 τοῦ
498 525 680 600 Ἀντωνίου
703 527 789 618 γυνή
809 533 962 614 Φουλβία
978 529 1034 597 καὶ
1052 521 1070 598 ὁ
1087 525 1181 598 Λοό-

214 659 285 714 κιος
297 627 479 713 -Ἇντεόνιος
501 624 681 700 ὑπατεύων
702 631 770 700 τοῖν
793 625 996 719 πραγμάτων
1016 629 1183 718 ἀντελαμ-

214 729 357 820 βάνοντο
387 733 444 804 καὶ
472 735 520 826 τῷ
548 737 695 820 Καίσαρι
725 733 971 822 διηνέχθησαν,
1007 726 1092 801 ὥστε
1120 727 1210 801 τόντ

214 841 369 926 Καίσαρα
392 833 454 924 τήν
477 835 534 924 τῆς
553 839 722 921 Φουλβίας
747 834 920 922 θυγατέρα
936 834 1063 922 πέμψαι
1080 829 1183 926 αὐτῆ,

213 933 277 1024 τήν
294 939 331 1006 ἐκ
348 939 407 1025 τῆς
425 938 599 1025 έπνγαμίας
617 936 815 1025 συγγένειαν
832 933 988 1006 λύσαντα.

291 1039 358 1108 Καὶ
383 1036 439 1108 διά
461 1041 565 1110 ταῦτα
588 1027 651 1108 οὖν
674 1037 730 1108 καὶ
754 1035 811 1106 διά
833 1033 893 1106 τόν
916 1033 1031 1126 λιμόν,
1054 1031 1091 1116 ὃς
1108 1033 1185 1106 τότε

181 1137 292 1222 mohs
310 1138 527 1230 Ῥωμαίονςέ
527 1144 654 1225 πίεζεν,
678 1132 887 1230 όΚαίσαρέ
887 1169 908 1210 ν
924 1135 1092 1230 ἀμηχανία
1109 1138 1187 1225 ἐγέ-

214 1269 299 1312 νετο.
341 1270 363 1331 η
351 1238 512 1332 ’μέν
473 1269 536 1332 γαρ
560 1236 645 1310 κατά
668 1247 828 1310 Σικελίαν
849 1237 1049 1312 θάλασσα“
1030 1237 1095 1310 υπὸ
1119 1245 1186 1310 τοῦ
1200 1270 1224 1309 ιο

217 1345 344 1426 Σέξτον
361 1339 593 1432 κατείχετο,“
578 1371 596 1412 ο
616 1339 647 1412 δ’
666 1336 778 1424 Ἰόνιος
795 1338 951 1423 κόλπος
932 1338 999 1412 νπό
1018 1347 1186 1462 Δομιτίου

215 1441 394 1533 Γναίου,
384 1443 420 1526 δς
443 1445 511 1514 τοῖν
533 1443 595 1532 μὲν
620 1444 778 1532 σφαγέων
796 1471 856 1516 του
841 1447 1042 1534 ’Καίσαρος
1059 1431 1186 1530 ήν,κ
1146 1444 1186 1512 ἐκ

217 1547 311 1616 δέ
272 1574 330 1634 της
349 1547 385 1616 έν
400 1550 579 1627 Φιλίπποις
595 1542 702 1635 μάχης
721 1543 897 1668 διαφνγων
914 1542 1073 1616 ναυτικόν
1086 1563 1187 1614 συνε

216 1644 372 1738 κρότησε,
405 1647 461 1716 καὶ
483 1649 547 1718 του”
569 1673 605 1716 τε
629 1643 755 1718 κόλπον
778 1643 901 1737 χρόνον
923 1645 999 1716 τινά
1023 1642 1187 1735 ἐκράτησε

217 1749 273 1817 καὶ
295 1747 335 1818 τά
359 1753 427 1819 τῶν
449 1750 612 1820 έναντίων
630 1755 777 1838 ἔφθειρε.
819 1745 876 1818 διά
897 1750 982 1835 γοῦν
1004 1743 1063 1818 τόν
1085 1746 1186 1836 λιμόν
1200 1776 1223 1818 15

216 1851 336 1920 τοῦτον
359 1851 416 1919 καὶ
441 1849 487 1920 δι’
514 1855 622 1933 οιίτίας
642 1849 759 1940 ,ἑτέρας
789 1851 845 1920 καὶ
872 1853 1072 1920 ἐστασίασαν
1100 1847 1185 1940 πρὸς
1267 1867 1268 1870 ’

216 1945 381 2039 ἀλλήλους
403 1949 480 2022 ὅτε
505 1957 608 2041 δῆμος
631 1953 688 2022 καὶ
712 1949 749 2022 τό
772 1949 1024 2042 στρατιωτικόν,
1055 1953 1112 2020 καὶ
1138 1957 1186 2033 είς

216 2049 322 2142 μάχας
340 2051 361 2142 ή
379 2051 493 2136 στάσις
510 2053 677 2144 περιέστη,
696 2051 849 2124 ὥστεκαὶ
866 2051 1110 2144 τιτρωσκεσθαι
1129 2056 1187 2122 καί

216 2153 380 2244 θνήσκειν
404 2158 438 2240 ἐξ
461 2151 660 2245 ἀμφοτέρων
682 2155 738 2224 καὶ
769 2161 875 2238 οίκίας
907 2157 1185 2245 καταπρησθῆναι

217 2253 350 2346 συχνάς.
401 2259 562 2328 ἐντεῦθεν
594 2263 706 2340 δείσας
728 2253 746 2327 ὁ
770 2265 904 2346 Καίσαρ
935 2255 1182 2342 καταλλαγῆναι
1197 2285 1224 2326 εο

216 2360 259 2448 τῆ
280 2383 317 2428 τε
335 2363 488 2449 Φουλβίᾳ
513 2359 569 2428 καλ
591 2363 637 2451 τῷ
654 2355 771 2452 δπάτςο
788 2364 834 2451 τῷ
852 2365 987 2452 Λουκίρι
1004 2355 1184 2446 ἠθέλησεν.

219 2461 290 2528 ἐπεὶ
314 2459 352 2528 δέ
380 2459 435 2528 διά
458 2465 592 2530 πολλῶν
615 2457 727 2530 ἀλλων
753 2460 809 2530 καὶ
827 2466 895 2530 τῶν
913 2461 1187 2548 ἐστρατευμένων

117 2559 508 2683 ΡΙόΙΟπρεσβενσάμενρς
531 2559 616 2652 πρός
638 2559 759 2644 αὐτοὺς
781 2556 859 2632 οὐδὲ
845 2561 883 2632 ἓν
900 2557 1020 2650 ήνυευ,
1044 2567 1187 2649 βουλευ-

218 2659 276 2742 τάς
294 2667 430 2752 έστειλε,
447 2659 505 2744 τάς
522 2689 558 2733 τε
575 2660 750 2752 συνθήκας
766 2661 824 2744 τάς
836 2660 918 2754 πρὸς
931 2659 991 2734 τόν
1005 2657 1187 2736 Ἀντοόνιον

219 2759 310 2858 αὐτῷ
334 2765 514 2855 γενομένας
538 2764 685 2854 ἐκφήνας
715 2771 811 2854 σφίσι
846 2766 916 2834 καὶ
932 2763 1089 2866 δικαστάς
1117 2766 1187 2833 τῶν
1200 2790 1225 2832 ει
1267 2821 1268 2824 ¹

218 2869 391 2957 διαφοραῖν
414 2863 538 2950 αότοός
558 2864 708 2956 ποιήσας.
745 2861 846 2948 δςδ’
873 2863 975 2936 οὐδέν
993 2853 1068 2989 οβδ’
1093 2893 1188 2936 ουτοι

217 2971 339 3058 πράξαι
362 2979 522 3058 ἴσχυσαν,
552 2965 636 3056 πρός
659 2965 696 3038 τό
720 2965 968 3059 στρατιωτικόν
980 2957 1081 3048 αὖθις
1106 2961 1187 3036 ἀττέ-
1268 2966 1269 2971 ’

217 3079 320 3140 κλινε.
357 3072 412 3140 καὶ
431 3077 477 3153 είς
495 3065 557 3160 τήν
570 3065 696 3160 Ῥωμην
714 3075 747 3139 οί
763 3092 976 3160 στρατιωται,
1003 3098 1047 3152 ως
1064 3069 1122 3139 καὶ
1139 3071 1187 3161 τῷ

221 3167 314 3263 δήμφ
338 3175 394 3242 καὶ
416 3176 457 3263 τῆ
479 3175 589 3263 βουλή
611 3169 851 3262 κοινωσόμενοί
871 3201 918 3260 τι,
950 3167 1186 3256 συνελθόντες,
1267 3191 1268 3194 ’

175 3306 177 3311 ·
218 3266 345 3342 τούτων
367 3273 429 3360 μέν
451 3269 514 3342 οόκ
538 3272 754 3363 ἐφρόντισαν,
792 3277 824 3356 ἐς
851 3274 888 3344 δὲ
911 3270 948 3344 τό
971 3269 1186 3344 Καπιτωλιον
1199 3297 1223 3336 οο

219 3363 458 3457 ἀθροισθέντες
482 3371 540 3456 τάς
568 3401 604 3444 τε
626 3373 801 3464 συνθήκας
824 3371 863 3460 ἀς
887 3371 904 3448 ὁ
929 3371 1105 3456 Ἀντοόνιος
1128 3372 1184 3444 καὶ

220 3464 392 3563 όΚαίσαρ
417 3481 535 3544 ἔθεντο
565 3472 828 3568 ἀναγνωσθῆναι
856 3485 973 3568 σφίσιν
1003 3477 1182 3548 ἐκέλευσαν
