2562 3814
461 195 608 250 L113.v11.
627 197 796 254 061³.an
1050 200 1111 265 115

136 342 321 423 Σίβυλλαν
339 330 525 424 ὠνόμαζον,
551 333 636 418 ἐς
601 365 664 424 την
684 331 809 426 Ῥώμην
831 335 975 425 ἐλήλυθε
994 347 1109 459 βιβλία

136 431 256 528 τρία
231 466 256 525 η
276 439 374 506 ἐννέα
392 435 559 526 φέρουσα,
579 439 635 508 καὶ
652 441 757 509 ταῦτα
774 445 940 530 πρίασθαι
958 443 1007 535 τῷ
1024 453 1108 534 Ταρ-

135 545 248 609 κυνίω
273 542 390 608 ἐδίδου
414 535 533 607 καὶ
496 567 558 628 την
574 533 674 660 τιμήν
696 543 765 612 τοῖν
786 547 929 629 βιβλίων
953 540 1107 634 τόρίσατο.

138 644 272 712 ἐκείνου
292 638 389 710 66
347 669 392 729 μη
410 639 672 768 πρρσεσχηκότος
696 639 797 764 αὐτή,
821 642 858 713 τό
877 637 957 713 ἓν”
936 673 958 732 η
975 643 1016 714 τά
1032 651 1108 736 τρία

114 745 210 813 ετιόν
227 748 371 868 βιβλίων
388 744 600 813 κατέκαυσεν.
633 741 677 824 ὡς
696 737 729 814 δ’
749 733 851 824 αὖθις
868 742 1030 835 ω’λιγωρει
1048 741 1107 818 αό-

143 849 204 930 τής
221 841 240 912 6
258 841 455 933 Ταρκύνιος,
475 841 538 913 κόικ
555 871 624 914 των
641 847 770 916 λοιπόν
787 844 908 934 ὁμοίως
922 849 1104 970 διέφθειρε.

140 943 366 1034 μελλοόσηςδ
346 942 511 1014 δὲκαὶ
474 973 514 1014 τα
531 952 581 1015 ἔτι
599 944 697 1016 λοιπά
711 943 980 1038 καταφλέξειν,’
960 947 1106 1038 ηνάγκα-

139 1069 203 1118 σαν
227 1043 333 1117 αὐτόν
355 1051 391 1117 oc
418 1049 590 1118 οίωνισταλ
621 1046 661 1118 τά
690 1051 774 1136 γοῦν
804 1047 974 1139 σωζόμενα
1002 1057 1102 1141 πρία-

135 1161 229 1220 σθαι.
264 1149 320 1218 καὶ
339 1145 492 1237 ὠνήσατο
509 1154 613 1219 ταῦτα
630 1143 713 1218 ὅσον
729 1149 771 1220 τά
789 1147 897 1220 πάντα
914 1148 1104 1240 κτήσασθαι

97 1282 123 1321 ιο
135 1257 267 1341 ἔμελλε,
287 1251 343 1321 καὶ
362 1248 423 1321 δύο
441 1257 639 1339 βουλευταῖς
656 1246 799 1339 ἀνδράσι
816 1249 1002 1340 φυλάσσειν
1019 1273 1138 1344 παρ-0

135 1357 274 1424 έδωκεν.
308 1349 352 1433 ὡς
370 1347 405 1422 δ’
420 1349 461 1422 06
479 1349 570 1423 πάνυ
588 1356 656 1422 τῶν
673 1353 913 1443 γεγραμμένων
931 1359 1103 1442 συνίεσαν,

135 1462 183 1537 εἰς
201 1451 266 1542 τήν
286 1447 429 1524 Ἑλλάδα
450 1461 640 1550 στείλαντες
664 1450 725 1524 660
749 1449 876 1544 ἄνδρας
900 1455 1033 1525 ἐκεῖθεν
1048 1483 1105 1544 μι-

133 1559 228 1627 σθοῦ
245 1552 371 1645 ἤγαγον
388 1551 466 1636 τοδς
483 1552 781 1644 ἀναγνωσομένους
803 1558 909 1625 ταῦτα
926 1556 982 1624 καὶ
1002 1557 1105 1646 ἑρμη-

132 1654 329 1739 νεύσοντας.
365 1661 401 1727 oc
416 1656 453 1728 δὲ
471 1663 633 1747 περίοικοι
655 1669 780 1746 μαθείν
804 1653 1023 1746 ἐθελήσαντες
1040 1653 1104 1746 ό,τι

94 1787 121 1828 15
134 1759 216 1830 ποτὲ
233 1755 270 1828 τό
290 1755 346 1830 διά
361 1765 430 1829 τῶν
447 1765 589 1847 βιβλίων
608 1767 659 1848 εἴη
678 1756 897 1850 δηλούμενον,
915 1758 974 1830 τόν
987 1763 1103 1849 ἕτερον

135 1864 206 1931 των
222 1858 469 1949 φυλασσόντων
486 1856 571 1931 αὐτά
588 1857 731 1949 Μάρκον
752 1856 917 1932 Ἀκίλλιον
933 1858 1103 1952 χρήμασιν

134 1960 379 2044 ἀναπείσαντες
392 1959 640 2054 μετεγράψαντό
653 1990 737 2032 τινα.
763 1964 976 2050 γνωσθέντος
991 1963 1028 2032 δὲ
1041 1965 1103 2032 τοῦ

137 2073 238 2153 ἔργον
261 2062 279 2132 6
300 2061 440 2156 Μάρκος
464 2062 606 2154 βύρσαις
631 2059 695 2132 δύο
716 2069 958 2150 σνρραφείσαις
983 2064 1103 2150 ἐμβλη-

133 2168 213 2248 θεὶς
231 2163 524 2255 κατεποντώθη,ο
508 2160 523 2188 ‘⁸
543 2167 575 2248 ἐξ
543 2167 667 2236 ἐίκεί
666 2191 727 2234 νον
744 2164 916 2251 μετέπειτα
935 2161 1019 2230 κατὰ
1035 2164 1104 2231 τοῖν

96 2296 124 2337 το
138 2265 375 2358 πατροκτόνων
399 2263 603 2392 ἐπεκράτησε
626 2272 800 2354 γίνεσθαι,
825 2267 882 2333 ἵνα
906 2259 989 2386 μήτε
1013 2256 1034 2350 6
1060 2265 1106 2350 γη

133 2367 219 2460 μήτε
232 2397 269 2439 το
257 2367 369 2462 νδωρ
382 2366 464 2494 μήτε
477 2397 495 2440 ο
484 2364 599 2457 ἥλιος
616 2371 746 2458 μιανθῇ
765 2361 868 2436 αότον
855 2360 1102 2490 ;θνήσκοντος.

218 2467 286 2543 Τόν
304 2471 342 2541 δὲ
358 2470 446 2542 ναόν
463 2467 522 2541 τόν
547 2473 584 2540 ἐν
600 2473 647 2563 τῷ
669 2461 871 2562 Ταρπηίφ”
851 2495 924 2558 ορει
941 2465 1025 2536 κατά
1041 2463 1137 2589 τήνω

131 2576 195 2645 τοῦ
214 2569 338 2664 πατρός
357 2568 459 2663 εὐχήν
478 2567 653 2666 ωκοδόμει.
685 2577 743 2660 τῆς
763 2570 859 2639 δε
816 2597 876 2659 γης
896 2574 943 2650 είς
960 2567 1022 2692 τήν
1034 2597 1103 2638 των

129 2680 307 2766 θεμελίων
330 2673 520 2763 καταβολὴν
544 2669 863 2764 ἀναρρηγνυμένης,
886 2665 1009 2760 ἀνδρός
1027 2699 1104 2740 νεο-

88 2806 116 2847 εσ
129 2780 261 2868 θνήτος
286 2776 415 2866 κεφαλὴ
433 2771 586 2864 ἀνεφάνη
610 2781 744 2864 ἐναιμος
769 2779 825 2843 ἐτι.
869 2777 1023 2860 ἔπεμψαν
1040 2761 1106 2840 οὖν

125 2875 284 2970 Ρωμαῖοι
307 2876 389 2970 πρός
416 2874 525 2966 άνδρα
552 2873 729 2968 Τυρσηνόν
753 2874 997 2964 τερατοσκόπον
1023 2875 1104 2960 ἐρω-

129 3007 257 3064 τωντες
280 2979 316 3050 τὸ
343 2975 398 3049 διά
421 3007 481 3049 τον
471 2979 670 3068 φανέντος
701 2974 920 3064 δηλούμενον.
962 2999 980 3040 ο
969 2965 1101 3040 ’δὲ
1067 2998 1104 3040 το

128 3099 276 3174 σημεῖον
294 3079 395 3163 είς
357 3109 420 3170 την
443 3089 578 3200 Ῥνρσην
579 3085 636 3150 ίδα
654 3089 851 3170 μεταθεῖναι
868 3070 1105 3165 μηχανησάμε-

128 3215 210 3273 νος,
231 3181 425 3312 διάγραμμα
444 3183 557 3253 ἐπὶ
514 3210 573 3270 της
590 3185 650 3272 γης
670 3177 862 3268 ἐποιήσατο,
881 3176 936 3247 καὶ
955 3181 1002 3258 είς
1021 3172 1102 3248 αὐτὰ

87 3313 114 3355 ιο
128 3286 196 3377 τήν
213 3313 251 3355 τε
273 3291 332 3375 τῆς
351 3281 473 3374 Ριόμης
499 3283 598 3354 θέσιν
623 3285 712 3354 ἐντεί
698 3289 771 3364 ίνας
794 3269 906 3352 καὶ
872 3307 909 3350 το
933 3276 1104 3370 Ταρπήιον

128 3453 339 3467 .--——=——

204 3539 238 3588 23
256 3534 306 3604 τῆς
320 3529 353 3587 66
367 3531 429 3601 γῆς]
447 3533 545 3584 Dionis
557 3533 657 3598 fragm.
671 3533 717 3594 11,
731 3532 755 3583 8.
913 3590 962 3654 8*
