2580 3816
227 173 291 240 m
476 171 925 227 mmmmm

229 312 313 398 λιο;”
334 317 478 385 συνέντα
496 313 535 383 δέ
551 311 611 382 τόν
629 311 785 400 ἀγγελία,
808 313 865 380 καί
882 311 970 400 μέγα
986 307 1199 398 στενόξαντα,
1262 308 1267 318 ’

228 421 337 486 εἰπεῖν
347 413 391 497 σός
401 413 501 506 “περὶ
513 421 573 503 τῆς
582 413 710 494 πόλεως
720 415 809 500 λέγω
820 413 877 482 καὶ
891 410 934 482 ού
945 412 1023 502 περὶ
1034 417 1094 498 τῆς
1107 409 1199 501 όρνι-

226 514 315 599 θος.”
345 509 389 605 ήν
406 515 470 607 γὰρ
487 522 535 608 τῷ
553 515 806 608 βασιλείτούτςο
824 506 995 599 δλεκτορὶς
1012 510 1216 602 δπερμεγέε

227 630 304 708 θης,
323 612 347 708 ᾗ
367 617 531 706 ἐγεγήθει,
546 615 590 706 ῆν
609 615 756 706 ὠνόμαζε
764 615 904 706 Ῥώμην,
919 612 963 684 δι’
982 611 1096 703 ῆνκαὶ
1110 611 1199 707 ἀνςί-

228 721 350 810 μωξεν,
361 723 494 808 ἐκείνην
506 725 648 810 νομίσας
663 719 853 789 ἑαλωκέναι.
884 715 998 810 ὑδέρῳ
1012 715 1050 786 δέ
1063 739 1221 806 περιπε-ιι

229 819 367 902 πτωκιδς
382 819 567 911 ὁὉνύριος
579 820 731 908 θνήσκει,
745 819 844 908 ζήσας
856 818 920 909 μέν
935 815 1113 898 ἐνιαυτούς
1126 838 1201 887 τεσ-

229 919 431 1013 σαράκοντα,
446 919 647 1009 βασιλεύσας
661 921 700 991 δέ
717 925 889 1018 δυσκλεῶς
907 923 943 990 ἐκ
960 918 1092 990 τούτων
1109 919 1201 1009 τριά-

228 1052 340 1094 κοντα.
360 1021 520 1112 Ἰωάννης
534 1025 576 1092 δέ
585 1051 633 1104 τις
645 1023 858 1114 τυραννήσας
873 1019 1026 1112 ἐνῬοίμη
1042 1019 1105 1110 τῆν
1116 1023 1199 1090 ἐκεί-

193 1138 216 1188 Β
228 1154 292 1196 νου
306 1123 458 1214 ἀδελφήν
474 1129 665 1197 Πλακιδίαν
678 1123 760 1213 μετδ
773 1130 843 1194 τῶν
859 1123 923 1193 δύο
940 1125 1069 1192 τέκνων
1087 1119 1203 1210 αύτῆς,
1269 1177 1271 1190 ι

234 1223 519 1298 Ούαλεντινιανοῦ
536 1253 572 1295 τε
588 1226 646 1294 καὶ
658 1223 869 1315 Ὁνοριύδος,
881 1227 1014 1296 ἐκεῖθεν
1028 1224 1201 1312 ἐξήλασεν.
1214 1254 1235 1292 ιι

174 1329 217 1394 22
304 1326 340 1398 Ὁ
365 1328 402 1398 δέ
425 1326 540 1417 μικρός
566 1325 744 1408 Θεοδόσιος
780 1329 817 1396 ἐν
841 1325 1203 1398 Κωνσταντινουπόλει

230 1428 359 1516 διάγων
371 1427 462 1519 παρὰ
479 1435 538 1518 τῆς
556 1435 682 1509 οἰκείας
695 1425 839 1516 ἀνήγετο
856 1426 1005 1516 ἀδελφῆς
1019 1433 1204 1514 τῆςΠουλ-

229 1537 344 1620 χερίας
380 1533 542 1619 ἐπιμελῶς
568 1529 774 1619 τρεφόμενός
808 1529 925 1598 τεκαὶ
949 1527 1205 1616 παιδευόμενος.

229 1631 373 1720 μηδενός
393 1632 659 1720 ἐπανισταμένου
678 1627 808 1717 αὐτοῖς,
826 1630 924 1723 φόβῳ
941 1636 1003 1699 τού
1021 1635 1091 1699 τῶν
1109 1639 1203 1719 Περ-

231 1737 302 1802 σῶν
325 1732 563 1820 βασιλεύοντος
584 1728 800 1822 Ἰσδιγέρδου.
837 1729 940 1822 ὁγὰρ
954 1729 1132 1816 Ἀρκιίδιος
1149 1758 1202 1800 τε·
1217 1762 1240 1801 ιε
1269 1781 1271 1784 -

229 1838 361 1902 λεντῶν
385 1835 567 1922 ἐπίτροπον
588 1838 650 1902 τού
668 1839 796 1904 οἰκείου
815 1837 914 1921 υίού,
933 1828 1055 1912 παιδός
1073 1837 1142 1920 ἔτι,
1162 1860 1207 1913 ις

231 1943 374 2021 είρηται,
398 1933 512 2023 ὄντος,
538 1941 687 2029 ἔγραψεν
710 1937 747 2004 ἐν
773 1930 949 2021 διαθήκαις
966 1933 1028 2004 τόν
1041 1930 1208 2024 Ἰσδιγέρ-

231 2039 310 2122 δην·
342 2033 380 2116 δς
406 2041 464 2124 τῆς
489 2035 653 2124 διαθήκης
680 2045 897 2124 κομισθείσης
922 2033 1033 2128 αύτῷ,
1059 2041 1208 2105 ἔστειλεν

128 2134 416 2225 ΨῙΠ34Ἀντίοχον
433 2142 503 2206 τεόν
520 2134 601 2226 παρ’
628 2133 722 2230 αύτῷ
747 2131 923 2225 εὐνούχων
944 2135 1009 2206 τόν
1035 2137 1205 2226 ἐντιμότε-

231 2265 304 2328 ρον,
329 2239 466 2326 φύλακα
483 2243 545 2308 τού
569 2241 731 2326 βασιλέως
750 2243 933 2308 Θεοδοσίου
957 2239 1015 2308 καλ
1032 2237 1209 2327 κηδεμόνα
1221 2271 1241 2310 κ

232 2339 405 2427 ἐσόμενον,
431 2341 634 2429 παραινέσας
648 2338 703 2410 διδ
722 2338 1020 2430 γραμμύτωντούς
1038 2337 1210 2430 ἄρχοντας

196 2445 217 2496 0
230 2437 383 2508 ὑπείκειν
399 2446 446 2531 τῷ
465 2441 616 2532 σφετέρῳ
629 2447 776 2528 βασιλεῖ’
791 2447 825 2510 εί
840 2440 878 2510 δέ
892 2439 940 2529 μῆ
956 2437 1046 2510 οὕτω
1060 2457 1212 2527 ποιοῖεν,
1269 2447 1271 2490 ¹

232 2537 413 2625 ἀπειλήσας
431 2538 548 2620 αύτοϊς
566 2538 669 2624 αύτδς
687 2544 860 2630 ἐπιστῆναι
872 2595 874 2600 .
886 2548 935 2622 είς
954 2545 1128 2630 ἐκδίκησιν
1147 2548 1213 2612 τοῦ

232 2639 362 2720 παιδός.
397 2639 507 2735 τούτῳ
531 2649 650 2712 τοίνυν
674 2641 739 2732 ήδη
756 2653 867 2714 τελεῖν
883 2641 1041 2736 ήργμένῳ
1060 2650 1112 2724 είς
1129 2651 1215 2732 μεί-

233 2767 337 2832 ρακας
355 2737 376 2830 ή
394 2739 525 2832 ἀδελφή
539 2752 732 2836 Πουλχερία
745 2743 964 2832 μνηστεύεται
976 2743 1039 2832 τήν
1053 2747 1089 2826 ἐξ
1099 2743 1213 2834 Ἀθη·
1227 2777 1246 2818 ε

232 2847 305 2911 νιόυ
322 2841 515 2932 Εύδοκίαν,
538 2845 683 2926 κάλλους
701 2846 763 2934 μὲν
782 2851 928 2935 ἔχουσαν
945 2851 1120 2936 περιττοῖς,
1152 2868 1218 2918 σο·

230 2951 311 3032 φίας
325 2945 364 3013 δέ
377 2951 611 3034 μετασχούσαν
628 2952 854 3035 παντοδαπῆς.
873 2944 1062 3037 ῆθυγιίτηρ
1081 2947 1155 3036 μὲν
1175 2941 1221 3037 ῆν

231 3052 397 3116 Λεοντίου
424 3045 516 3127 τινός
550 3047 739 3136 φιλοσόφου
767 3045 960 3137 ’Λθήνηθεν
990 3046 1219 3139 ὁρμημένου,

228 3142 391 3230 Ἀθηναλς
416 3145 449 3214 δ’
477 3146 671 3236 ὠνομάζετο.
708 3146 746 3230 δς
764 3148 870 3237 γνούς
889 3151 921 3233 ἐξ
942 3148 1128 3240 ἐπιστήμης
1153 3149 1219 3222 εύ-

230 3251 371 3332 τυγῆσαι
392 3248 584 3335 μέλλουσαν
607 3247 670 3338 τήν
692 3253 867 3341 θυγατέρα
890 3255 1069 3343 λαμπροῖς,
1097 3257 1218 3322 διατι-

230 3343 374 3428 θέμενος
392 3346 454 3434 τήν
477 3349 540 3436 μὲν
558 3359 757 3440 περιουσίαν
775 3350 884 3422 αύτού
904 3369 974 3436 τοῖς
991 3357 1083 3434 υίοϊς
1101 3381 1222 3424 κατα·

233 3441 379 3511 λέλοιπε·
408 3447 471 3516 δύο
497 3443 645 3538 δ”ῆσαν
674 3447 859 3544 Ουἀλέριος
883 3457 940 3524 καὶ
958 3455 1138 3537 Γενέσιος·
1177 3461 1222 3548 τῇ
