2580 3816
443 135 515 189 Lm.
535 135 609 186 xlv.
628 133 704 186 σεε.
723 135 774 186 111.
1040 133 1105 198 259

129 279 202 344 κοῦ.
229 255 512 363 όντενέγραψεδὲ
529 271 591 361 τὴν
611 272 756 360 Φήλικος
774 279 893 362 κλῆσιν
910 279 973 343 τοῦ
991 273 1206 344 πάπαΨΗῐιο

3 449 8 464 2
86 372 268 464 Ράμης,
299 371 424 480 ἀνδρός
454 371 644 464 όρθοδόξου
675 375 733 442 καὶ
763 375 1008 465 καθαψαμένου
1048 371 1102 445 διά

129 475 335 566 γραμμάτων
359 481 432 544 τοῦ
446 501 482 543 τε
507 475 665 563 Ζήνωνος
689 475 749 546 καὶ
767 481 829 544 τοῦ
850 471 1025 562 ’,Ακακίου
1052 468 1135 546 ότι

130 583 178 670 τῷ
197 582 349 669 Μογγρῦ.
358 575 561 646 ἐκοινώνουν
585 577 723 668 Πέτρην,
755 582 814 664 τῆς
838 574 1021 666 Εὗτυχοῦς
1047 578 1104 646 και

74 722 86 731 -
105 701 117 740 ⁵
133 648 327 765 ,άιοσκόρον
355 675 428 747 ὅντι
453 678 625 766 αἱρέσεως,
651 676 791 767 μάλιστα
810 677 849 747 δὲ
866 679 923 748 καὶ
940 679 1103 768 καθαιρέ-

132 801 216 860 σεως
234 785 391 864 λίβελλου
409 784 602 860 στείλαντος
617 773 773 872 Ἀκακίφ,
792 777 844 848 διό
862 780 920 850 καὶ
938 778 975 848 τό
995 778 1137 868 όνομαΒ

134 877 241 950 αὐτοῦ
265 876 283 948 ὁ
308 876 457 958 Ἀκάκιος
476 881 513 948 ἐκ
536 885 606 949 τῶν
624 879 795 968 διπτύχων
812 877 1004 968 ἀπήλειψεν.
1040 873 1100 951 οῦ-

1 997 2 1008 ³
130 1007 186 1060 τος
210 987 329 1050 τοίνυν
352 978 370 1050 ό
397 979 601 1070 πατριάρχης
619 975 807 1071 Εύφήμιος,
826 987 999 1071 ἔγγραφον
1019 981 1103 1053 ίδιό-

39 1169 43 1178 ,
130 1108 242 1171 ηειρον
271 1087 333 1150 τοῦ
364 1079 586 1152 Ἀναστασίου
616 1081 802 1171 δεξάμενος,
833 1081 877 1164 οδς
910 1084 1037 1172 δέχεται
1062 1083 1103 1152 τά

1 1201 4 1207 “
91 1219 116 1260 10
129 1187 187 1271 τῆς
211 1183 388 1270 ἐκκλησίας
412 1181 563 1271 δόγματα
588 1183 645 1251 καὶ
661 1181 702 1252 τά
720 1181 812 1272 παρά
827 1187 887 1272 τῆς
906 1186 944 1253 έν
960 1193 1099 1272 Χαλκη-

35 1298 38 1302 ’
124 1283 207 1358 ,δόνι
225 1283 374 1354 συνόδου
400 1281 583 1373 ὁρισθέντα
600 1283 741 1372 φυλάξει
757 1283 879 1372 πάντα,
904 1287 1016 1373 στέφει
1034 1283 1104 1355 αύ-,

128 1385 200 1454 τόν.
242 1381 261 1453 δ
285 1383 323 1453 δὲ
346 1381 468 1454 αῦτίκα
491 1383 554 1474 την
577 1380 756 1475 Ἀριάδνην
778 1386 1017 1473 μνηστεύεται,
1044 1387 1106 1456 καλ

128 1483 267 1576 γραφὴν
292 1499 435 1564 ποιεῖται
458 1491 630 1573 βασίλειον
652 1483 811 1574 άφιείσαν
835 1485 876 1555 τά
902 1488 997 1578 μέχρι
1027 1487 1101 1557 τότε

45 1650 48 1656 .
128 1591 178 1680 τῷ
195 1591 346 1680 δημοσίῳ
364 1585 456 1676 παρά
474 1613 577 1656 τινων
595 1584 805 1676 ὀφειλόμενα.
838 1587 903 1676 ἤδη
921 1588 960 1657 δὲ
976 1609 1095 1676 γεσσα-

94 1719 120 1760 ιε
141 1692 304 1779 ρακοστῆς
321 1694 571 1818 παραρρυείσης
587 1685 711 1778 ἡμέρας
727 1687 811 1778 μετά
826 1687 889 1778 τὴν
905 1687 1017 1778 ταφὴν
1030 1689 1099 1814 Ζη·

81 1825 87 1828 ·
127 1816 255 1876 νωνος,
278 1791 336 1856 και
359 1787 440 1868 τοῦς
466 1787 596 1877 γάμους
621 1791 759 1860 ἐτέλεσε.
796 1794 929 1880 δασμοῦ
955 1791 993 1860 δε
1018 1790 1100 1872 τοῦς

128 1888 304 1978 ῦπηκόους
321 1892 488 1974 πιέζοντος
502 1915 562 1960 τον
549 1893 759 1978 λεγομένου
772 1891 1027 1986 χρυσαργύρου,
1042 1892 1100 1960 καὶ
1146 1957 1150 1965 .

128 1997 264 2060 τοῦτον
276 1982 499 2073 ἐξέκοψεν.
478 2018 530 2077 ην
539 1988 611 2059 δ
595 2018 613 2059 ο
631 2017 691 2059 του
710 1993 951 2083 χρυσαργύρου
970 1991 1098 2082 δασμός

128 2097 293 2173 τοιοῦτος
324 2090 472 2172 ἅπαντες
497 2090 555 2159 καὶ
578 2105 758 2180 προσαιται
787 2095 844 2160 καὶ
874 2093 1015 2179 πένητες
1040 2093 1132 2162 καλο

22 2255 29 2264 ε
86 2227 116 2270 νο
130 2198 223 2264 πάσα
248 2193 358 2284 πόρνη
381 2193 439 2283 καί
463 2191 653 2281 ξύμπαντες
677 2189 901 2280 ἀπελεύθεροι
911 2194 963 2259 έν
981 2190 1100 2282 άγροίς

1 2307 2 2380 ξ
65 2339 68 2343 ι
128 2321 164 2364 τε
187 2295 255 2364 καὶ,
272 2293 390 2364 πόλεσι
420 2297 645 2382 διατρίβοντες
677 2293 844 2384 εἰσφέρειν
874 2287 1100 2381 ἠναγκάζοντο

130 2401 178 2488 τῷ
210 2401 361 2488 δημοσίῳ
390 2396 485 2476 τέλος
517 2394 658 2482 ἐτήσιον.
700 2395 757 2462 καὶ
787 2391 877 2484 ὑπὲρ
905 2399 1020 2463 ἳππων
1043 2395 1100 2463 καλ

127 2495 279 2586 ἡμιόνων
308 2497 367 2564 καὶ
396 2500 489 2583 βοῶν
518 2493 609 2566 όνιον
631 2521 667 2564 τε
689 2497 748 2564 καλ
774 2501 891 2565 κυνεῖν
923 2494 1099 2585 ἐπράττετο

129 2597 364 2686 φορολόγημα,
387 2594 476 2686 ὑπὲρ
494 2591 690 2686 ἀνθρώπων
707 2596 770 2686 μὲν
796 2596 936 2668 ἑκάστου
954 2595 1100 2687 νόμισμα

10 2733 14 2737 ·
84 2728 114 2768 εε
127 2696 316 2786 ἀργυροῦν,
340 2695 378 2766 τό
403 2695 436 2766 δ’
463 2692 547 2767 αύτό
571 2698 628 2767 καὶ
651 2695 740 2787 ὑπὲρ
758 2701 878 2785 ἵππου,
903 2695 1046 2787 ἡμιόνου
1063 2725 1100 2766 τε

127 2797 187 2866 καὶ
203 2796 294 2883 βοός,
318 2794 408 2886 ὑπὲρ
432 2795 516 2868 όνον
541 2797 581 2867 δέ
604 2798 739 2887 φόλλεις
757 2801 805 2885 ἕξ,
830 2795 955 2886 ὁμοίως
979 2798 1018 2866 δὲ
1041 2799 1100 2866 καὶ

104 2895 217 2988 ,ύπδρ
241 2896 356 2979 κυνός.
391 2898 449 2966 καί
474 2891 531 2986 ἦν’
548 2897 604 2968 διά
630 2904 735 2968 ταῦτα
761 2896 924 2986 συντριβὴ
948 2903 1018 2966 τῶν
1035 2895 1098 2967 άν-

127 2998 281 3089 δρύπων
301 2999 359 3067 καί
382 2996 531 3090 όδυρμός
555 3005 739 3088 πανταχοῦ.
780 2996 866 3067 άλλά
890 2997 1017 3085 ταύτην
1043 3000 1098 3068 έκ-

128 3101 236 3182 κόψας
265 3098 328 3190 την
359 3099 524 3190 εἰσφοράν
560 3098 579 3170 ὁ
610 3097 767 3187 βασιλεῦς
796 3096 1012 3179 Ἀναστάσιος
1042 3099 1100 3167 καὶ

84 3233 117 3274 υο
132 3199 237 3282 αύτόις
254 3201 315 3284 τάς
332 3203 411 3294 περὶ
427 3201 551 3290 ταύτης
569 3198 769 3291 ἀπογραφάς
788 3203 942 3271 ἐναντίον
958 3205 1018 3269 τοῦ
1035 3199 1099 3286 δή·

128 3329 194 3390 μον
212 3305 420 3373 κατέκαυσεν
439 3305 477 3372 έν
494 3307 541 3394 τῷ
556 3300 711 3396 Ἱππικρῦ·
736 3303 793 3372 καὶ
819 3294 863 3390 ἦν
880 3301 943 3391 ’μέν
962 3303 999 3370 ἐν
1015 3299 1098 3370 τού-

114 3431 195 3484 τοις
220 3403 391 3492 φιλότιμος
415 3405 472 3472 καὶ
501 3400 562 3490 τὴν
592 3409 661 3475 τόν
685 3408 865 3475 πολιτικῶν
889 3401 1132 3492 πραγμάτωνῦ

832 3515 918 3580 17*“
