2566 3812
214 183 278 248 288
537 187 611 238 ΜΒ.
624 187 672 238 IX.
691 186 771 238 cAP.
783 188 862 241 xm.

179 323 301 417 (ταύτῇ
320 323 451 415 ὤρεξεν.
478 321 499 416 ἡ
515 327 552 398 δέ
565 321 637 397 οὔτ’
652 323 895 416 ιἰνωλοφύρατο
909 321 977 396 οὔτ’
994 327 1182 418 ἐστέναξεν,

213 426 298 497 ιἰλλδι
315 431 371 498 καί
388 426 480 499 πάνυ
497 435 660 516 γενναίως
673 423 692 454 “
703 435 734 499 εί
749 429 846 499 τοῦτό
864 421 959 515 σοι,”
978 435 1044 517 ἔφη
1057 423 1181 517 “άνερ,

215 535 323 619 δοκεί,
347 526 439 620 κάγω
463 538 641 620 πείθομαι·
672 535 731 620 τῆς
754 528 818 621 γάρ
836 533 944 619 ψυχῆς
961 557 1027 617 μου
1044 525 1126 618 μετὰ
1143 530 1183 598 σὲ

214 627 327 712 ούδελς
357 629 456 712 ἄλλος
480 629 668 722 κυριεύσει·
711 638 744 702 εἰ
773 632 810 702 δέ
848 635 908 702 τοῦ
936 627 1086 720 σύματός
1115 658 1182 718 μου

159 755 161 762 ’
215 740 370 803 Σκιπίων
394 739 520 822 δείται,
544 731 667 824 νεκρδν
691 729 771 804 αύτδ
799 729 957 820 λαβέτω.”
999 733 1055 802 καί
1079 727 1209 821 ἡμένε

214 829 321 916 οὕτως
339 829 502 924 άπέθαυε,
522 841 677 906 Σκιπίων
694 835 732 905 δέ
748 833 785 904 τδ
804 842 904 926 ἐργον
922 831 1125 922 ἐθαύμασεν.

293 941 339 1006 OC
355 934 387 1006 δ’
410 941 447 1008 ἐν
463 941 504 1028 τῇ
516 933 636 1029 Ῥύμῃ,
654 941 714 1006 τού
731 942 872 1007 Λαιλίου
890 935 949 1007 τὸν
962 933 1107 1024 Σόφακα
1125 936 1183 1005 καὶ

213 1034 272 1108 τὸν
289 1035 368 1134 υίδν
385 1041 517 1108 ἐκείνου
537 1034 732 1128 Οόερμίναυ
749 1035 936 1127 ἀγαγόντος
954 1041 1024 1108 ἐκεῖ
1040 1039 1096 1106 καὶ
1114 1043 1183 1106 τῶν

207 1136 326 1209 ’άλλων
344 1138 436 1222 τινάς
454 1145 523 1210 τῶν
541 1138 700 1230 κράτων,
732 1137 791 1210 τόν
804 1140 867 1230 μὲν
886 1137 1033 1229 Σόφακα
1054 1145 1102 1222 είς
1119 1137 1183 1228 τὴν

205 1237 332 1328 Ἀλβαν
345 1245 526 1312 κατέθεντο
540 1245 596 1311 καλ
608 1240 852 1330 τελευτήσαντα
868 1246 1012 1332 δημοσίᾳ
1030 1247 1176 1328 ἔθαψαν,
1194 1267 1220 1307 ιο

213 1346 261 1436 τῷ
268 1343 305 1413 δέ
317 1340 489 1436 Οόερμίνρι
502 1341 564 1429 τὴν
578 1350 753 1432 βασιλείαν
760 1339 950 1433 τοῦπατρὸς
959 1341 1181 1432 ἐπεκύρωσαν

213 1445 269 1512 καί
285 1443 364 1526 τούς
382 1447 615 1534 ζωγρηθέντας
637 1443 797 1536 Νομάδας
815 1448 1019 1533 ἐχαρίσαντο.

292 1551 338 1615 oi
360 1545 397 1614 δέ
420 1543 645 1636 Καρχηδόνιοι
674 1549 751 1635 περὶ
774 1552 932 1616 σπονδῶν
961 1549 1181 1635 ἐπικηρυκευ·

179 1659 204 1709 D
215 1646 354 1735 σάμενοι
371 1652 417 1739 τῷ
435 1655 602 1718 Σκιπίωνι
619 1645 769 1738 χρήματά
788 1675 825 1717 τε
849 1643 955 1729 εύθδς
978 1653 1099 1717 ἔδοσαν
1124 1649 1186 1717 καί

212 1747 290 1828 τούς
315 1746 542 1836 αἰχμαλώτους
565 1747 693 1828 πάντας
716 1745 895 1820 άπέδωκαν
920 1750 977 1818 καὶ
1002 1747 1087 1839 όπέρ
1110 1753 1180 1818 κων
1194 1776 1219 1816 ιε

213 1851 341 1918 λοιπόν
360 1857 543 1940 πρεσβείαν
561 1857 609 1931 είς
631 1849 693 1940 τὴν
713 1849 839 1940 Ῥύμην
856 1849 1064 1920 ἀπέστειλαν.
1101 1850 1180 1933 τούς

214 1951 254 2020 δέ
276 1977 315 2038 γε
343 1953 499 2041 πρέσβεις
529 1957 564 2021 οί
585 1950 735 2041 Ῥωμαῖοι
759 1951 833 2022 τότε
856 1949 898 2022 ού
924 1954 1179 2040 προσεδέξαντο,
1281 2001 1282 2004 =

148 2142 152 2148 Ι
212 2053 363 2140 λέγοντες
381 2048 443 2123 οόκ
461 2053 549 2126 εἶναι
567 2051 707 2144 πάτριον
724 2062 821 2142 σφίσι
838 2055 1073 2144 στρατοπέδων
1088 2057 1124 2122 έν
1138 2057 1180 2144 τῇ

209 2149 328 2246 Ἰταλίᾳ
355 2150 464 2225 ὄντων
486 2155 553 2225 τισί
576 2161 759 2244 πρεσβείαν
782 2161 984 2244 προσίεσθαι
1010 2158 1042 2238 ἐξ
1066 2149 1180 2225 αότιιν

211 2258 268 2326 καί
284 2264 495 2346 χρηματίζειν
511 2254 599 2347 όπέρ
618 2253 760 2346 είρήυης.
792 2253 937 2346 ὕστερον
955 2257 1010 2344 δέ,
1029 2251 1178 2344 άπάραυ·
1192 2283 1222 2324 νο

210 2384 266 2438 τος
284 2361 344 2426 τοῦ
370 2383 406 2425 τε
419 2355 577 2445 Ἀννίβου
595 2361 727 2429 καὶτοῦ
746 2355 933 2447 Μάγωνος,
957 2355 1059 2446 λόγου
1083 2363 1180 2447 σφίσι

211 2460 404 2545 μετέδωκαν
418 2460 474 2527 καί
490 2463 698 2548 ἐψηφίσαντο
712 2459 769 2540 τάς
784 2457 943 2541 σπονδάς.
970 2456 1178 2548 ἐξεχώρησαν

212 2557 250 2626 δέ
267 2561 325 2648 τῆς
336 2555 475 2641 Ἰταλίας
488 2555 551 2630 ὅτε
564 2557 719 2650 Ἀννίβας
731 2563 787 2650 καί
806 2558 824 2632 ὃ
842 2559 975 2650 Μάγων
989 2558 1030 2630 οό
1047 2559 1101 2629 διά
1115 2558 1180 2648 τὴν

212 2655 397 2748 σύμβασιν,
418 2657 502 2732 ἄλλά
522 2660 604 2752 πρὸς
616 2661 674 2732 τδν
694 2674 780 2734 οίκοι
794 2662 940 2752 πόλεμον
959 2661 1177 2750 ἐπειγόμενοι.

18 2754 27 2848 j
110 2778 209 2830 P1441
290 2767 336 2832 οί
358 2759 395 2832 δ’
415 2767 452 2834 έν
475 2770 515 2856 τῇ
533 2762 646 2856 Λιβύη
664 2763 890 2854 Καρχηδόνιοι
912 2761 993 2834 οόδέ
1015 2761 1224 2854 πρότερονεε

212 2863 383 2953 είρηναίόν
407 2894 439 2935 τι
462 2869 687 2955 φρονοῦντες,
711 2868 767 2936 καλ
792 2869 869 2956 περὶ
887 2869 1046 2939 σπονδῶν
1065 2866 1119 2934 ἐπὶ
1136 2871 1180 2954 τῇ
1218 2943 1221 2949 ,

210 2971 271 3036 τοῦ
294 2964 419 3056 χρόνου
442 2969 542 3058 τριβῇ
565 2965 621 3048 διά
643 2967 706 3057 τὴν
728 2971 789 3038 τοῦ
808 2965 967 3056 Ἀννίβου
989 2973 1183 3056 παρουσίαν

211 3066 565 3158 ἐπικηρυκευσάμενοι,
574 3067 618 3151 ι’δς
630 3066 689 3140 τὸν
699 3067 855 3158 Ἀννίβαν
868 3065 1088 3158 πλησιάζοντα
1103 3074 1182 3156 ἐμα-

211 3177 288 3254 θον,
307 3167 562 3260 ἀνεθάρσησαν,
587 3173 643 3240 καὶ
661 3173 822 3242 ἐπέθεντο
846 3176 893 3264 τῷ
911 3177 1078 3242 Σκιπίωνι
1095 3167 1182 3238 κατά

211 3269 277 3351 γῆν
299 3295 336 3336 τε
360 3273 416 3339 καὶ
440 3268 523 3340 κατά
542 3270 735 3344 θάλασσαν.
772 3270 932 3366 κάκείνου
956 3274 1032 3364 περὶ
1058 3268 1181 3342 τούτου
1197 3297 1227 3342 so

212 3421 415 3435 -m—

281 3498 428 3550 12Dion1s
447 3501 547 3566 fragm.
566 3505 607 3566 57,
627 3502 668 3554 74.
686 3531 719 3540 -
738 3507 770 3557 29
789 3506 827 3557 ib.
847 3508 887 3558 ⁷5.
