2580 3816
436 137 507 187 Lm.
527 137 601 188 xlv.
623 137 700 188 οιΡ.
719 139 756 188 11.
995 137 1058 204 255

97 277 164 344 ἐκεί
150 281 225 344 ίνου
242 281 382 366 κεφαλῇ
406 275 613 364 περιθείς
578 301 616 344 το
641 275 795 364 διάδημα.
831 271 875 364 ἦν
901 277 970 347 δὲ
956 307 973 348 ο
994 279 1062 368 Z6-
1044 295 1097 344 -D

95 403 165 445 νων
182 378 214 458 ἐξ
229 381 352 458 ἔθνους
367 383 540 464 αἰσχίστου
555 382 616 446 τού
628 383 697 446 τῶν
707 376 881 466 Ἰσαύρων,
896 390 1063 476 αἴσχιστος

95 477 149 546 καὶ
172 475 276 558 αὐτὸς
301 479 357 546 καὶ
380 477 442 566 τὴν
466 475 601 604 μορφην
619 478 730 548 καὶ
692 507 763 568 την
773 479 887 568 ψυχην
905 482 1061 569 γεγονός.
1152 471 1154 476 ’

94 575 201 647 καῖ’
159 605 223 667 ουχ
239 577 282 660 69
296 578 453 667 βασιλεύς
471 577 534 666 την
552 577 660 667 άρχὴν
678 575 818 666 άνύων,
826 576 902 650 άλλ’
924 579 968 663 ὦς
987 581 1045 652 άν-
1050 613 1162 664 W11143

70 669 208 768 ιτικρυς
225 681 402 771 τύραννος
437 673 482 768 ἦν
506 679 544 750 66
568 681 676 774 τούτῳ
700 682 757 750 καὶ
775 679 921 771 άδελφδς
939 683 1088 754 Κόνων

93 779 305 870 καλούμενος
321 783 378 850 καὶ
394 781 455 854 τόν
477 780 677 908 66666661’
647 811 694 864 εις
711 790 833 853 κακίαν
848 781 1060 872 ύιιερβαλλό

9 933 11 936 -
93 909 208 972 μενος,
233 888 348 972 αἵμασι
371 891 499 972 χαίρων
522 884 580 950 καὶ
599 899 745 972 σφαγαῖς
762 883 959 976 ἀνθρώπων
976 884 1060 974 666-

87 1010 200 1105 μενμς
235 984 318 1053 κατδι
337 985 458 1054 τούτου
476 989 537 1053 τού
555 983 715 1073 Ζήνωνος
740 988 777 1054 ἐν
796 987 912 1078 (δράκη
931 993 1059 1077 διατρί-

8 1135 10 1140 ·
90 1071 200 1173 βωύ
184 1113 202 1154 ο
226 1092 284 1173 της
301 1093 499 1212 βασιλίσσης
515 1093 604 1177 Βηρί
602 1115 663 1174 νης
680 1085 834 1176 ὁμαίμων
852 1116 870 1156 ο
860 1085 1060 1175 ‘66666669

7 1219 8 1222 ¹
49 1223 77 1261 ιο
90 1185 332 1268 Βασιλίσκος’
314 1195 464 1310 ανταίρει
487 1201 597 1278 χεῖρα,
615 1194 674 1276 τῆς
691 1195 839 1310 Βηρίνης
858 1191 1058 1279 συναιρομέ

9 1321 36 1328 ·’
90 1315 148 1375 νης
173 1286 265 1381 6666
291 1283 355 1358 κάκ
378 1296 438 1376 τῆς
463 1288 652 1376 συγκλήτου
676 1296 789 1360 τινοῖν.
826 1289 935 1372 δειλός
954 1289 1037 1360 δὲ’“
1011 1320 1061 1359 ων

22 1391 27 1396 ’
91 1388 109 1458 ὁ
128 1357 251 1478 Ζηνωύ
272 1417 329 1458 και
318 1387 527 1480 ἄνανδρος,
546 1389 669 1478 φεύγει
681 1389 802 1460 αὐτίκα
821 1389 885 1460 σύν
899 1388 1075 1482 Ἀριάδνη

92 1519 132 1581 τη
120 1492 289 1576 γυναικί
308 1489 368 1560 ἐν’
365 1497 502 1582 Ισαυρί
490 1520 510 1559 α
529 1491 613 1576 πρός
631 1491 711 1574 τούς
730 1490 915 1617 ὁμογενεῖς.
1025 1567 1027 1572 ,

8 1595 9 1598 '
163 1593 232 1662 Καὶ
249 1590 476 1673 ὁΒασιλίσκος
491 1595 587 1685 ἐντῷ
602 1593 722 1688 κάμιιφ
738 1589 978 1718 ἀναγορεύεται
991 1600 1054 1680 βα-

7 1749 9 1776 3
44 1730 74 1772 15
90 1691 327 1780 σιλεύς,καλ
290 1721 353 1782 την
365 1699 453 1764 οίκεί
438 1701 494 1764 ίαν
507 1693 655 1782 γαμετὴν
662 1701 842 1790 Ζηνωνίδα
851 1693 1057 1782 Αύγούσταν
1066 1725 1160 1776 P1162

89 1801 216 1882 ἔστενε,
230 1792 491 1884 καὶΜάρκον
457 1822 516 1864 τον
533 1795 614 1864 υίόν
630 1803 880 1886 προεχειρίσατο
893 1803 1055 1888 Καίσαρα.
1068 1793 1092 1841 A

8 1949 9 1952 ι
87 1887 131 1982 ἦν
149 1895 186 1964 66
204 1889 321 1966 καλ
279 1923 378 1977 ουτος
395 1895 475 1978 τούς
494 1923 530 1965 τε
549 1897 697 1985 τρόπους
716 1895 819 1967 ούδεν
836 1905 978 1986 βελτίων
995 1903 1057 1968 τοῦ

41 1995 246 2084 Ζήνωνος
264 1997 321 2066 καὶ
339 1998 416 2088 περὶ
434 2025 471 2067 το
461 1996 590 2085 σέβοις
615 1997 679 2066 ούκ
703 1995 818 2086 ὀρθῶς
833 2004 1055 2086 διακείμενος

85 2103 143 2186 669
166 2097 232 2189 γάρ
250 2093 430 2188 Εύτνχούς
454 2099 511 2167 καλ
528 2098 719 2188 Λιοσκόρου
737 2113 866 2186 μετεῖχε
883 2092 1000 2168 καλ
957 2125 1057 2178 ουτος

34 2237 68 2277 20
86 2201 262 2289 αίρέσεως,
287 2198 378 2290 παρά
401 2205 460 2288 της
483 2205 626 2288 γαμετῆς
656 2207 704 2281 είς
724 2198 859 2286 ταύτην
889 2205 1055 2287 προβιβα-

7 2319 11 2364 5
47 2349 51 2352 -
86 2308 198 2389 σθείς,
224 2302 282 2370 καὶ
312 2300 528 2392 σφόδρατάς
558 2307 627 2370 τῶν
657 2296 853 2390 όρθοδόξων
882 2302 1057 2388 ἐκκλησίας

85 2402 243 2491 ἐκάκωσε,
269 2403 326 2472 καὶ
350 2401 414 2490 τὴν
433 2405 469 2472 ἐν
487 2401 678 2490 Χαλκηδόνι
697 2401 846 2489 σύνοδον
862 2406 1057 2493 τυραννικῷ

81 2503 249 2592 γράμματι
269 2502 398 2595 ἄκυρον
417 2501 502 2572 εἶναι
518 2505 703 2577 τεθίσπικε.
739 2504 795 2572 καλ
812 2502 873 2572 τόν
890 2501 1052 2592 πατριάρ-

81 2632 147 2692 χηυ
176 2610 234 2692 τῆς
268 2606 346 2685 νίας
377 2603 500 2694 Ῥώμης
532 2599 683 2674 ’Λεύκιον
712 2611 812 2674 τούτο
843 2611 1057 2693 ψηφίσασθαι

24 2741 65 2786 2⁶
81 2709 271 2784 συνοδικως
291 2705 442 2792 ἐβιάζετο.
478 2699 564 2775 άλλολ
582 2705 619 2774 τό
640 2703 829 2794 ὀρθόδοξον
846 2712 979 2792 πλῆθος
996 2711 1055 2791 της

80 2802 213 2885 πόλεως
239 2805 411 2875 συνελθόν
433 2812 481 2887 είς
504 2806 567 2894 την
588 2810 778 2894 ἐκκλησίαν,
796 2807 853 2874 καὶ
870 2803 932 2874 τόν
949 2815 1054 2874 3666-

7 2914 23 2938 ”
78 2915 202 2976 λίσκον
227 2905 452 2998 ἐκακηγόρησε
476 2908 533 2976 καλ
555 2905 617 2996 την
642 2910 678 2976 ἐν
696 2905 887 2994 Χαλκηδόνι
904 2904 1052 2974 σύνοδον

76 3007 186 3096 άγίαν
205 3007 351 3080 ἐκάλεσε.
378 3007 432 3078 666
449 3015 555 3078 ταύτα
571 3016 690 3080 τοίνυν
707 3005 725 3078 ὁ
743 3012 943 3099 Βασιλίσκος
961 3003 1052 3094 παρά

73 3115 143 3180 τού
167 3109 277 3200 δήμου
300 3111 357 3180 καλ
381 3115 441 3198 669
458 3115 637 3200 γερουσίας
661 3115 831 3198 μεμίσητο.
869 3113 995 3196 ἔπεμψε
1013 3105 1088 3176 6613

10 3247 58 3292 30
74 3209 166 3281 κατά
186 3211 345 3299 Ζήνωνος
368 3209 450 3300 μετά
474 3211 648 3300 δυνάμεως
663 3209 776 3280 Ἵλλον
799 3209 855 3278 καὶ
879 3211 1053 3297 Τροκούν-

71 3317 158 3382 δον·
179 3319 216 3382 οἳ
231 3313 431 3394 ἐπελθόντες
451 3311 671 3402 ἐπολιόρκουν
689 3309 805 3380 αύτόν.
824 3309 872 3380 ότι
892 3309 930 3378 δὲ
948 3307 1054 3378 πολλοὶ

69 3411 198 3494 αὐτοῖς
222 3411 240 3482 6
265 3421 463 3493 Βασιλίσκος
489 3411 769 3502 ἐπαγγειλάμενος
799 3408 864 3482 ούκ
896 3413 1053 3491 ἐπιτελεῖς
1101 3480 1103 3482 ,
