2546 3822
352 167 756 222 mmmmm
985 169 1048 233 m

76 309 133 380 καὶ
157 306 364 398 γράμμασιν·
401 299 419 374 ὁ
445 302 617 388 θειότατος
649 300 747 390 οὗτος
771 301 816 396 ήν
840 309 1083 400 Νικηφόρος.ῡ

76 409 127 482 διὸ
146 409 203 478 καὶ
219 405 406 498 ὑπερορίαν
424 403 531 477 αύτού
549 415 750 498 κατακρίνει.
769 410 898 497 λέγεται
912 411 950 479 δέ
963 437 1048 500 προ-

76 512 257 582 αισθέσθαι
280 514 342 578 τού
366 509 512 590 Λέοντος
542 507 579 578 τδ
610 509 821 602 κακότροπον
853 509 871 580 ὃ
898 501 1048 600 άοίδίμος

45 690 47 693 ,
78 609 293 701 Νικηφόρος,
320 610 378 680 καὶ
403 605 448 692 ὥς
472 617 564 680 ἔσται
587 625 657 692 τοῖς
689 609 888 703 όρθοδύξοις
921 611 1049 694 σκόλοψ
1118 642 1120 647 ’

48 731 62 773 ⁵
76 716 134 786 καὶ
146 716 311 802 κυδοιμού
324 725 397 796 ταῖς
412 713 598 800 ἐκκλησίαις
613 711 709 802 λαβή.
743 715 781 783 ἐν
793 713 859 804 γάρ
872 720 919 806 τῷ
934 738 991 783 τιε-
1008 727 1149 780 WIH106

77 817 240 906 ριτιθέναι
262 817 305 904 τή
329 810 436 882 αύτού
460 817 591 903 κεφαλῇ
608 813 646 884 τδ
667 813 812 908 διάδημα
831 814 925 898 δόξαι
941 811 1047 884 άκάν-

77 929 143 1000 θας
172 919 361 1004 ἐμπαγῆναι
387 913 495 984 αύτού
513 919 555 1004 τή
572 923 665 1006 χειρί.
702 913 803 1005 ὁμέν
821 908 885 986 ούν
902 913 1048 1004 άπήγετο

76 1017 163 1109 πρός
188 1013 655 1108 Προικόννησον-ὑπερόριος.
708 1015 726 1086 ὁ
751 1017 789 1087 δέ
813 1023 875 1088 τού
898 1016 1047 1106 μεγάλου

76 1115 186 1210 άγρού
217 1117 472 1206 καθηγούμενος
502 1115 520 1187 ὁ
550 1114 757 1206 δμολογητής
796 1117 972 1208 Θεοφάνης
1001 1123 1049 1211 τῷ

34 1238 61 1279 10
78 1219 245 1308 πνεύματι
261 1217 324 1306 τήν
342 1219 474 1290 ἐκείνου
492 1223 610 1288 δίοδον
629 1218 799 1308 ἐγγυκός,
817 1217 858 1288 ού
876 1218 942 1308 γάρ
962 1219 1049 1308 ἑάρα

76 1323 139 1394 τόν
168 1317 285 1410 άγιον,
314 1317 440 1410 κηρούς
466 1315 599 1412 άνάιγας
625 1321 682 1390 καί
712 1325 850 1411 θυμιῶν
882 1322 1047 1402 ἐδεξιοῦτο

76 1421 197 1496 αύτόυ·
225 1419 380 1502 κάκείνος
404 1411 505 1502 αύθις
530 1423 567 1491 ἐκ
589 1427 648 1509 τής
672 1421 753 1511 νηδς
770 1421 1080 1513 προσκυνήμασινι)

76 1523 231 1614 ἠμείβετο
254 1521 315 1592 τόν
337 1522 595 1614 προπέμποντα,
621 1521 705 1612 μήθ’
731 1521 822 1614 ὁρῶν
839 1521 921 1612 μήτε
938 1525 1049 1610 μέντοι
1073 1567 1077 1570 -

77 1625 258 1717 ὁρώμενος.
299 1622 543 1712 θαυμαζόντων
566 1623 605 1694 δὲ
629 1629 700 1694 ταῖν
723 1624 887 1713 σύμπλειν
910 1629 1045 1716 τῷπα-

34 1743 61 1784 1⁵
77 1727 217 1819 τριάρχη
260 1725 318 1794 καὶ
359 1726 566 1813 πυθομένων
606 1729 674 1794 τίνι
707 1724 768 1806 τάς
803 1722 1048 1816 προσκυνήσεις

79 1827 233 1918 άφοσιοί,
266 1829 392 1908 ἐκεῖνος
423 1831 488 1914 ἐφη
517 1831 565 1918 τῷ
590 1823 779 1915 όμολογητή
804 1822 971 1914 Θεοφάνει
1000 1831 1048 1918 τῷ

78 1935 140 2002 τοῦ
158 1927 323 2016 Μεγάλου
348 1925 457 2017 άγρού
480 1933 670 2018 καθηγητῇ,
697 1927 867 2018 προειπών
885 1921 1048 2017 τήνὸμο-

80 2037 211 2118 λογίαν·
231 2027 327 2099 ούποι
344 2025 412 2118 γάρ
431 2033 520 2118 ἐφθη
537 2028 611 2101 τότε
627 2027 750 2116 ταύτης
769 2027 934 2112 άξιιιθείς.

152 2131 392 2219 Ἐκβληθέντος
410 2127 446 2199 δ’
465 2129 555 2198 οὕτω
572 2135 631 2216 τής
649 2131 825 2216 ἐκκλησίας
841 2135 903 2198 τού
922 2133 1046 2198 οεπτού
1061 2133 1103 2198 20

33 2249 61 2290 ²⁰
81 2232 282 2324 Νικηφόρον
307 2229 325 2301 ὁ
353 2229 569 2318 Μελισσηυδς
594 2227 797 2318 άντεισήγθη
816 2229 996 2315 Θεόδοτος,
1022 2221 1049 2320 ᾧ

79 2335 251 2422 διώνυμον
268 2332 306 2402 τό
326 2331 523 2420 ἐπώνυμον·
557 2333 687 2417 ἐλέγετο
700 2329 776 2425 νγάρ
802 2331 860 2400 καὶ
877 2338 1049 2415 Κασσιτη-

80 2443 152 2527 ρᾶς.
188 2435 271 2506 ὅθεν
289 2433 327 2504 δέ
345 2429 496 2520 γνωστδς
514 2439 561 2526 τῷ
578 2433 699 2504 Λέοντι
722 2433 863 2519 γε’γονεν
882 2427 922 2500 ού
942 2429 1050 2520 χρεύν

1 2616 3 2622 ,
78 2546 274 2610 καταλιπεῖν
297 2532 525 2624 άνιστόρητον.
561 2539 624 2622 τού
648 2533 786 2624 Μιχαὴλ
809 2537 871 2603 τού
889 2529 1050 2620 Ῥαγγαβδ

3 2719 7 2722 ,
77 2639 315 2729 βασιλεύοντος
338 2635 481 2723 γύναιόν
504 2663 535 2707 τι
551 2641 621 2706 τῶν
638 2635 715 2726 περὶ
727 2635 793 2724 τήν
810 2647 1150 2723 γυναικωνῖτινΡΠιει

32 2753 63 2798 ²⁵
77 2743 148 2812 τῶν
166 2745 364 2828 βασιλείαν,
387 2737 530 2824 κάτοχον
552 2744 658 2828 μανία
680 2737 859 2827 γινόμενον
882 2733 966 2805 κατά
990 2727 1083 2815 τάςΑ
1179 2772 1181 2778 2

79 2839 280 2930 σεληνιακάς
304 2837 495 2930 περιόδους,
522 2837 604 2926 ἐβόα
626 2837 711 2927 πρὸς
733 2833 794 2906 τδν
820 2833 1051 2924 αὐτοκράτορα

72 2939 254 3030 “ιιάτελθε,
280 2947 348 3011 τῶν
372 2937 558 3030 άλλοτρίωυ
582 2932 768 3021 ἐξίστασο”.
804 2942 904 3006 τούτο
927 2933 960 3005 δ’
987 2933 1050 3024 ούχ

79 3043 181 3132 ἅπαξ,
200 3042 285 3114 άλλά
303 3039 489 3122 πλειστάκις
509 3043 649 3128 ἐγίνετο,
668 3039 724 3109 καὶ
741 3037 800 3111 τδν
817 3040 954 3127 βασιλέα
972 3035 1047 3104 ἑτά-

1 3169 3 3173 ·
81 3173 188 3238 ραττε.
215 3143 358 3232 συνήθει
371 3143 409 3212 δὲ
426 3141 501 3213 όυτι
517 3147 565 3235 τῷ
582 3141 736 3235 Θεοδότῳ
753 3137 863 3233 τούτῳ
881 3143 1051 3208 κοινούται

32 3263 65 3304 ³0
79 3247 140 3329 τάς
157 3253 219 3317 τού
236 3251 381 3334 γυναίου
399 3243 492 3333 βοάς,
519 3244 574 3314 καὶ
594 3242 631 3325 ὅς
651 3241 668 3268 “
681 3241 762 3312 όταν
785 3238 927 3330 ληφθή”
947 3245 1051 3328 φησίν

77 3344 120 3438 “vj
149 3347 236 3438 γυνή
260 3349 304 3438 νή
326 3352 431 3438 μανίᾳ
454 3346 511 3413 καὶ
535 3351 600 3438 βοᾷ
618 3343 658 3414 τά
678 3342 824 3432 συνήθη,
842 3341 904 3432 χρή
924 3335 1050 3432 ἐρυκά-

83 3461 166 3522 σθαι
195 3449 286 3541 παρά
315 3475 376 3519 του
407 3455 473 3517 τίνι
503 3445 711 3538 προσήκουσι
739 3444 779 3515 τά
812 3450 963 3532 βασίλεια
995 3441 1051 3510 καὶ
