2538 3824
221 183 285 250 448
529 185 601 236 LIB.
613 185 651 235 X.'
667 183 745 236 cAP.
758 185 883 236 XXXVI.

224 323 359 413 ἐτόλμα·
395 321 414 394 6
431 323 529 404 Γάιος
548 323 586 393 66
603 325 659 400 καί
675 321 694 393 6
711 320 856 404 Λούκιος
874 323 945 396 υέοι
963 325 1019 392 καὶ
1036 320 1194 412 πραγμά·
1228 363 1231 368 ·

133 482 136 488 .
222 455 291 497 των
309 425 490 515 ἐτύγχανον
507 421 647 514 άπειροι.
687 420 834 514 άνάγκης
853 422 885 494 6'
908 426 1114 514 ἐπικειμένης
1131 422 1222 496 τὸν
1267 437 1268 440 ’

222 525 327 598 Γάιον
346 532 467 616 είλετο,
494 528 550 598 καί
572 523 634 615 τήν
656 554 692 596 τε
717 529 872 608 ἐξουσίαν
894 522 1062 619 αὐτῷτὴν
1079 523 1194 596 ἀνθά-

139 633 144 640 ’
223 655 329 699 πατον
346 630 401 698 καὶ
419 643 563 716 γυναῖκα
581 633 726 717 ἔδωκεν,
743 631 801 700 ίνα
819 623 883 698 κάκ
899 625 1020 698 τούτου
1037 655 1069 698 τι
1085 649 1194 716 προσ-

223 729 311 822 λάβη
331 727 470 820 άξίωμα,
489 737 548 800 καί
563 735 598 800 οί
612 731 668 800 καὶ
686 726 900 819 συμβούλους
917 731 1106 818 προσέταξε.
1134 731 1217 801 καὶτ
1267 757 1268 764 ³

222 827 321 922 ὁμὲν
337 827 530 922 άφωρμήθη
556 836 696 920 ἐντίμως
721 828 812 921 παρά
831 829 968 902 πάντων
984 825 1194 920 ὑποδεχόμε-

223 961 281 1016 νος
305 928 360 1004 οἷα
384 936 447 1004 τού
468 931 710 1024 αὐτοκράτορος
734 940 870 1022 ἔγγονος
887 928 908 1020 6
926 933 982 1002 καί
999 947 1079 1014 παῖς
1096 959 1194 1022 νομι-

188 1029 375 1125 Βζόμενος,
406 1037 462 1108 καὶ
491 1029 509 1106 6
539 1037 690 1125 Τιβέριος
719 1031 762 1105 δ”
781 1038 815 1116 ἐς
840 1041 924 1106 Χίον
951 1033 1063 1105 ἐλθὺν
1086 1029 1193 1103 αὐτόν

225 1133 443 1226 ἐθεράπευσε,
460 1133 519 1220 τάς
536 1131 683 1220 ὑποψίας
701 1133 972 1228 άποτριβόμενος,
990 1134 1193 1206 ὑποπίπτων
1267 1203 1268 1206 ,

222 1267 259 1308 τε
284 1235 340 1308 διά
363 1241 461 1310 τούτο
484 1239 580 1308 καλ
570 1235 846 1328 ταπεινούμενος·
891 1233 1052 1308 άπελθάν
1079 1235 1117 1306 66
1143 1243 1192 1318 είς
1206 1267 1231 1308 ιο

222 1339 284 1434 τὴν
309 1347 443 1428 Συρίαν
466 1341 523 1410 καὶ
546 1339 654 1428 μηδὲν
675 1341 760 1428 μέγα
785 1337 1018 1430 κατωρθωκὼς
1048 1335 1192 1460 ἐτρρόθη.

215 1439 350 1512 'A66ow
375 1439 440 1532 γάρ
463 1469 511 1522 τις
533 1439 574 1510 τά
595 1439 791 1533 ’Λρτάγειρα
821 1443 970 1530 κατέχων
999 1437 1193 1529 ὑπηγάγετο

222 1541 314 1632 παρὰ
331 1533 368 1612 τό
386 1559 492 1631 τεῖχος
509 1539 568 1612 τόν
585 1539 736 1612 Γάιον”
708 1571 753 1624 ως
769 1571 801 1612 τι
819 1540 960 1632 φράσων
986 1537 1192 1630 άπόρρητον,
1267 1611 1268 1614 ,

222 1647 278 1714 καὶ
296 1639 400 1714 αὑτόν
417 1651 572 1732 ἔτρωσεν.
609 1641 707 1733 όμέν
724 1633 787 1714 οὖν
804 1644 1043 1766 πρλιορκηθελς
1059 1640 1149 1732 ἥλω,
1173 1641 1191 1713 6

224 1745 263 1814 δέ
286 1742 387 1824 Γάιος
412 1742 573 1834 ἐνόσησεν
604 1748 641 1815 ἐκ
670 1748 732 1815 τού
761 1743 965 1836 τραύματος,
996 1746 1051 1814 καὶ
1080 1740 1193 1826 άλλως
1206 1775 1232 1816 ιτ

222 1841 395 1935 μέντοι
353 1873 398 1934 μη
416 1839 465 1916 τόν
481 1841 645 1936 ὑγιεινός,
674 1843 726 1917 διό
751 1845 867 1917 καί
831 1875 894 1935 την
912 1845 1064 1917 διάνοιαν
1083 1848 1232 1929 6666-
1267 1847 1268 1850 '

223 1957 322 2035 λυτο,
353 1951 465 2042 πολλῷ
489 1953 616 2074 μᾶλλον
642 1945 888 2038 ἀπημβλύνθη,
920 1950 977 2018 καί
1005 1945 1193 2018 ἰδιωτεύειν

222 2047 332 2142 ἠξίου
370 2045 455 2120 ὥστε
472 2049 531 2122 τόν
549 2047 751 2138 Αὔγουστον
767 2047 1035 2142 περιαλγήσαντα
1052 2051 1194 2140 προτρέ

222 2163 354 2236 μασθαι
384 2147 480 2247 αύτῷ
508 2154 542 2234 ἐς
571 2151 634 2241 τὴν
660 2147 800 2225 Ἰταλίαν
831 2151 965 2222 ἐλθόντι
990 2147 1147 2242 πράττειν
1173 2145 1195 2220 6

222 2251 386 2342 βούλοιτο.
424 2282 443 2324 ο
431 2249 505 2324 66
529 2257 562 2336 ἐς
585 2261 719 2324 Λυκίαν
746 2257 783 2324 ἐν
804 2247 921 2345 ὁλκάδι
944 2253 1232 2344 παρέπλευστν,οο
1267 2309 1268 2318 ,

120 2363 311 2428 ΡΙσιοένθα
336 2353 378 2444 66
401 2357 457 2426 καλ
481 2353 692 2444 μετήλλαξεν.
737 2352 755 2426 6
780 2355 817 2426 66
838 2352 1019 2437 Λούκιος
1003 2383 1022 2424 ο
1044 2351 1193 2442 ἀδελφὸς
1262 2395 1267 2428 z

223 2456 328 2528 αὐτον
315 2457 559 2547 ’προαπέσβη,
585 2456 743 2547 ἐξαίφνης
766 2455 855 2551 νόσῳ
873 2453 1066 2526 άποθαυάν.
1113 2483 1139 2544 η
1155 2482 1194 2525 τε

222 2549 286 2628 οὖν
302 2564 407 2646 Λιβία
425 2558 479 2628 ἐπὶ
497 2561 543 2650 τῷ
560 2555 700 2652 θανάτῳ
717 2555 846 2629 τούτων
869 2555 1080 2646 ὑπωπτεύθη
1098 2555 1190 2626 ua6‘
1174 2585 1193 2628 ο

215 2655 447 2786 Τιβέριος,’
408 2687 449 2730 ον
466 2630 581 2753 πολλῷ
596 2657 760 2750 πρότερον
778 2662 871 2762 ἐκ
832 2686 890 2748 της
903 2653 1019 2730 P66ov
1032 2655 1115 2749 πρός
1128 2656 1194 2778 την
1267 2681 1268 2686 ’

215 2757 344 2850 Ρύμην
366 2755 609 2851 ὑπονοστησας.
657 2757 757 2844 αὐτός
786 2757 822 2831 τε
847 2758 916 2883 γάρ
945 2764 1003 2850 τῆς
1034 2758 1091 2830 διὰ
1120 2787 1231 2830 τωυοτ

221 2860 354 2954 άστρων
384 2869 545 2952 μαντικῆς
577 2852 859 2953 ἐμπειρότατος
837 2889 881 2952 ην
907 2863 963 2932 καὶ
990 2859 1193 2952 Θράσυλλον

223 2964 312 3055 εἶχεν
336 2961 445 3057 ἄνδρα
465 2961 531 3054 Ιτὴν
553 2961 814 3054 άστρολογίαν’
796 2961 995 3054 ακρότατον
1029 2961 1114 3034 ὅθεν
1132 2963 1192 3033 καί

220 3064 261 3136 τά
285 3069 393 3160 ἐαυτῷ
415 3069 472 3137 καὶ
494 3065 535 3136 τά
558 3070 696 3147 ἐκείνως
713 3069 876 3155 μέλλοντα
893 3071 1095 3156 συμβαίνειν
1111 3061 1192 3152 ἠπί-

222 3188 331 3239 στατο.
373 3169 503 3257 λέγεται
525 3173 610 3257 γοῦν
632 3165 683 3238 ὅτι
700 3173 882 3258 βουληθείς
899 3169 1014 3238 ποτεὸ
1038 3167 1192 3255 Τιβέριος
1267 3161 1268 3166 ¹

222 3269 260 3334 ἐν
282 3270 324 3356 τῇ
340 3265 443 3362 ‘P666
467 3265 526 3338 τόν
545 3266 778 3360 Θράσυλλον’
760 3268 825 3340 απὸ
842 3297 902 3339 του
891 3271 1048 3358 τείχους
1070 3265 1231 3393 6oetv,³o

222 3359 267 3443 τός’
284 3363 388 3452 μόνον
402 3366 612 3438 σνντιθότα”
593 3391 720 3460 οσαπερ
735 3367 872 3457 ἐνενόει,
890 3366 1191 3461 σκνθρωπάσαντά

221 3489 257 3530 τε
282 3462 366 3536 ίδιὺν
390 3463 510 3556 αὑτόν,
533 3463 632 3570 ἤρετο
658 3469 747 3540 θι’“
729 3499 791 3560 ο,τι
815 3472 1019 3560 συννένοφε
1062 3477 1123 3548 τοῦ
1148 3469 1191 3540 66
