2558 3820
189 173 254 239 326
508 177 579 228 Lm.
592 176 641 229 ιτ.
661 175 740 230 off.
753 175 851 228 xm.

192 339 312 398 σαντες
335 318 404 386 τῶν
422 342 459 385 τε
483 317 658 405 σφετέρων
679 313 852 405 ἀρχόντων
877 317 988 397 ἐνίους
1009 311 1162 386 ἀπέκτει-

192 448 276 505 ναν,
307 414 358 488 ὅτι
379 416 427 506 μὴ
450 413 524 488 κατ’
548 415 653 508 ἀρχὰς
677 416 736 487 τόν
759 414 907 506 πόλεμον
928 423 1076 506 εἵλοντο,
1106 419 1160 488 καὶ

190 518 269 601 τοὺς
283 518 375 601 ἐντὸς
387 521 449 590 τού
460 523 592 608 τείχους
606 517 806 608 εὑρεθέντας
819 517 999 607 Ῥωμαίους
1013 521 1161 607 διέφθει-

191 649 274 710 ραν,
299 618 456 710 καὶπρὸς
478 617 538 690 τόν
560 617 711 709 πόλεμον
734 618 904 710 ὥρμησαν.
948 619 1000 690 διὸ
1023 617 1100 702 τούς
1124 648 1161 691 τε

193 721 337 805 δούλους
358 719 509 804 ἅπαντας
538 720 780 813 ἠλευθέρωσαν
809 724 866 792 καλ
895 719 974 802 τούς
1005 720 1186 810 φυγόδιιςε

150 845 183 898 ,1)
192 822 398 914 κατήγαγον,
434 827 492 894 καλ
520 824 580 894 τὸν
602 820 814 914 Ἀσδρούβαν
845 820 1032 912 στρατηγόν
1061 813 1161 905 αὖθις

191 931 338 1016 εἵλοντο,
362 928 419 996 καὶ
442 924 529 996 ὅπλα
552 927 609 996 καὶ
631 925 781 1015 μηχανὰς
803 923 949 1016 τριήρεις
971 949 1008 994 τε
1024 922 1162 1014 ἡτοιμά-

190 1051 303 1100 σαντο.
341 1023 386 1110 ὥς
410 1023 475 1118 γύρ
497 1034 558 1098 τοῦ
580 1031 728 1117 πολέμου
751 1028 980 1116 ἐπικειμένου,
1005 1027 1062 1096 καλ
1084 1029 1161 1117 περὶ
1277 1113 1278 1116 ¹

189 1128 467 1222 ἀνδραποδισμοῦ
483 1126 758 1218 κινδυνεύοντες,
785 1127 829 1199 δι’
851 1132 1027 1218 ἐλαχίστου
1051 1125 1159 1199 τόνδ’

183 1228 281 1304 νόσων
299 1239 436 1324 ἔχρῃζον
453 1229 702 1316 κατεσκεύαζον.
739 1233 914 1320 ἐφείδοντο
930 1227 995 1320 γὰρ
1008 1225 1159 1318 οὐδενός,
1173 1263 1200 1304 ιο

191 1331 349 1404 ἀλλὰκαὶ
366 1333 444 1416 τούς
461 1329 666 1424 ἀνδριάντας
688 1329 772 1423 πρός
789 1331 851 1421 τὴν
868 1337 985 1422 χρείαν
1006 1337 1067 1402 τοῦ
1083 1341 1161 1421 χαλ·

192 1441 254 1506 κοῦ
272 1431 531 1526 συνεχύνευσαν
548 1437 604 1504 καὶ
632 1437 666 1516 ἐς
689 1433 749 1518 τὰς
772 1441 928 1523 σχοίνους
949 1439 1018 1504 τῶν
1039 1461 1161 1522 γυναι-

190 1541 262 1608 univ
285 1552 356 1618 ταῖς
382 1534 499 1626 κόμαις
529 1533 721 1626 ἐχρήσαντο.
769 1540 805 1606 οἱ
826 1531 860 1606 δ’
885 1533 1006 1606 ὕπατοι
1033 1533 1070 1604 τὸ
1100 1535 1163 1624 μὲν

191 1645 326 1730 πρῶτον
351 1633 473 1720 αύτούς
496 1637 542 1719 ὡς
565 1635 712 1720 ἀόπλους
735 1640 859 1727 ταχέως
884 1633 1037 1726 αἱρήσειν
1069 1639 1162 1708 ἐλπί-

190 1760 311 1821 σαντες
336 1737 441 1828 μόνας
464 1734 686 1829 ἡτοιμάσαντο
708 1745 889 1830 κλίμακας,
914 1737 958 1820 ὡς
976 1735 1019 1807 δι’
1048 1735 1204 1811 αύτῶνισ

190 1847 252 1911 τοῦ
268 1846 397 1930 τείχους
415 1835 521 1923 εύθύς
540 1836 791 1931 διαβησόμενοι,
816 1848 929 1912 ἔπειτα
954 1839 991 1909 δὲ
1014 1846 1164 1928 προσβα-

191 1939 306 2025 λόντες
330 1945 387 2014 καὶ
411 1937 640 2032 ὡπλισμένους
663 1947 751 2032 σφᾶς
775 1944 832 2014 καὶ
860 1939 902 2012 τὰ
924 1939 1007 2031 πρὸς
1028 1949 1163 2031 πυλωρ-

191 2049 270 2115 ιιίαν
288 2051 422 2135 λχοντας
440 2043 570 2126 ίδόντες
592 2043 675 2131 πρὸς
698 2071 863 2134 μηχανων
882 2045 1042 2134 ἐργασίαν
1067 2039 1165 2130 ἐτρύ-

89 2153 313 2236 ΡΙλσλποντο,
338 2149 395 2218 καλ
419 2143 521 2228 αύιας
545 2143 767 2228 ἐπικινδύνως
789 2141 1161 2231 κατασκευάσαντες,ο

191 2245 255 2338 γὰρ
281 2245 488 2339 Ἀσδρούβας
521 2242 781 2338 ύλαγωγοῦντας
812 2243 1001 2335 ἐνεδρεύων
1033 2242 1210 2333 ἐλύπει,εο

191 2353 468 2441 προσέμισγον
428 2377 469 2438 τη
482 2347 588 2419 πόλει.
621 2351 675 2420 καὶ
690 2356 858 2430 Μανίλιος
871 2349 935 2438 μὲν
948 2350 1037 2418 ἐκ
997 2375 1056 2435 της
1068 2343 1166 2435 ἠπεί-

191 2479 254 2542 ρον
272 2450 358 2541 αύτη
346 2447 573 2541 προσβαλων
586 2449 666 2522 ούδέ
667 2481 688 2523 ν
703 2448 826 2532 αὐτούς
844 2457 989 2539 ἔβλαψε,
1013 2445 1166 2538 Μάρκιος

193 2550 225 2622 δ’
247 2553 283 2623 ἐκ
300 2549 473 2642 θαλασσης
491 2580 574 2624 κατα
591 2550 628 2623 τό
652 2555 818 2642 λιμνῶδες
841 2571 1042 2641 προσπεσων
1065 2551 1167 2620 κατέ-

192 2675 283 2724 σεισε
305 2655 368 2744 μέν
391 2682 423 2724 τι
447 2657 508 2726 τού
530 2661 678 2744 τείχους,
708 2683 750 2724 ου
738 2651 887 2744 ’μέντοι
909 2654 965 2722 καὶ
991 2653 1165 2740 είσῆλδεν.

89 2758 255 2830 wullaol
276 2783 341 2848 γαρ
359 2753 586 2848 Καρχηδόνιοι
603 2753 682 2838 τούς
699 2784 735 2826 τε
753 2759 968 2846 βιαζομένους
992 2759 1167 2826 είσελδεδν
1182 2782 1212 2824 ει

193 2857 431 2950 ἐξεκρούσαντο
448 2860 504 2928 καί
529 2855 661 2948 νύκτωρ
680 2855 737 2927 διὰ
754 2861 822 2928 τῶν
846 2860 1005 2947 ἐρειπίων
1033 2857 1168 2938 ἐπεξελ-

191 2958 313 3044 θόντες
330 2956 533 3050 ἀνθρώπους
550 2988 586 3030 τε
604 2957 748 3049 συχνούς
766 2966 918 3030 ἔκτειναν
941 2959 999 3027 καὶ
1016 2953 1169 3046 μηχανή·

192 3089 279 3150 ματα
296 3071 436 3134 πλείστα
458 3063 681 3153 κατέπρησαν.
716 3056 791 3131 ἀλλ’
811 3057 893 3131 οὐδὲ
918 3061 972 3129 έτλ
996 3055 1084 3130 πολύ
1105 3060 1170 3146 τῆς

193 3159 303 3251 χύρας
320 3159 410 3250 παρὰ
429 3167 487 3234 τού
506 3159 717 3254 Ἀσδρούβου
735 3163 792 3232 καί
809 3165 878 3232 τῶν
897 3161 1027 3232 λππέων
1044 3165 1171 3230 είοῐντο

161 3260 463 3352 Βσκεδύνυυσθαι,
490 3259 568 3334 ούτε
591 3263 658 3354 μὴν
675 3259 693 3334 ὁ
711 3271 929 3346 Μασινίσσας
951 3259 1066 3344 αὐτοῖς
1085 3263 1170 3332 έπε-
1185 3290 1216 3330 το

263 3491 279 3539 9
298 3489 376 3542 Oonf.
395 3493 493 3546 Dionis
512 3494 610 3560 fragm.
629 3499 669 3560 71,
690 3499 714 3550 1.
