2558 3820
190 169 251 234 346
530 171 601 224 LIB.
614 169 647 223 X.
668 168 745 220 OAP.
758 169 809 220 111.

152 322 173 386 3
256 309 345 398 Ἤδη
370 311 410 380 δέ.
424 316 483 398 τῆς
506 304 608 398 άρχης
631 316 856 398 περανθείσης
880 304 1025 379 άπέθετο
1049 306 1155 398 αὐτὴν

160 409 208 482 ῦὸ
227 409 410 500 Πομπήιος.
446 411 502 480 καλ
520 408 601 498 μετά
616 413 721 480 ταῦτα
738 409 956 498 ὁπειρατικὸς
970 405 1062 504 αὐτῷ
1077 407 1155 482 άνε·

189 515 272 600 τέθη
290 511 441 602 πόλεμος.
474 509 606 601 ῶρμητο
623 511 685 600 μέν
702 509 765 602 γάρ
783 507 811 599 ἡ
820 511 995 602 πειρατικὴ
1013 509 1156 603 δύναμις

192 619 227 682 ἐκ
245 620 414 702 Κιλικίας,
441 616 478 683 έν
494 620 540 706 τῷ
558 617 797 706 Μιθριδατικῷ
814 616 947 707 πολέμῳ
965 628 1038 694 ταῖς
1062 620 1154 700 βασι·

191 725 298 796 λικαῑς
319 709 517 804 ὑπηρεσίαις
540 711 690 804 χρήσασα
715 711 854 802 ἑαυτήν·
887 713 958 785 είτα
984 709 1183 804 Ῥωμαίωνε

193 821 229 887 έν
251 832 321 898 τοῖς
348 819 521 907 ἐμφυλίοις
548 819 702 904 πολέμοις
726 814 968 904 συμπεσόντων
990 811 1157 906 άλλήλσις,

190 915 380 1006 ἀφύλακτος
393 907 479 988 οάσα
493 915 514 1006 ἡ
526 915 682 989 θάλασσα
692 915 763 987 κατ’
780 913 897 1006 ὀλίγον
907 913 1030 999 κάτούς
1044 923 1158 1006 ἐφειλ-

190 1017 330 1090 κάσατο·
356 1021 411 1088 καί
431 1017 578 1108 δύναμιν
595 1015 730 1108 σχόντες
747 1015 786 1088 οὐ
804 1035 873 1100 τοίς
897 1021 1058 1091 πλέουσιν
1083 1023 1156 1090 ἐπε·
1277 1047 1278 1052 ’

190 1129 324 1192 τίθεντο
337 1119 453 1210 μόνον,
471 1116 555 1190 άλλά
569 1121 625 1190 καί
643 1118 766 1210 νήσους
779 1121 835 1190 καί
848 1119 961 1202 πόλεις
974 1128 1158 1209 παραλίους

191 1227 417 1310 παρεσπῶντο.
454 1225 606 1312 ἐγένοντο
625 1216 659 1290 δ’
678 1213 741 1293 οὖν
755 1227 793 1292 αί
807 1222 870 1311 μὲν
887 1225 1059 1313 ληστρικαί
1077 1225 1157 1310 νῆες
1173 1253 1196 1292 ιο

189 1319 276 1415 ὑπὲρ
300 1330 424 1412 χιλίας,
449 1329 487 1393 αί
509 1324 546 1393 δέ
569 1318 709 1395 άλοὺσαι
726 1317 785 1393 ὑπ’
808 1321 921 1394 αὐτῶν
938 1321 1050 1405 πόλεις
1068 1322 1158 1408 ὑπὲρ
1276 1327 1277 1331 ’

190 1432 413 1516 τετρακοσίας.
461 1423 568 1494 πολλά
596 1425 633 1494 δέ
658 1427 714 1496 καί
742 1427 810 1496 τῶν
839 1423 973 1512 άβάτωυ
998 1426 1160 1509 ἐξέκοψαν

192 1533 307 1617 ίερῶν,
333 1527 506 1616 ἐνύβριζον
531 1526 568 1596 δέ
591 1528 648 1596 καὶ
670 1542 738 1607 τοῖς
758 1522 934 1617 Ῥωμαίοις.
969 1523 1069 1597 ὁπότε
1094 1525 1159 1615 γάρ

190 1657 239 1710 τις
252 1625 352 1708 άλούς
365 1623 528 1716 ἀνεβόησε
537 1621 693 1716 Ῥοτμαῑος
704 1627 800 1718 εἶναι,
817 1631 1043 1717 ἐκπεπλῆχθαι
1053 1653 1160 1719 προσ-

158 1725 387 1817 Βποιοάμενοι
414 1730 470 1798 καί
496 1732 660 1819 δεδιέναι,
690 1729 767 1811 τοάς
791 1757 827 1801 τε
851 1727 978 1819 μηρούς
1003 1733 1159 1801 ἐπαίοντο
1174 1759 1197 1799 ιε

191 1832 248 1898 καί
269 1829 495 1919 προσέπιπτον
520 1827 627 1925 αὐτῷ·
653 1833 709 1902 καὶ
734 1836 768 1901 αι’
788 1831 851 1920 μέν
876 1829 1029 1901 ὑπέδουν
1054 1827 1160 1902 αὐτόν

191 1929 325 2020 κάλτια,
343 1933 377 2001 οί
395 1932 431 2002 δὲ
448 1930 611 2020 τήβεννον
629 1935 865 2022 περιέβαλλον,
889 1930 976 2004 οὕτω
994 1959 1031 2002 τε
1049 1958 1160 2006 κατει-

193 2029 441 2122 ρωνευσάμενοι
459 2036 552 2114 τέλος
578 2037 727 2128 ἐνμέσῳ
751 2033 887 2123 πελάγει
912 2040 1057 2123 κλίμακα
1075 2061 1159 2125 προ-

192 2134 351 2222 βαλόντες
374 2138 529 2206 έκέλευον
553 2139 722 2224 ἐκβαίνειν
745 2139 801 2206 καί
825 2133 959 2205 ἀπιέναι
985 2142 1157 2224 χαίροντα·

192 2243 223 2306 εί
241 2237 278 2306 δέ
295 2234 340 2325 μὴ
358 2234 528 2325 βούλοιτο,
548 2235 716 2317 ῶθοῶντες
734 2235 839 2307 αὐτόν
856 2238 1028 2308 κατέδυον.
1173 2264 1199 2304 ιο

268 2336 385 2426 Πάσης
396 2338 433 2406 δέ
445 2337 619 2428 θαλάσσης
632 2335 864 2420 άπλῶτουτοῑς
879 2335 1033 2428 ἐμπόροις
1043 2334 1158 2427 οὔσης,

192 2436 314 2519 σπάνις
338 2429 381 2526 ἦν
404 2443 473 2508 τῶν
497 2437 690 2528 άναγκαίυν
714 2442 751 2510 έν
773 2443 815 2530 τῇ
840 2435 956 2531 άγορᾷ.
997 2439 1097 2522 δόξαν
1121 2441 1159 2510 δέ

191 2537 249 2608 τόν
258 2535 437 2628 Πομπήιον
451 2543 615 2628 ἐκπέμψαι
629 2540 711 2612 κατά
725 2546 793 2611 τῶν
806 2545 983 2630 πειρατῶν,
998 2545 1159 2629 Γαβίνιος

193 2635 240 2721 εἷς
257 2644 325 2710 τῶν
338 2649 518 2730 Πομπηίου
536 2642 698 2732 συνήθων
716 2649 841 2733 ἔγραψε
854 2642 958 2731 νόμον
975 2637 1017 2712 οὐ
1031 2667 1161 2732 ναυαρ-

192 2747 286 2830 χίαν,
306 2737 471 2835 ’άντικρυς
490 2743 525 2813 δέ
545 2751 729 2834 μοναρχίαν
747 2741 838 2837 αὐτῷ
857 2741 1006 2814 διδόντα.
1042 2746 1159 2814 έδίδου
1173 2770 1200 2810 τε

190 2841 254 2933 γάρ
278 2841 295 2913 ὁ
314 2845 414 2933 νόμας
432 2840 523 2936 αὐτῷ
540 2844 647 2935 ἀρχὴν
664 2848 728 2933 τῆς·
747 2843 838 2927 ἐντός
856 2843 1062 2932 Ἡρακλείων
1079 2867 1161 2932 στη-

192 2950 261 3014 λῶν
278 2943 468 3034 θαλάσσης,
486 2943 629 3037 ἠπείρου
649 2947 686 3016 δέ
703 2946 811 3035 πάσης
827 2944 893 3018 άπὸ
912 2944 1085 3034 θαλάσσης
1104 2949 1161 3016 ἐπὶ

4 3052 7 3056 ’
93 3045 389 3135 ΡΙ476τετρακόσια
406 3045 542 3136 στάδια,
566 3049 622 3118 καί
640 3054 881 3118 πεντεκαίδεκα
898 3045 1105 3136 πρεσβευτάς
1124 3049 1162 3116 έκ

192 3150 250 3230 τῆς
273 3153 399 3235 βουλῆς
424 3151 559 3220 ἑλέσθαι
578 3151 631 3220 ἐπὶ
655 3146 714 3230 τάς
737 3147 820 3220 κατά
845 3151 943 3238 μέρος
968 3147 1162 3238 ἡγεμονίας,

193 3243 341 3335 χρήματα
356 3247 392 3317 δέ
406 3247 591 3337 λαμβάνειν
606 3253 641 3320 έκ
654 3254 721 3321 τῶν
731 3257 889 3340 ταμιείων
903 3252 958 3320 καὶ
972 3253 1040 3320 τῶν
1054 3252 1163 3320 τελῶν
1175 3277 1203 3318 ιο

192 3391 394 3404 ...ᾖ-..-

262 3471 329 3538 Οαχκ
343 3479 367 3526 3.
392 3477 534 3528 Plutarchi
548 3481 692 3546 Pompeius
713 3497 738 3532 c.
751 3483 862 3534 23-28.
920 3491 922 3494 '
1001 3485 1004 3492 '
