2538 3824
182 138 246 204 452
479 142 552 192 ωε.
566 139 599 192 X.
619 139 697 195 ειν.
711 139 853 191 xxxvn.

184 282 351 370 στρατιάς,
370 281 426 350 καὶ
445 277 582 363 ἐξάπινα
600 281 686 368 σφάς
705 275 761 349 διά
778 285 845 349 τάν
859 278 1153 369 λοχμωᾶεστάτων,

184 389 334 470 ἔμπειροι
351 379 481 454 τούτων
497 379 602 464 ὄντες,
621 386 895 472 περιεστοίχισαν.
939 383 995 452 καί
1013 391 1154 452 πλεῖστα

183 483 246 574 μέν
263 483 320 552 καὶ
337 481 529 565 πλειστάκις
548 482 733 571 ἐκάκωσαν,
750 485 844 565 τέλος
862 481 900 553 δὲ
917 489 985 554 τόν
1003 483 1065 572 μέν
1078 478 1153 554 Ῥω·
1215 511 1220 536 ··

149 589 294 674 Βμαίων
311 579 552 675 ἀποβαλόντων
569 581 731 672 πολλούς,
756 599 825 667 τοῖς
844 583 882 654 δέ
899 582 1082 678 βαρβάροις
1099 579 1153 657 ἀεὶ

184 689 459 777 προστιθεμένων
482 685 653 776 ὁμογενῶν
677 689 816 777 ἑτέρων,
841 687 925 778 ῥᾷον
948 691 984 756 οί
999 684 1180 777 Ῥωμαίοισ

185 782 407 876 κυκλούμενοι
426 787 644 877 ἐφονεύοντο,
669 784 753 858 ὥστε
776 790 833 857 καὶ
856 787 916 857 τόν
935 787 1073 880 Οὔαρον
1097 790 1154 859 καὶ

183 888 262 970 τούς
284 888 421 972 λοιπούς
444 887 524 972 τούς
549 886 793 979 λογιμωτάτους
810 892 1000 978 τρωθῆναι·
1036 897 1070 960 οἳ
1092 919 1154 979 φο-

185 990 349 1080 βηθέντες
379 990 425 1081 μὴ
455 997 676 1081 ζωγρηθάσιν
706 987 801 1061 αύτολ
833 989 972 1074 ἑαυτούς
1007 986 1152 1062 ἀνεῖλον.

183 1095 281 1164 τοῦτο
300 1097 338 1163 δὲ
354 1091 491 1182 γνόντες
509 1095 565 1164 καὶ
582 1097 617 1164 οί
632 1098 759 1180 λοιποί,
783 1095 820 1162 ολ
842 1092 905 1182 μὲν
926 1090 985 1164 τόν
1008 1089 1154 1183 ἀρχοντα

184 1192 403 1284 ἐμιμήσαντο,
435 1200 472 1266 οί
491 1193 530 1265 δέ
552 1191 593 1265 τά
616 1188 703 1264 ὅπλα
725 1194 877 1276 τιθέντες
901 1197 1082 1282 ἐπέτρεπον
1106 1197 1155 1289 τῷ
1170 1226 1196 1265 ιο

184 1297 378 1391 βουλομένω
401 1293 562 1386 φονεύειν
584 1293 717 1377 αύτούς,
755 1293 930 1386 ἐκόπτοντο
954 1287 1016 1366 οὖν
1033 1291 1155 1386 ἀδεῶς,

184 1399 241 1468 καὶ
263 1397 304 1470 τά
331 1395 478 1488 ἐρύματα
501 1394 611 1469 πάντα
633 1400 795 1486 κατέσχον
817 1402 852 1467 οί
867 1394 1048 1488 βάρβαροι,
1074 1394 1155 1487 ἀτερ

184 1497 270 1588 ἑνός,
288 1501 365 1590 περὶ
382 1494 401 1568 ὃ
418 1497 662 1588 ἀσχοληθέντες
679 1493 756 1569 ούτε
773 1496 833 1569 τόν
854 1497 970 1588 Ῥῆνον
993 1500 1156 1589 διέβησαν

184 1597 256 1670 οὔτ’
284 1603 317 1682 ἐς
340 1598 403 1688 τήν
424 1607 594 1672 Γαλατίαν
618 1599 802 1688 εἰσέβαλον.
839 1597 913 1670 ἀλλ’
938 1596 1016 1673 οὐδ’
1044 1604 1155 1672 ἐκεῖνο

151 1719 172 1769 O
184 1699 414 1791 χειρώσασθαι
450 1699 691 1790 ἠδυνήθησαν,
737 1704 809 1772 ἐπεὶ
842 1697 925 1791 μήτε
959 1711 1154 1793 πολιορκεῖν
1168 1731 1195 1771 15

184 1801 367 1892 ἠπίσταντο
384 1804 440 1873 καὶ
458 1800 605 1886 τοξόταις
621 1807 657 1874 ολ
671 1798 823 1892 Ῥωμαῖοι
841 1821 977 1894 συχνοῖς
996 1805 1154 1894 ἐχρῶντο,

185 1906 218 1987 ἐξ
250 1893 299 1975 όν
328 1905 386 1975 καλ
413 1901 638 1977 ἀνεκόπτοντο
668 1906 724 1975 καὶ
759 1914 909 1976 πλεῖστοι
943 1903 1154 1976 ἀπόλλυντο.

183 2001 266 2095 μετά
291 2005 329 2077 δέ
350 2011 450 2078 τοῦτο
473 2006 661 2097 πυθόμενοι
684 2003 841 2096 φυλακήν
863 2009 923 2076 τοῦ
941 2004 1058 2096 Ῥήνου
1075 2005 1155 2089 τούς

180 2102 359 2198 Ῥωμαίους
380 2106 588 2198 ποιήσασθαι
613 2109 669 2178 καί
693 2104 752 2178 τόν
782 2111 938 2198 Τιβέριον
966 2105 1033 2180 σύν
1056 2115 1158 2198 βαρεῖ

183 2207 429 2300 προσελαύνειν
446 2209 677 2301 στρατεύματι,
695 2214 731 2280 οί
745 2209 807 2299 μέν
824 2211 941 2280 πολλοὶ
964 2207 1152 2297 ἀπανέστη·
1167 2238 1196 2278 ιο

184 2333 249 2382 σαν
264 2315 325 2381 τοῦ
344 2309 523 2401 ἐρύματος,
546 2315 581 2381 οί
604 2309 636 2380 δ’
662 2309 926 2400 ὑπολειφθέντες
949 2307 1154 2392 ἀποστάντες

184 2407 308 2499 αὐτοῦ,
335 2408 420 2482 ὥστε
445 2409 489 2502 μή
513 2417 697 2500 αίφνιόίοις
722 2409 950 2496 ἐπεξελεύσεσι
974 2419 1043 2483 τῶν
1061 2409 1155 2494 ἐντός

184 2516 391 2601 κακοῦσθαι,
410 2511 468 2594 τάς
485 2507 587 2595 ὁδούς
606 2511 764 2603 ἐτήρουν,
783 2511 904 2585 σπάνει
922 2520 1039 2584 σιτίων
1055 2510 1157 2603 αίρή-
1202 2543 1205 2548 ’

184 2633 257 2684 σειν
274 2611 449 2702 ἠλπικότες
473 2609 605 2697 αύτούς.
641 2619 676 2686 οί
699 2611 731 2685 δ’
757 2612 850 2696 ἐντός
873 2613 967 2698 ὄντες
985 2613 1154 2705 Ῥωμαῖοι,

148 2735 151 2740 ·
185 2717 247 2796 ἕως
264 2715 328 2804 μὲν
345 2711 514 2806 εόπόρονν
530 2720 668 2807 τροφῆς,
686 2715 768 2788 κατά
786 2715 899 2806 χάραν
917 2723 1048 2806 έμενον,
1070 2713 1156 2806 βοή·
1168 2743 1198 2784 25

149 2827 286 2889 Βθειαν
303 2817 579 2909 προσδεχόμενοι·
620 2813 665 2900 ἀς
684 2816 717 2888 δ’
736 2814 814 2889 οὔτε
830 2848 880 2901 τις
898 2816 1071 2907 ἐπεκούρει
1089 2813 1157 2888 αύ-

184 2933 256 3002 τοῖς
273 2921 329 2990 καί
347 2925 432 3013 λιμῷ
447 2928 653 3010 συνείχοντο,
673 2923 817 3008 ἐξῆλθον
828 2917 935 2992 νύκτα
948 2918 1156 3010 τηρήσαντες

185 3021 363 3111 χειμέριον,
380 3011 468 3110 ἦσαν
486 3022 524 3092 δέ
541 3023 739 3112 στρατιῶται
755 3022 817 3111 μὲν
834 3017 958 3111 ὀλίγοι,
976 3018 1097 3092 ἀοπλοι
1115 3021 1157 3092 δὲ

185 3129 314 3210 πολλοί,
332 3124 387 3192 καὶ
406 3121 443 3194 τό
462 3123 525 3212 μέν
541 3126 675 3212 πρῶτον
691 3125 748 3193 καὶ
760 3122 797 3194 τό
812 3121 972 3214 δεύτερον
984 3120 1157 3212 φυλακτή-

201 3283 389 3296 D———m-

186 3447 230 3498 ὣς
249 3377 402 3502 ἒολῶκαοὲλετά
415 3366 543 3451 ἐρύματα
563 3412 593 3423 -
610 3390 643 3440 28
661 3379 765 3440 ἀοπλοι
778 3383 812 3441 δὲ
825 3388 930 3442 πολλοί
944 3390 1074 3441 omittunt
1085 3387 1158 3440 Dio·
