2546 3822
330 182 401 234 LIB.
421 183 479 234 XV.
503 181 582 233 CAP.
602 183 705 234 XXIII.
717 183 817 234 XXIV.
989 183 1052 248 397

87 351 160 412 ριον
182 323 296 406 δεθεὶς
322 321 498 413 προσήχθη
522 329 569 415 τῷ
592 331 741 413 βασιλεῖ,
772 326 829 393 καὶ
852 322 974 414 ὁμοίως
1004 331 1052 418 τῷ

86 427 309 518 πεπλασμένῳ
327 426 429 515 πατρὶ
452 427 631 508 κολασθεὶς
657 434 774 514 βιαίως
791 427 847 494 καλ
865 423 966 508 αύτὸς
985 425 1051 496 άπ-

49 578 52 582 -
88 528 203 616 ἔρρηξε
219 525 282 614 τήν
299 523 423 615 ψυχήν.
459 523 560 616 ἡμὲν
577 519 643 598 ούν
660 534 721 598 τού
740 533 843 617 Θωμά
862 527 1049 597 ἐπανάστα-

86 648 135 708 σις
152 633 273 696 τοῦτον
296 627 358 696 τόν
382 627 507 714 τρόπον
524 629 745 716 κατηύναστο.
781 635 819 699 αἱ
833 629 873 698 δὲ
891 631 1053 720 Θρᾳκικαὶ

57 729 197 808 ὁπόλεις
227 733 266 797 αλ
293 727 437 818 πάραλοι
466 725 625 800 κάκείυου
656 729 885 821 παρελθόντος
917 737 963 799 ἔτι
993 737 1052 819 τής

85 830 231 910 στάσεως
255 841 402 918 είχοντο,
429 832 485 900 καὶ
502 837 634 919 μάλλον
649 837 719 901 τῶν
736 831 849 904 ἄλλων
866 829 903 900 τό
922 832 1053 902 ’Πάνιον

84 929 179 1019 καλή
198 938 394 1021 Πείριυθος,
411 931 502 1001 οὕτω
519 931 585 1022 χάρ
603 932 706 1002 πάλαι
725 930 900 1028 ὠνόμαστο
917 931 938 1019 ή
953 932 1052 1024 Ἡρά-

86 1043 189 1118 κλεια,
206 1023 296 1120 μίσει
312 1037 359 1124 τῷ
377 1029 461 1123 πρός
478 1030 540 1102 τόν
558 1029 799 1124 αὐτοκράτορα.
830 1028 915 1102 άλλόι
933 1033 971 1103 τό
989 1035 1086 1122 μὲνΒ

86 1134 216 1205 Πάνιον
234 1139 357 1224 σεισμῷ
375 1139 437 1203 τού
458 1143 589 1221 τείχους
607 1133 715 1204 αύτού
733 1135 895 1216 πεσόντος
915 1135 1012 1222 ἑάλω,
1031 1134 1052 1224 ή

45 1256 74 1294 10
87 1233 122 1304 θ’
137 1231 314 1324 Ἡράκλεια
332 1232 388 1304 διὰ
401 1240 461 1322 τῆς
473 1235 647 1324 θαλάσσης
661 1238 802 1323 γέγονεν
819 1234 940 1324 άλωτή.
967 1243 1052 1307 ταύ-

85 1363 126 1406 τα
147 1343 265 1407 τοίνυν
289 1336 507 1423 κατορθώσας
531 1335 706 1424 όΜιχαήλ
730 1337 877 1406 ἐπάνεισι
893 1361 1052 1436 τροπαιο-

87 1442 220 1526 φορύν,
251 1438 308 1506 καὶ
340 1443 492 1506 ίπιτικοῠ’
508 1440 711 1526 τελουμένου
736 1436 868 1525 άγιῖνος
894 1437 975 1518 τούς
1005 1444 1053 1530 τῷ

87 1545 190 1629 Θωμᾷ
207 1534 270 1626 τήν
286 1544 473 1626 τυραννίδα
498 1539 756 1628 συμπράξαντας
782 1538 872 1620 όνοις
895 1540 1052 1629 ,ἐφεζομέ-

85 1665 166 1720 νους
191 1637 383 1726 είσαχαχτόν
409 1645 456 1718 είς
480 1637 517 1708 τό
551 1641 697 1728 θέατρον
721 1635 909 1729 ύιιερορίαυ
938 1637 1070 1735 αύτιόν1

43 1757 72 1798 15
86 1744 300 1828 κατεδίκασε,
325 1740 370 1830 μή
388 1767 419 1810 τι
437 1741 540 1809 πλέον
558 1740 703 1821 κολάσας
720 1739 858 1827 αύτούς,
877 1747 909 1809 εί
924 1739 969 1828 μή
988 1741 1052 1810 δύο

85 1841 178 1922 τινάς
202 1840 264 1910 τόν
282 1841 426 1930 Χοιρέαν
444 1840 577 1910 παλτόν
596 1841 805 1931 Ζαχορηυόν,
828 1840 873 1930 μή
891 1842 1052 1934 πειθομέ-

85 1971 165 2023 νονς
190 1942 276 2031 μηδὲ
292 1941 373 2031 μετά
391 1941 454 2030 τήν
471 1943 653 2012 κατάλυσιν
670 1949 733 2013 τού
752 1949 855 2031 Θωμᾶ
872 1949 1050 2031 παραδού-

84 2071 140 2114 ναι
156 2042 197 2112 τά
214 2043 371 2131 φρούρια,
385 2041 407 2112 ἃ
425 2060 590 2131 κατεῖχον,
611 2043 697 2114 ἑλόν
709 2045 766 2112 καὶ
780 2041 1051 2123 ἀνασκολοπίσας

84 2169 265 2215 απεκτεινε.
1147 2209 1149 2216 .

38 2265 71 2306 20
165 2250 215 2335 Τή
239 2252 327 2333 χούν
349 2243 536 2336 άποστασίᾳ
559 2251 601 2336 τή
624 2251 687 2314 τού
706 2251 809 2333 Θωμᾶ
826 2245 969 2324 παλτοῖς
989 2246 1106 2332 {Iu-24

83 2353 217 2436 φνλίοις
236 2348 390 2434 πολέμοις
407 2352 476 2416 τάν
488 2344 682 2434 Ῥωμαϊκῶν
705 2345 964 2435 ἀσχολουμένων
983 2350 1082 2416 (λυ-0

83 2445 218 2536 νάμεωυ
248 2445 365 2518 άόειαν
395 2441 572 2536 εύρηκότες
595 2449 709 2517 πάσαν
734 2453 770 2517 οἱ
791 2446 875 2536 πρός
908 2449 1053 2536 ἑσπέραν

80 2548 272 2638 Ἀχαρηνοί,
297 2556 334 2618 οἳ
354 2547 413 2618 τόν
437 2553 496 2637 τῆς
519 2547 663 2636 Ἰβηρίας
686 2554 819 2619 οίκούσι
843 2548 969 2618 κόλπον
994 2549 1052 2617 καὶ

83 2651 237 2737 λέγονται
255 2649 422 2735 Ἱσπανοί,
446 2655 494 2742 τῷ
520 2652 671 2744 σφετέρῳ
698 2658 875 2740 προσίασιν
902 2649 1051 2741 άρχηχῷ,

33 2768 69 2810 2⁵
83 2750 126 2821 ὃν
143 2749 239 2832 αὐτοὶ
257 2758 420 2821 καλοῦσιν
433 2748 700 2840 Ἀμερμουμνήν,
717 2751 774 2819 καὶ
791 2749 936 2838 ᾐτοῦντο
954 2744 1053 2817 άποι-

81 2859 164 2923 κίαν
181 2860 387 2938 στείλασθαι,
413 2850 469 2920 διά
487 2855 618 2938 πλῆθος
636 2850 951 2938 στενοχωρούμενοι.
987 2848 1051 2920 κά-

80 2969 195 3034 κεῑνος
211 2955 402 3040 κατένευσε,
421 2953 478 3021 καλ
494 2951 637 3031 τούτους
654 2951 862 3040 παραλαβών
880 2951 945 3020 σόν
963 2949 1052 3041 τριή-

78 3075 177 3146 ρεσιν
202 3053 409 3138 ἀπέπλευσε,
433 3051 493 3134 τάς
516 3046 584 3122 ύπό
603 3050 784 3140 Ῥωμαίους
801 3052 927 3139 νήσους
944 3077 1051 3139 περκ-

78 3155 131 3226 τόν
149 3157 259 3225 τεκαὶ
277 3155 474 3244 ληιζόμευος.
500 3152 545 3234 οἱς
565 3152 599 3222 δ’
617 3146 678 3241 ήκε
695 3154 753 3222 καλ
771 3160 818 3235 είς
835 3153 899 3241 τήν
914 3152 1052 3241 Κρήτην

21 3275 61 3318 ³0
75 3258 138 3328 καὶ
155 3255 194 3326 τό
210 3255 333 3344 ταύτης
351 3263 476 3343 ἔγνωκε
494 3255 690 3344 πάμφορον,
713 3253 793 3336 τούς
816 3255 879 3343 μὲν
903 3260 999 3324 πλεί-
1012 3264 1153 3317 W111113

74 3380 183 3437 στονς
209 3365 256 3440 είς
282 3364 377 3427 λείαν
401 3359 627 3445 ἐκπέπομφεν,
652 3355 754 3437 αύτός
780 3356 817 3425 δὲ
833 3352 906 3445 μετ’
925 3353 1051 3442 ὀλίγων

71 3466 129 3540 εἰς
162 3458 320 3548 φυλακήν
351 3464 458 3547 δῆθεν
488 3461 730 3547 παραλειφθελς
759 3461 828 3527 τιόν
858 3462 951 3544 νηῶν
981 3461 1051 3545 πύρ

16 3739 33 3801 ί.
