2562 3814
446 179 518 233 Lm.
530 181 591 232 vn.
611 180 688 235 οεε.
701 183 776 234 ΧΙΧ.
1035 183 1096 248 143

131 313 251 408 ἡμέρας
271 313 419 406 ἑόρτασε
437 319 493 387 καὶ
510 315 738 401 τοϊς-ὑπάτοις
763 318 803 390 τό
821 319 995 412 νικητήρια
1014 327 1096 414 ἕψη-

131 427 282 510 φίσαντο.

205 517 323 602 Οὑτως
340 509 404 592 οὑν
424 523 456 603 ἐς
474 521 637 613 διαφοράς
650 526 717 593 τῶν
734 520 903 613 Ῥωμαίων
926 523 1197 602 ἐλθόντωνΡ1349

130 630 163 693 οὑ
174 626 321 694 ἐναντίοι
339 627 459 711 σφίσιν
482 620 780 714 ἀναθαρσήσαντες
800 622 947 716 έπήεσαν
971 625 1093 710 αὐτοῖς.
1277 643 1278 648 ’

109 727 177 817 ιτρί
194 722 223 793 δ’
247 727 321 812 ἑξής
341 729 407 793 έτει
426 721 571 814 Μάρκου
583 732 769 798 Γενουκίου
787 728 843 796 καὶ
862 734 968 798 Γαίου
980 739 1095 822 Κουρ-

135 832 206 896 τίου
228 823 466 896 ὑπατευόντων
496 822 548 895 ἐπ’
576 824 739 916 ἀλλήλους
765 826 956 916 ἐτράποντο.
999 836 1095 901 οἵτε

130 925 192 1016 χόρ
217 929 277 996 τοὺ
298 923 453 1014 πλήθους
483 929 540 997 καλ
569 922 751 1000 ὑπατεύειν
781 926 925 1018 ήθελον,
958 932 1093 1022 ἐπείπερ

128 1025 337 1118 έδημάρχουν
359 1032 394 1098 ολ
416 1025 614 1119 εὐπατρίδαι
640 1027 723 1121 πρός
749 1029 871 1114 αὐτοὺς
889 1031 1094 1123 μεθιστάμε-

123 1159 193 1219 νοι,
219 1131 277 1202 καλ
295 1134 329 1199 οί
347 1127 546 1220 εὐπατρίδαι
563 1137 641 1202 λίαν
658 1134 716 1219 τής
733 1129 864 1203 ὑπάτου
881 1131 984 1224 όιρχής
1002 1160 1093 1224 περι-

86 1240 264 1322 ιιείχοντο.
300 1231 481 1302 καὶπολλὰ
506 1227 580 1303 κατ’
600 1230 755 1320 άλλήλων
780 1237 836 1304 καὶ
859 1242 953 1322 βίαια
979 1233 1094 1324 ἔλεγόν

119 1362 157 1404 τε
181 1335 240 1404 καλ
267 1339 439 1421 ἔπραττον.
476 1338 533 1404 ἵνα
556 1335 594 1404 δὲ
616 1331 663 1423 μή
688 1332 771 1424 πρός
793 1363 825 1404 τι
849 1351 961 1425 χελρου
987 1335 1093 1428 χωρή-

120 1457 226 1522 σωσι,
248 1437 312 1504 τοὺ
328 1433 391 1522 μὲν
411 1441 511 1523 ἔργου
534 1439 592 1524 της
616 1433 796 1525 ἡγεμονίας
814 1441 850 1506 ολ
872 1440 1011 1508 δυνατοὶ
1029 1434 1093 1508 αὑ-

117 1553 190 1619 τοῖς
208 1533 471 1625 παρεχώρησαν,
495 1541 558 1606 τοὺ
584 1537 621 1607 δὲ
638 1537 798 1627 όνόματος
821 1535 863 1608 οὑ
887 1539 1091 1628 μετέδωκαν,

117 1635 196 1708 ἀλλ’
217 1631 300 1708 ἀνθ’
319 1632 458 1708 ὑπάτων
481 1635 670 1730 χιλιάρχους
696 1635 892 1729 ιόνόμασαν,
917 1641 1036 1734 ἵναμή
1054 1641 1124 1714 τὺΒ

84 1747 178 1830 στῆς
196 1736 346 1827 κλήσεως
365 1745 499 1828 ἔντιμον
515 1744 562 1834 τῷ
580 1739 728 1832 σόρφακι
746 1739 852 1837 ὑμίλρο
866 1749 1091 1835 καταρρυπαί-

116 1869 224 1913 υοιτο.
261 1843 318 1910 καὶ
340 1856 430 1931 τρεῖς
450 1836 509 1930 ὑφ’
531 1843 696 1934 ἑκατέρων
719 1841 907 1934 χιλιάρχους
931 1842 1006 1915 ἀντὶ
1024 1849 1092 1916 τῶν

119 1941 185 2013 δόο
202 1942 344 2013 ὑπάτων
362 1948 534 2033 αἱρεῖσθαι
551 1945 740 2028 συνέδοξεν.
778 1943 818 2015 οὑ
836 1947 952 2034 μέντοι
968 1945 1005 2016 τὸ
1023 1949 1091 2016 τοῖν

1 2113 2 2118 ,
119 2043 265 2115 ὑπάτων
283 2044 411 2127 ἐξέλιπε
428 2045 541 2115 τέλεον
558 2041 676 2134 όνομα,
695 2044 778 2116 ἀλλά
796 2045 876 2116 ποτε
893 2047 955 2134 μὲν
972 2043 1093 2116 ὑπατοι

119 2153 348 2235 καθίσταντο,
379 2147 457 2216 ποτε
483 2147 523 2216 δέ
543 2175 582 2236 χε
612 2153 781 2236 χιλίαρχοι.
825 2143 912 2215 οὑτω
942 2146 1003 2234 μὲν
1029 2136 1092 2216 οὑν

82 2251 228 2318 ωταὺτα
251 2248 477 2338 παραδέδοται
500 2253 675 2336 γίνεσθαι,
700 2257 808 2316 καίτοι
833 2241 874 2316 οὑ
896 2243 1002 2335 μόνον
1024 2247 1092 2317 τεόν

120 2344 262 2420 ὑπάτων
280 2346 485 2439 δικτάτορας
502 2345 723 2437 άνειπόνπων,
742 2349 797 2418 καλ
815 2349 919 2420 ταῦτα
936 2345 1021 2420 πολὺ
1032 2352 1091 2437 τής

120 2446 226 2540 άρχής
257 2452 388 2539 ἐκείνης
420 2443 686 2540 ἐλαττουμένων,
715 2448 801 2520 άλλόι
825 2453 882 2520 καὶ
911 2451 1091 2543 χιλιάρχων

120 2556 222 2623 τοῦτο
239 2549 471 2641 πεποιηκότων
489 2555 610 2623 ένίοτε·
628 2555 758 2642 λέγεται
773 2553 811 2622 δὲ
828 2549 879 2622 ότι
892 2549 1005 2634 οὑδελς
1016 2558 1191 2625 τοὺυσΙΙεε

121 2651 314 2744 χιλιάρχων,
333 2660 441 2724 καίτοι
459 2657 593 2726 πολλάν
610 2652 767 2737 πολλάκις
779 2653 1001 2745 νικησάντων,
1021 2659 1090 2726 έπι-

83 2782 109 2822 τε
120 2762 215 2826 νίκια
234 2762 393 2845 ἔπεμψεν.
1000 2843 1006 2854 ¹

201 2859 248 2927 Οί
263 2857 325 2946 μὲν
342 2847 405 2928 οὑν
422 2864 587 2949 χιλίαρχοι
603 2853 692 2928 οὑτω
709 2855 783 2928 τότε
796 2852 983 2950 ᾑρέθησαν,
1001 2861 1037 2925 oc
1053 2857 1090 2940 δὲ

119 2959 254 3049 τιμηταὶ
271 2965 318 3051 τῷ
333 2961 478 3053 ἐχομένῳ
493 2965 558 3030 ἔτει
576 2957 753 3049 Βαρβάτου
773 2960 829 3028 καλ
846 2955 994 3048 Μάρκου
1018 2964 1090 3026 Μα-

119 3067 242 3150 κρίνου
265 3060 502 3132 ὑπατευόντων
525 3067 810 3152 κατεδείχθησαν·
837 3060 893 3128 καὶ
915 3052 1091 3151 ᾑρέθησαν

119 3159 267 3243 Λούκιός
284 3189 320 3233 τε
338 3169 523 3253 Παπείριος
541 3164 597 3233 καὶ
615 3161 759 3244 Λούκιος
776 3157 1003 3252 Σεμπρώνιος.
1038 3189 1091 3234 κε·

80 3288 106 3330 ιο
120 3261 355 3355 χειροτόνηντο
382 3264 419 3334 δὲ
443 3260 493 3334 ὑτι
510 3267 545 3334 οί
559 3263 681 3334 ὑπατοι
704 3261 866 3334 άδόνατοι
891 3265 945 3334 ἐπὶ
964 3261 1090 3346 πάντας

119 3365 179 3438 διὰ
196 3364 234 3436 τὸ
251 3372 384 3454 πλῆθος
407 3368 559 3459 ἐξαρκεῖν
575 3355 678 3454 ήσαν·
703 3363 744 3436 τά
766 3365 831 3455 γάρ
848 3380 918 3447 τοῖς
941 3380 1091 3454 τιμηταῖς

119 3463 382 3558 άπονεμηθέντα
406 3466 567 3559 προνόμια
593 3471 715 3539 ἐκεῖνοι
732 3469 827 3559 μέχρι
850 3465 924 3538 τότε
944 3469 1088 3535 ἐποίουν.
