<?xml version="1.0" encoding="UTF-8"?>
<!DOCTYPE html PUBLIC "-//W3C//DTD XHTML 1.0 Transitional//EN"
    "http://www.w3.org/TR/xhtml1/DTD/xhtml1-transitional.dtd">
<html xmlns="http://www.w3.org/1999/xhtml" xml:lang="en" lang="en">
 <head>
  <title>
</title>
<meta http-equiv="Content-Type" content="text/html;charset=utf-8" />
  <meta name='ocr-system' content='tesseract 3.04.00' />
  <meta name='ocr-capabilities' content='ocr_page ocr_carea ocr_par ocr_line ocrx_word'/>
</head>
<body>
  <div class='ocr_page' id='page_1' title='image "./iannoutouznapae01canggoog_0710.png"; bbox 0 0 2580 3816; ppageno 0'>
   <div class='ocr_carea' id='block_1_1' title="bbox 410 105 1096 190">
    <p class='ocr_par' dir='ltr' id='par_1_1' title="bbox 410 105 1096 190">
     <span class='ocr_line' id='line_1_1' title="bbox 410 105 1096 190; baseline 0.025 -18"><span class='ocrx_word' id='word_1_1' title='bbox 410 123 482 174; x_wconf 85' lang='lat' dir='ltr'><strong>LIB.</strong></span> <span class='ocrx_word' id='word_1_2' title='bbox 502 123 580 174; x_wconf 83' lang='lat' dir='ltr'><strong><em>xm.</em></strong></span> <span class='ocrx_word' id='word_1_3' title='bbox 600 123 679 174; x_wconf 80' lang='lat' dir='ltr'><strong>OAP.</strong></span> <span class='ocrx_word' id='word_1_4' title='bbox 699 111 786 178; x_wconf 71' lang='grc' dir='ltr'><strong><em>κου’.</em></strong></span> <span class='ocrx_word' id='word_1_5' title='bbox 874 105 875 108; x_wconf 67' lang='grc'>’</span> <span class='ocrx_word' id='word_1_6' title='bbox 1031 123 1096 190; x_wconf 79' lang='lat'><strong><em>225</em></strong></span> 
     </span>
    </p>
   </div>
   <div class='ocr_carea' id='block_1_2' title="bbox 3 260 1197 3496">
    <p class='ocr_par' dir='ltr' id='par_1_2' title="bbox 4 260 1175 660">
     <span class='ocr_line' id='line_1_2' title="bbox 4 260 1091 352; baseline 0.005 -21"><span class='ocrx_word' id='word_1_7' title='bbox 4 313 10 318; x_wconf 68' lang='lat'><em>,</em></span> <span class='ocrx_word' id='word_1_8' title='bbox 127 263 264 352; x_wconf 81' lang='grc' dir='ltr'><strong><em>βασιλέα</em></strong></span> <span class='ocrx_word' id='word_1_9' title='bbox 288 260 406 332; x_wconf 76' lang='grc' dir='ltr'><strong><em>ἀνεῖπε</em></strong></span> <span class='ocrx_word' id='word_1_10' title='bbox 426 265 585 352; x_wconf 88' lang='grc' dir='ltr'><strong><em>τετραέτη</em></strong></span> <span class='ocrx_word' id='word_1_11' title='bbox 602 262 676 332; x_wconf 91' lang='grc' dir='ltr'><strong><em>τότε</em></strong></span> <span class='ocrx_word' id='word_1_12' title='bbox 692 263 912 352; x_wconf 78' lang='grc' dir='ltr'><strong><em>τυγχάνοντα.</em></strong></span> <span class='ocrx_word' id='word_1_13' title='bbox 949 267 1091 338; x_wconf 83' lang='grc' dir='ltr'><strong><em>ἐπανελ-</em></strong></span> 
     </span>
     <span class='ocr_line' id='line_1_3' title="bbox 126 361 1091 458; baseline 0.003 -24"><span class='ocrx_word' id='word_1_14' title='bbox 126 363 203 436; x_wconf 85' lang='grc' dir='ltr'><strong><em>θῶν</em></strong></span> <span class='ocrx_word' id='word_1_15' title='bbox 221 361 256 433; x_wconf 81' lang='grc' dir='ltr'><strong><em>δ’</em></strong></span> <span class='ocrx_word' id='word_1_16' title='bbox 278 366 314 435; x_wconf 77' lang='grc' dir='ltr'><strong><em>ἐκ</em></strong></span> <span class='ocrx_word' id='word_1_17' title='bbox 330 369 389 451; x_wconf 83' lang='grc' dir='ltr'><strong><em>τῆς</em></strong></span> <span class='ocrx_word' id='word_1_18' title='bbox 408 361 597 454; x_wconf 72' lang='grc' dir='ltr'><strong><em>ἀποδημίας</em></strong></span> <span class='ocrx_word' id='word_1_19' title='bbox 611 363 793 454; x_wconf 87' lang='grc' dir='ltr'><strong><em>Γρατιανός</em></strong></span> <span class='ocrx_word' id='word_1_20' title='bbox 811 363 891 445; x_wconf 85' lang='grc' dir='ltr'><strong><em>τούς</em></strong></span> <span class='ocrx_word' id='word_1_21' title='bbox 908 367 970 454; x_wconf 75' lang='grc' dir='ltr'><strong><em>μὲν</em></strong></span> <span class='ocrx_word' id='word_1_22' title='bbox 989 389 1091 458; x_wconf 89' lang='grc' dir='ltr'><strong><em>στρα-</em></strong></span> 
     </span>
     <span class='ocr_line' id='line_1_4' title="bbox 125 461 1175 560; baseline 0.001 -24"><span class='ocrx_word' id='word_1_23' title='bbox 125 464 244 546; x_wconf 88' lang='grc' dir='ltr'><strong><em>τιῶτας</em></strong></span> <span class='ocrx_word' id='word_1_24' title='bbox 263 463 395 534; x_wconf 75' lang='grc' dir='ltr'><strong><em>ἐκάκισα</em></strong></span> <span class='ocrx_word' id='word_1_25' title='bbox 413 473 475 536; x_wconf 88' lang='grc' dir='ltr'><strong><em>καί</em></strong></span> <span class='ocrx_word' id='word_1_26' title='bbox 487 461 713 552; x_wconf 80' lang='grc' dir='ltr'><strong><em>τιναςαύτῶν</em></strong></span> <span class='ocrx_word' id='word_1_27' title='bbox 731 467 790 534; x_wconf 77' lang='grc' dir='ltr'><strong><em>καί</em></strong></span> <span class='ocrx_word' id='word_1_28' title='bbox 804 467 968 560; x_wconf 78' lang='grc' dir='ltr'><strong><em>ἐκάκωσε,</em></strong></span> <span class='ocrx_word' id='word_1_29' title='bbox 985 469 1089 540; x_wconf 82' lang='grc' dir='ltr'><strong><em>κολά-</em></strong></span> <span class='ocrx_word' id='word_1_30' title='bbox 1107 486 1129 537; x_wconf 81' lang='lat' dir='ltr'>c</span> <span class='ocrx_word' id='word_1_31' title='bbox 1174 476 1175 479; x_wconf 70' lang='grc'>’</span> 
     </span>
     <span class='ocr_line' id='line_1_5' title="bbox 126 564 1094 660; baseline 0.001 -23"><span class='ocrx_word' id='word_1_32' title='bbox 126 588 189 648; x_wconf 86' lang='grc' dir='ltr'><strong><em>σας</em></strong></span> <span class='ocrx_word' id='word_1_33' title='bbox 213 564 294 646; x_wconf 87' lang='grc' dir='ltr'><strong><em>τούς</em></strong></span> <span class='ocrx_word' id='word_1_34' title='bbox 318 573 376 654; x_wconf 84' lang='grc' dir='ltr'><strong><em>τῆς</em></strong></span> <span class='ocrx_word' id='word_1_35' title='bbox 399 572 462 638; x_wconf 86' lang='grc' dir='ltr'><strong><em>τού</em></strong></span> <span class='ocrx_word' id='word_1_36' title='bbox 487 565 639 656; x_wconf 76' lang='grc' dir='ltr'><strong><em>ἀδελφοῦ</em></strong></span> <span class='ocrx_word' id='word_1_37' title='bbox 670 567 912 658; x_wconf 80' lang='grc' dir='ltr'><strong><em>πρωτουργούς</em></strong></span> <span class='ocrx_word' id='word_1_38' title='bbox 943 565 1094 660; x_wconf 77' lang='grc' dir='ltr'><strong><em>ἀναρρή-</em></strong></span> 
     </span>
    </p>

    <p class='ocr_par' dir='ltr' id='par_1_3' title="bbox 99 665 1096 790">
     <span class='ocr_line' id='line_1_6' title="bbox 99 665 1096 790; baseline 0 -49"><span class='ocrx_word' id='word_1_39' title='bbox 99 689 226 756; x_wconf 80' lang='grc' dir='ltr'><strong><em>εσεως,</em></strong></span> <span class='ocrx_word' id='word_1_40' title='bbox 249 665 294 748; x_wconf 89' lang='grc' dir='ltr'><strong><em>ῶς</em></strong></span> <span class='ocrx_word' id='word_1_41' title='bbox 317 665 395 756; x_wconf 85' lang='grc' dir='ltr'><strong><em>ἀτερ</em></strong></span> <span class='ocrx_word' id='word_1_42' title='bbox 419 669 555 790; x_wconf 86' lang='grc' dir='ltr'><strong><em>γνῶμης</em></strong></span> <span class='ocrx_word' id='word_1_43' title='bbox 573 666 679 754; x_wconf 85' lang='grc' dir='ltr'><strong><em>αὐτού</em></strong></span> <span class='ocrx_word' id='word_1_44' title='bbox 696 671 859 756; x_wconf 85' lang='grc' dir='ltr'><strong><em>βασιλέως</em></strong></span> <span class='ocrx_word' id='word_1_45' title='bbox 877 669 972 752; x_wconf 82' lang='grc' dir='ltr'><strong><em>ὄντος</em></strong></span> <span class='ocrx_word' id='word_1_46' title='bbox 991 669 1096 741; x_wconf 86' lang='grc' dir='ltr'><strong><em>ἀλλον</em></strong></span> 
     </span>
    </p>

    <p class='ocr_par' dir='ltr' id='par_1_4' title="bbox 125 766 1094 862">
     <span class='ocr_line' id='line_1_7' title="bbox 125 766 1094 862; baseline 0.004 -24"><span class='ocrx_word' id='word_1_47' title='bbox 125 767 431 860; x_wconf 78' lang='grc' dir='ltr'><strong><em>ἀναγορεύσαντας.</em></strong></span> <span class='ocrx_word' id='word_1_48' title='bbox 465 766 527 839; x_wconf 85' lang='grc' dir='ltr'><strong><em>τόν</em></strong></span> <span class='ocrx_word' id='word_1_49' title='bbox 550 769 588 840; x_wconf 72' lang='lat'><strong><em>6</em></strong></span> <span class='ocrx_word' id='word_1_50' title='bbox 612 768 761 858; x_wconf 72' lang='grc' dir='ltr'><strong><em>ἀδελφόν</em></strong></span> <span class='ocrx_word' id='word_1_51' title='bbox 786 768 893 842; x_wconf 85' lang='grc' dir='ltr'><strong><em>αὐτόν</em></strong></span> <span class='ocrx_word' id='word_1_52' title='bbox 915 771 1094 862; x_wconf 79' lang='grc' dir='ltr'><strong><em>συνάρχειν</em></strong></span> 
     </span>
    </p>

    <p class='ocr_par' dir='ltr' id='par_1_5' title="bbox 126 865 1190 1064">
     <span class='ocr_line' id='line_1_8' title="bbox 126 865 1093 996; baseline 0.004 -56"><span class='ocrx_word' id='word_1_53' title='bbox 126 865 168 940; x_wconf 91' lang='grc' dir='ltr'><strong><em>οὐ</em></strong></span> <span class='ocrx_word' id='word_1_54' title='bbox 186 869 416 996; x_wconf 63' lang='grc' dir='ltr'><strong><em>παρητιχσατο,</em></strong></span> <span class='ocrx_word' id='word_1_55' title='bbox 433 868 519 940; x_wconf 88' lang='grc' dir='ltr'><strong><em>ἀλλά</em></strong></span> <span class='ocrx_word' id='word_1_56' title='bbox 538 869 703 942; x_wconf 84' lang='grc' dir='ltr'><strong><em>κοινωνόν</em></strong></span> <span class='ocrx_word' id='word_1_57' title='bbox 719 876 779 960; x_wconf 76' lang='grc' dir='ltr'><strong><em>τῆς</em></strong></span> <span class='ocrx_word' id='word_1_58' title='bbox 795 879 968 960; x_wconf 72' lang='grc' dir='ltr'><strong><em>βασιλείας</em></strong></span> <span class='ocrx_word' id='word_1_59' title='bbox 985 896 1093 964; x_wconf 84' lang='grc' dir='ltr'><strong><em>προσ-</em></strong></span> 
     </span>
     <span class='ocr_line' id='line_1_9' title="bbox 126 963 1190 1064; baseline 0.002 -22"><span class='ocrx_word' id='word_1_60' title='bbox 126 979 243 1044; x_wconf 85' lang='grc' dir='ltr'><strong><em>είλετο.</em></strong></span> <span class='ocrx_word' id='word_1_61' title='bbox 279 963 377 1054; x_wconf 87' lang='grc' dir='ltr'><strong><em>οὐτος</em></strong></span> <span class='ocrx_word' id='word_1_62' title='bbox 401 969 418 1041; x_wconf 89' lang='lat'><strong><em>6</em></strong></span> <span class='ocrx_word' id='word_1_63' title='bbox 442 971 601 1060; x_wconf 86' lang='grc' dir='ltr'><strong><em>βασιλεύς</em></strong></span> <span class='ocrx_word' id='word_1_64' title='bbox 624 971 686 1042; x_wconf 84' lang='grc' dir='ltr'><strong><em>τόν</em></strong></span> <span class='ocrx_word' id='word_1_65' title='bbox 709 975 836 1064; x_wconf 87' lang='grc' dir='ltr'><strong><em>πατέρα</em></strong></span> <span class='ocrx_word' id='word_1_66' title='bbox 860 974 1023 1062; x_wconf 80' lang='grc' dir='ltr'><strong><em>ἐζήλωσεν</em></strong></span> <span class='ocrx_word' id='word_1_67' title='bbox 1047 981 1094 1056; x_wconf 85' lang='grc' dir='ltr'><strong><em>είς</em></strong></span> <span class='ocrx_word' id='word_1_68' title='bbox 1187 1001 1190 1006; x_wconf 92' lang='grc'><em>·</em></span> 
     </span>
    </p>

    <p class='ocr_par' dir='ltr' id='par_1_6' title="bbox 3 1071 1094 1202">
     <span class='ocr_line' id='line_1_10' title="bbox 3 1071 1094 1202; baseline 0.002 -58"><span class='ocrx_word' id='word_1_69' title='bbox 3 1155 4 1158; x_wconf 10' lang='lat'>¹</span> <span class='ocrx_word' id='word_1_70' title='bbox 128 1071 311 1160; x_wconf 79' lang='grc' dir='ltr'><strong><em>εὐσέβειαν.</em></strong></span> <span class='ocrx_word' id='word_1_71' title='bbox 348 1072 432 1142; x_wconf 79' lang='grc' dir='ltr'><strong><em>ὅθεν</em></strong></span> <span class='ocrx_word' id='word_1_72' title='bbox 457 1075 515 1150; x_wconf 80' lang='grc' dir='ltr'><strong><em>καὶ</em></strong></span> <span class='ocrx_word' id='word_1_73' title='bbox 538 1080 585 1166; x_wconf 79' lang='grc' dir='ltr'><strong><em>τῶ</em></strong></span> <span class='ocrx_word' id='word_1_74' title='bbox 608 1081 694 1168; x_wconf 78' lang='grc' dir='ltr'><strong><em>θείω</em></strong></span> <span class='ocrx_word' id='word_1_75' title='bbox 715 1071 882 1144; x_wconf 75' lang='grc' dir='ltr'><strong><em>Οὐάλεντι</em></strong></span> <span class='ocrx_word' id='word_1_76' title='bbox 900 1082 1094 1202; x_wconf 87' lang='grc' dir='ltr'><strong><em>συμμαχίαν</em></strong></span> 
     </span>
    </p>

    <p class='ocr_par' dir='ltr' id='par_1_7' title="bbox 4 1174 1093 1670">
     <span class='ocr_line' id='line_1_11' title="bbox 4 1174 1093 1270; baseline 0 -22"><span class='ocrx_word' id='word_1_77' title='bbox 4 1265 5 1270; x_wconf 12' lang='lat'>¹</span> <span class='ocrx_word' id='word_1_78' title='bbox 88 1207 113 1248; x_wconf 79' lang='grc' dir='ltr'><strong><em>ιο</em></strong></span> <span class='ocrx_word' id='word_1_79' title='bbox 127 1174 305 1262; x_wconf 79' lang='grc' dir='ltr'><strong><em>αἰτήσαντί</em></strong></span> <span class='ocrx_word' id='word_1_80' title='bbox 333 1199 413 1244; x_wconf 87' lang='grc' dir='ltr'><strong><em>ποτε</em></strong></span> <span class='ocrx_word' id='word_1_81' title='bbox 442 1175 526 1244; x_wconf 82' lang='grc' dir='ltr'><strong><em>κατά</em></strong></span> <span class='ocrx_word' id='word_1_82' title='bbox 555 1181 624 1246; x_wconf 90' lang='grc' dir='ltr'><strong><em>τῶν</em></strong></span> <span class='ocrx_word' id='word_1_83' title='bbox 651 1181 804 1246; x_wconf 89' lang='grc' dir='ltr'><strong><em>Σκυθῶν</em></strong></span> <span class='ocrx_word' id='word_1_84' title='bbox 835 1179 867 1260; x_wconf 77' lang='grc' dir='ltr'><strong><em>ἐξ</em></strong></span> <span class='ocrx_word' id='word_1_85' title='bbox 893 1175 1019 1266; x_wconf 81' lang='grc' dir='ltr'><strong><em>αὐτοῦ,</em></strong></span> <span class='ocrx_word' id='word_1_86' title='bbox 1052 1177 1093 1248; x_wconf 90' lang='lat'>06</span> 
     </span>
     <span class='ocr_line' id='line_1_12' title="bbox 125 1273 1094 1402; baseline 0.002 -56"><span class='ocrx_word' id='word_1_87' title='bbox 125 1279 320 1366; x_wconf 76' lang='grc' dir='ltr'><strong><em>παρέσχετο,</em></strong></span> <span class='ocrx_word' id='word_1_88' title='bbox 343 1275 476 1367; x_wconf 76' lang='grc' dir='ltr'><strong><em>γράψας</em></strong></span> <span class='ocrx_word' id='word_1_89' title='bbox 500 1275 593 1402; x_wconf 66' lang='grc' dir='ltr'><strong><em>αὐτῶ</em></strong></span> <span class='ocrx_word' id='word_1_90' title='bbox 625 1273 669 1358; x_wconf 85' lang='grc' dir='ltr'><strong><em>ῶς</em></strong></span> <span class='ocrx_word' id='word_1_91' title='bbox 693 1275 734 1346; x_wconf 92' lang='grc' dir='ltr'><strong><em>οὐ</em></strong></span> <span class='ocrx_word' id='word_1_92' title='bbox 760 1282 815 1346; x_wconf 70' lang='grc' dir='ltr'><strong><em>δεῖ</em></strong></span> <span class='ocrx_word' id='word_1_93' title='bbox 837 1283 886 1370; x_wconf 78' lang='grc' dir='ltr'><strong><em>τῶ</em></strong></span> <span class='ocrx_word' id='word_1_94' title='bbox 905 1282 1015 1372; x_wconf 78' lang='grc' dir='ltr'><strong><em>ἐχθρῷ</em></strong></span> <span class='ocrx_word' id='word_1_95' title='bbox 1032 1287 1094 1354; x_wconf 83' lang='grc' dir='ltr'><strong><em>τού</em></strong></span> 
     </span>
     <span class='ocr_line' id='line_1_13' title="bbox 124 1376 1093 1468; baseline 0.002 -20"><span class='ocrx_word' id='word_1_96' title='bbox 124 1383 212 1448; x_wconf 80' lang='grc' dir='ltr'><strong><em>θεοῦ</em></strong></span> <span class='ocrx_word' id='word_1_97' title='bbox 231 1391 430 1466; x_wconf 76' lang='grc' dir='ltr'><strong><em>συμμαχεῖν.</em></strong></span> <span class='ocrx_word' id='word_1_98' title='bbox 466 1393 536 1458; x_wconf 82' lang='grc' dir='ltr'><strong><em>τοῖς</em></strong></span> <span class='ocrx_word' id='word_1_99' title='bbox 554 1376 587 1446; x_wconf 82' lang='lat'><strong><em>6&#39;</em></strong></span> <span class='ocrx_word' id='word_1_100' title='bbox 609 1380 794 1468; x_wconf 80' lang='grc' dir='ltr'><strong><em>έξελαθείσι</em></strong></span> <span class='ocrx_word' id='word_1_101' title='bbox 810 1381 942 1468; x_wconf 83' lang='grc' dir='ltr'><strong><em>ποιμέσι</em></strong></span> <span class='ocrx_word' id='word_1_102' title='bbox 958 1385 1028 1450; x_wconf 88' lang='grc' dir='ltr'><strong><em>τῶν</em></strong></span> <span class='ocrx_word' id='word_1_103' title='bbox 1045 1385 1093 1451; x_wconf 76' lang='lat' dir='ltr'><strong><em>oc-</em></strong></span> 
     </span>
     <span class='ocr_line' id='line_1_14' title="bbox 125 1477 1093 1569; baseline 0.002 -21"><span class='ocrx_word' id='word_1_104' title='bbox 125 1485 228 1552; x_wconf 86' lang='grc' dir='ltr'><strong><em>κείων</em></strong></span> <span class='ocrx_word' id='word_1_105' title='bbox 253 1481 436 1569; x_wconf 73' lang='grc' dir='ltr'><strong><em>ἐκκλησιῶν</em></strong></span> <span class='ocrx_word' id='word_1_106' title='bbox 460 1478 514 1548; x_wconf 78' lang='grc' dir='ltr'><strong><em>θιά</em></strong></span> <span class='ocrx_word' id='word_1_107' title='bbox 532 1477 698 1568; x_wconf 78' lang='grc' dir='ltr'><strong><em>δόγματος</em></strong></span> <span class='ocrx_word' id='word_1_108' title='bbox 718 1483 822 1568; x_wconf 79' lang='grc' dir='ltr'><strong><em>ἐφῆκε</em></strong></span> <span class='ocrx_word' id='word_1_109' title='bbox 839 1479 902 1569; x_wconf 80' lang='grc' dir='ltr'><strong><em>τὴν</em></strong></span> <span class='ocrx_word' id='word_1_110' title='bbox 920 1488 969 1562; x_wconf 87' lang='grc' dir='ltr'><strong><em>είς</em></strong></span> <span class='ocrx_word' id='word_1_111' title='bbox 988 1479 1093 1563; x_wconf 81' lang='grc' dir='ltr'><strong><em>αὐτάς</em></strong></span> 
     </span>
     <span class='ocr_line' id='line_1_15' title="bbox 124 1578 1093 1670; baseline 0.002 -20"><span class='ocrx_word' id='word_1_112' title='bbox 124 1578 362 1667; x_wconf 79' lang='grc' dir='ltr'><strong><em>ἀπονόστησιν.</em></strong></span> <span class='ocrx_word' id='word_1_113' title='bbox 396 1585 466 1650; x_wconf 88' lang='grc' dir='ltr'><strong><em>τῶν</em></strong></span> <span class='ocrx_word' id='word_1_114' title='bbox 489 1580 528 1650; x_wconf 73' lang='grc' dir='ltr'><strong><em>δὲ</em></strong></span> <span class='ocrx_word' id='word_1_115' title='bbox 553 1587 706 1652; x_wconf 80' lang='grc' dir='ltr'><strong><em>Σκυθῶν</em></strong></span> <span class='ocrx_word' id='word_1_116' title='bbox 735 1579 817 1670; x_wconf 86' lang='grc' dir='ltr'><strong><em>μετά</em></strong></span> <span class='ocrx_word' id='word_1_117' title='bbox 846 1580 910 1670; x_wconf 77' lang='grc' dir='ltr'><strong><em>την</em></strong></span> <span class='ocrx_word' id='word_1_118' title='bbox 936 1581 1093 1654; x_wconf 83' lang='grc' dir='ltr'><strong><em>Οὐάλεν-</em></strong></span> 
     </span>
    </p>

    <p class='ocr_par' dir='ltr' id='par_1_8' title="bbox 3 1673 1127 2176">
     <span class='ocr_line' id='line_1_16' title="bbox 3 1673 1093 1778; baseline 0.001 -25"><span class='ocrx_word' id='word_1_119' title='bbox 3 1775 4 1778; x_wconf 8' lang='lat'>¹</span> <span class='ocrx_word' id='word_1_120' title='bbox 87 1711 113 1754; x_wconf 87' lang='lat'><strong><em>15</em></strong></span> <span class='ocrx_word' id='word_1_121' title='bbox 126 1709 182 1762; x_wconf 89' lang='grc' dir='ltr'><strong><em>τος</em></strong></span> <span class='ocrx_word' id='word_1_122' title='bbox 207 1673 311 1770; x_wconf 80' lang='grc' dir='ltr'><strong><em>ἧτταν</em></strong></span> <span class='ocrx_word' id='word_1_123' title='bbox 343 1683 602 1768; x_wconf 81' lang='grc' dir='ltr'><strong><em>ἐξογκωθέντων</em></strong></span> <span class='ocrx_word' id='word_1_124' title='bbox 628 1681 666 1752; x_wconf 83' lang='grc' dir='ltr'><strong><em>τό</em></strong></span> <span class='ocrx_word' id='word_1_125' title='bbox 691 1679 866 1773; x_wconf 87' lang='grc' dir='ltr'><strong><em>φρόνημα,</em></strong></span> <span class='ocrx_word' id='word_1_126' title='bbox 890 1685 947 1752; x_wconf 81' lang='grc' dir='ltr'><strong><em>καὶ</em></strong></span> <span class='ocrx_word' id='word_1_127' title='bbox 972 1683 1035 1773; x_wconf 78' lang='grc' dir='ltr'><strong><em>τήν</em></strong></span> <span class='ocrx_word' id='word_1_128' title='bbox 1057 1711 1093 1766; x_wconf 86' lang='grc' dir='ltr'><strong><em>τε</em></strong></span> 
     </span>
     <span class='ocr_line' id='line_1_17' title="bbox 127 1781 1127 1874; baseline 0.005 -20"><span class='ocrx_word' id='word_1_129' title='bbox 127 1781 265 1874; x_wconf 74' lang='grc' dir='ltr'><strong><em>Θρηίκην</em></strong></span> <span class='ocrx_word' id='word_1_130' title='bbox 290 1781 492 1871; x_wconf 79' lang='grc' dir='ltr'><strong><em>ληιζομένων</em></strong></span> <span class='ocrx_word' id='word_1_131' title='bbox 514 1783 573 1855; x_wconf 85' lang='grc' dir='ltr'><strong><em>καὶ</em></strong></span> <span class='ocrx_word' id='word_1_132' title='bbox 595 1783 636 1852; x_wconf 85' lang='grc' dir='ltr'><strong><em>τά</em></strong></span> <span class='ocrx_word' id='word_1_133' title='bbox 654 1785 731 1874; x_wconf 83' lang='grc' dir='ltr'><strong><em>περὶ</em></strong></span> <span class='ocrx_word' id='word_1_134' title='bbox 750 1781 859 1872; x_wconf 78' lang='grc' dir='ltr'><strong><em>αὐτην</em></strong></span> <span class='ocrx_word' id='word_1_135' title='bbox 882 1785 939 1855; x_wconf 81' lang='grc' dir='ltr'><strong><em>καὶ</em></strong></span> <span class='ocrx_word' id='word_1_136' title='bbox 963 1783 1127 1860; x_wconf 79' lang='grc' dir='ltr'><strong><em>ἀκαθέ-Ι)</em></strong></span> 
     </span>
     <span class='ocr_line' id='line_1_18' title="bbox 125 1881 1092 1972; baseline 0.006 -19"><span class='ocrx_word' id='word_1_137' title='bbox 125 1911 215 1954; x_wconf 86' lang='grc' dir='ltr'><strong><em>κτων</em></strong></span> <span class='ocrx_word' id='word_1_138' title='bbox 234 1883 362 1971; x_wconf 87' lang='grc' dir='ltr'><strong><em>όντων,</em></strong></span> <span class='ocrx_word' id='word_1_139' title='bbox 386 1881 446 1954; x_wconf 86' lang='grc' dir='ltr'><strong><em>τόν</em></strong></span> <span class='ocrx_word' id='word_1_140' title='bbox 464 1886 497 1966; x_wconf 77' lang='grc' dir='ltr'><strong><em>ἐξ</em></strong></span> <span class='ocrx_word' id='word_1_141' title='bbox 518 1883 689 1965; x_wconf 83' lang='grc' dir='ltr'><strong><em>Ἱσπανίας</em></strong></span> <span class='ocrx_word' id='word_1_142' title='bbox 707 1887 946 1972; x_wconf 79' lang='grc' dir='ltr'><strong><em>μετεκαλέσατο</em></strong></span> <span class='ocrx_word' id='word_1_143' title='bbox 965 1887 1092 1961; x_wconf 76' lang='grc' dir='ltr'><strong><em>Θεοδό-</em></strong></span> 
     </span>
     <span class='ocr_line' id='line_1_19' title="bbox 125 1982 1094 2110; baseline 0.002 -55"><span class='ocrx_word' id='word_1_144' title='bbox 125 2007 210 2073; x_wconf 85' lang='grc' dir='ltr'><strong><em>σιον,</em></strong></span> <span class='ocrx_word' id='word_1_145' title='bbox 240 1982 262 2110; x_wconf 84' lang='lat'><strong><em>6</em></strong></span> <span class='ocrx_word' id='word_1_146' title='bbox 295 1985 333 2054; x_wconf 77' lang='grc' dir='ltr'><strong><em>δε</em></strong></span> <span class='ocrx_word' id='word_1_147' title='bbox 358 1983 511 2070; x_wconf 80' lang='grc' dir='ltr'><strong><em>Ἱσπανία</em></strong></span> <span class='ocrx_word' id='word_1_148' title='bbox 539 1991 598 2106; x_wconf 71' lang='grc' dir='ltr'><strong><em>της</em></strong></span> <span class='ocrx_word' id='word_1_149' title='bbox 622 1984 828 2075; x_wconf 85' lang='grc' dir='ltr'><strong><em>Εὐρωπαίας</em></strong></span> <span class='ocrx_word' id='word_1_150' title='bbox 853 1985 997 2076; x_wconf 82' lang='grc' dir='ltr'><strong><em>Ἰβηρίας</em></strong></span> <span class='ocrx_word' id='word_1_151' title='bbox 1025 1989 1094 2057; x_wconf 80' lang='grc' dir='ltr'><strong><em>ἐστὶ</em></strong></span> 
     </span>
     <span class='ocr_line' id='line_1_20' title="bbox 125 2081 1095 2210; baseline 0.003 -55"><span class='ocrx_word' id='word_1_152' title='bbox 125 2085 259 2168; x_wconf 88' lang='grc' dir='ltr'><strong><em>πόλις</em></strong></span> <span class='ocrx_word' id='word_1_153' title='bbox 240 2114 261 2176; x_wconf 91' lang='grc' dir='ltr'><strong><em>η</em></strong></span> <span class='ocrx_word' id='word_1_154' title='bbox 281 2086 532 2175; x_wconf 78' lang='grc' dir='ltr'><strong><em>διαφορωτάτη</em></strong></span> <span class='ocrx_word' id='word_1_155' title='bbox 530 2091 600 2156; x_wconf 90' lang='grc' dir='ltr'><strong><em>τῶν</em></strong></span> <span class='ocrx_word' id='word_1_156' title='bbox 614 2083 708 2156; x_wconf 80' lang='grc' dir='ltr'><strong><em>ἐν’</em></strong></span> <span class='ocrx_word' id='word_1_157' title='bbox 665 2092 764 2176; x_wconf 71' lang='lat'>6666,</span> <span class='ocrx_word' id='word_1_158' title='bbox 778 2081 888 2210; x_wconf 64' lang='grc' dir='ltr'><strong><em>ἀνδρα</em></strong></span> <span class='ocrx_word' id='word_1_159' title='bbox 901 2089 1095 2184; x_wconf 87' lang='grc' dir='ltr'><strong><em>γενναιότα-</em></strong></span> 
     </span>
    </p>

    <p class='ocr_par' dir='ltr' id='par_1_9' title="bbox 3 2179 1095 2480">
     <span class='ocr_line' id='line_1_21' title="bbox 3 2179 1094 2312; baseline -0.006 -50"><span class='ocrx_word' id='word_1_160' title='bbox 3 2207 5 2268; x_wconf 76' lang='lat' dir='ltr'>J</span> <span class='ocrx_word' id='word_1_161' title='bbox 86 2221 115 2262; x_wconf 86' lang='grc' dir='ltr'><strong><em>ω</em></strong></span> <span class='ocrx_word' id='word_1_162' title='bbox 128 2187 188 2258; x_wconf 87' lang='grc' dir='ltr'><strong><em>τόν</em></strong></span> <span class='ocrx_word' id='word_1_163' title='bbox 205 2215 240 2256; x_wconf 90' lang='grc' dir='ltr'><strong><em>τε</em></strong></span> <span class='ocrx_word' id='word_1_164' title='bbox 257 2188 314 2256; x_wconf 77' lang='grc' dir='ltr'><strong><em>καὶ</em></strong></span> <span class='ocrx_word' id='word_1_165' title='bbox 334 2185 584 2312; x_wconf 79' lang='grc' dir='ltr'><strong><em>εὐσεβέστατον</em></strong></span> <span class='ocrx_word' id='word_1_166' title='bbox 620 2193 742 2258; x_wconf 81' lang='grc' dir='ltr'><strong><em>τοῦτον</em></strong></span> <span class='ocrx_word' id='word_1_167' title='bbox 760 2179 824 2256; x_wconf 88' lang='grc' dir='ltr'><strong><em>οὐν</em></strong></span> <span class='ocrx_word' id='word_1_168' title='bbox 842 2188 1094 2278; x_wconf 85' lang='grc' dir='ltr'><strong><em>προχειρισάμε</em></strong></span> 
     </span>
     <span class='ocr_line' id='line_1_22' title="bbox 125 2286 1095 2414; baseline 0 -56"><span class='ocrx_word' id='word_1_169' title='bbox 125 2317 184 2370; x_wconf 89' lang='grc' dir='ltr'><strong><em>νος</em></strong></span> <span class='ocrx_word' id='word_1_170' title='bbox 209 2286 397 2380; x_wconf 84' lang='grc' dir='ltr'><strong><em>στρατηγὸν</em></strong></span> <span class='ocrx_word' id='word_1_171' title='bbox 419 2287 502 2379; x_wconf 82' lang='grc' dir='ltr'><strong><em>μετά</em></strong></span> <span class='ocrx_word' id='word_1_172' title='bbox 527 2295 682 2380; x_wconf 89' lang='grc' dir='ltr'><strong><em>στρατιάς</em></strong></span> <span class='ocrx_word' id='word_1_173' title='bbox 706 2287 790 2358; x_wconf 89' lang='grc' dir='ltr'><strong><em>κατά</em></strong></span> <span class='ocrx_word' id='word_1_174' title='bbox 813 2293 883 2358; x_wconf 90' lang='grc' dir='ltr'><strong><em>τῶν</em></strong></span> <span class='ocrx_word' id='word_1_175' title='bbox 912 2289 1095 2414; x_wconf 82' lang='grc' dir='ltr'><strong><em>βαρβάρων</em></strong></span> 
     </span>
     <span class='ocr_line' id='line_1_23' title="bbox 127 2385 1094 2480; baseline -0.002 -18"><span class='ocrx_word' id='word_1_176' title='bbox 127 2387 410 2480; x_wconf 76' lang='grc' dir='ltr'><strong><em>έκπέπομηεεν·“</em></strong></span> <span class='ocrx_word' id='word_1_177' title='bbox 390 2419 428 2472; x_wconf 91' lang='grc' dir='ltr'><strong><em>ος</em></strong></span> <span class='ocrx_word' id='word_1_178' title='bbox 447 2389 631 2479; x_wconf 79' lang='grc' dir='ltr'><strong><em>συμβολῶν</em></strong></span> <span class='ocrx_word' id='word_1_179' title='bbox 648 2385 765 2471; x_wconf 74' lang='grc' dir='ltr'><strong><em>αὐτοῖς</em></strong></span> <span class='ocrx_word' id='word_1_180' title='bbox 783 2391 841 2460; x_wconf 84' lang='grc' dir='ltr'><strong><em>καὶ</em></strong></span> <span class='ocrx_word' id='word_1_181' title='bbox 857 2390 995 2480; x_wconf 79' lang='grc' dir='ltr'><strong><em>νικήσας</em></strong></span> <span class='ocrx_word' id='word_1_182' title='bbox 1013 2391 1094 2479; x_wconf 87' lang='grc' dir='ltr'><strong><em>τρό-</em></strong></span> 
     </span>
    </p>

    <p class='ocr_par' dir='ltr' id='par_1_10' title="bbox 71 2490 1094 2690">
     <span class='ocr_line' id='line_1_24' title="bbox 71 2490 1094 2582; baseline -0.004 -16"><span class='ocrx_word' id='word_1_183' title='bbox 71 2551 81 2566; x_wconf 91' lang='grc'><strong><em>.</em></strong></span> <span class='ocrx_word' id='word_1_184' title='bbox 126 2517 226 2572; x_wconf 85' lang='grc' dir='ltr'><strong><em>παιον</em></strong></span> <span class='ocrx_word' id='word_1_185' title='bbox 244 2490 360 2582; x_wconf 78' lang='grc' dir='ltr'><strong><em>ἤρατο,</em></strong></span> <span class='ocrx_word' id='word_1_186' title='bbox 379 2491 534 2580; x_wconf 77' lang='grc' dir='ltr'><strong><em>πλήθους</em></strong></span> <span class='ocrx_word' id='word_1_187' title='bbox 551 2492 615 2582; x_wconf 72' lang='grc' dir='ltr'><strong><em>μέν</em></strong></span> <span class='ocrx_word' id='word_1_188' title='bbox 627 2498 806 2568; x_wconf 74' lang='grc' dir='ltr'><strong><em>Σκυθικοῦ</em></strong></span> <span class='ocrx_word' id='word_1_189' title='bbox 823 2493 1094 2580; x_wconf 84' lang='grc' dir='ltr'><strong><em>κατασφαγέντος</em></strong></span> 
     </span>
     <span class='ocr_line' id='line_1_25' title="bbox 127 2593 1094 2690; baseline -0.001 -26"><span class='ocrx_word' id='word_1_190' title='bbox 127 2596 164 2664; x_wconf 83' lang='grc' dir='ltr'><strong><em>έν</em></strong></span> <span class='ocrx_word' id='word_1_191' title='bbox 187 2598 235 2686; x_wconf 76' lang='grc' dir='ltr'><strong><em>τῷ</em></strong></span> <span class='ocrx_word' id='word_1_192' title='bbox 259 2593 393 2686; x_wconf 76' lang='grc' dir='ltr'><strong><em>πολέμῳ</em></strong></span> <span class='ocrx_word' id='word_1_193' title='bbox 416 2599 563 2680; x_wconf 85' lang='grc' dir='ltr'><strong><em>πολλοῦ,</em></strong></span> <span class='ocrx_word' id='word_1_194' title='bbox 593 2600 663 2664; x_wconf 89' lang='grc' dir='ltr'><strong><em>τῶν</em></strong></span> <span class='ocrx_word' id='word_1_195' title='bbox 688 2595 726 2664; x_wconf 72' lang='lat'><strong><em>6</em></strong></span> <span class='ocrx_word' id='word_1_196' title='bbox 753 2599 881 2666; x_wconf 88' lang='grc' dir='ltr'><strong><em>λοιπῶν</em></strong></span> <span class='ocrx_word' id='word_1_197' title='bbox 906 2601 954 2676; x_wconf 89' lang='grc' dir='ltr'><strong><em>είς</em></strong></span> <span class='ocrx_word' id='word_1_198' title='bbox 977 2593 1094 2690; x_wconf 73' lang='grc' dir='ltr'><strong><em>ηινγῄν</em></strong></span> 
     </span>
    </p>

    <p class='ocr_par' dir='ltr' id='par_1_11' title="bbox 3 2694 1094 3190">
     <span class='ocr_line' id='line_1_26' title="bbox 3 2694 1094 2788; baseline -0.003 -20"><span class='ocrx_word' id='word_1_199' title='bbox 3 2729 4 2736; x_wconf 53' lang='grc'><strong>“</strong></span> <span class='ocrx_word' id='word_1_200' title='bbox 84 2726 113 2769; x_wconf 77' lang='grc' dir='ltr'><strong><em>ετ</em></strong></span> <span class='ocrx_word' id='word_1_201' title='bbox 126 2697 334 2786; x_wconf 83' lang='grc' dir='ltr'><strong><em>τραπέντων,</em></strong></span> <span class='ocrx_word' id='word_1_202' title='bbox 361 2695 418 2764; x_wconf 87' lang='grc' dir='ltr'><strong><em>καὶ</em></strong></span> <span class='ocrx_word' id='word_1_203' title='bbox 442 2700 511 2764; x_wconf 89' lang='grc' dir='ltr'><strong><em>τῶν</em></strong></span> <span class='ocrx_word' id='word_1_204' title='bbox 528 2695 591 2784; x_wconf 73' lang='grc' dir='ltr'><strong><em>μέν</em></strong></span> <span class='ocrx_word' id='word_1_205' title='bbox 608 2694 854 2784; x_wconf 88' lang='grc' dir='ltr'><strong><em>ἀπολλυμένων</em></strong></span> <span class='ocrx_word' id='word_1_206' title='bbox 873 2698 910 2764; x_wconf 81' lang='grc' dir='ltr'><strong><em>ἐν</em></strong></span> <span class='ocrx_word' id='word_1_207' title='bbox 927 2701 974 2788; x_wconf 81' lang='grc' dir='ltr'><strong><em>τῶ</em></strong></span> <span class='ocrx_word' id='word_1_208' title='bbox 991 2723 1094 2766; x_wconf 89' lang='grc' dir='ltr'><strong><em>κατα-</em></strong></span> 
     </span>
     <span class='ocr_line' id='line_1_27' title="bbox 124 2791 1094 2886; baseline 0 -20"><span class='ocrx_word' id='word_1_209' title='bbox 124 2796 369 2886; x_wconf 85' lang='grc' dir='ltr'><strong><em>λαμβάνεσθαι,</em></strong></span> <span class='ocrx_word' id='word_1_210' title='bbox 382 2800 452 2864; x_wconf 90' lang='grc' dir='ltr'><strong><em>τῶν</em></strong></span> <span class='ocrx_word' id='word_1_211' title='bbox 469 2791 503 2866; x_wconf 81' lang='lat'><strong><em>6&#39;</em></strong></span> <span class='ocrx_word' id='word_1_212' title='bbox 522 2793 584 2866; x_wconf 87' lang='grc' dir='ltr'><strong><em>ὐπ’</em></strong></span> <span class='ocrx_word' id='word_1_213' title='bbox 604 2792 760 2883; x_wconf 81' lang='grc' dir='ltr'><strong><em>ἀλλήλων</em></strong></span> <span class='ocrx_word' id='word_1_214' title='bbox 781 2799 1041 2886; x_wconf 73' lang='grc' dir='ltr'><strong><em>διαφθαρέντων</em></strong></span> <span class='ocrx_word' id='word_1_215' title='bbox 1057 2799 1094 2866; x_wconf 82' lang='grc' dir='ltr'><strong><em>ἐν</em></strong></span> 
     </span>
     <span class='ocr_line' id='line_1_28' title="bbox 124 2896 1094 3023; baseline 0.001 -57"><span class='ocrx_word' id='word_1_216' title='bbox 124 2905 168 2988; x_wconf 78' lang='grc' dir='ltr'><strong><em>τῇ</em></strong></span> <span class='ocrx_word' id='word_1_217' title='bbox 203 2901 309 3023; x_wconf 49' lang='grc' dir='ltr'><strong><em>φυγῇ,</em></strong></span> <span class='ocrx_word' id='word_1_218' title='bbox 362 2896 498 2968; x_wconf 84' lang='grc' dir='ltr'><strong><em>πάντων</em></strong></span> <span class='ocrx_word' id='word_1_219' title='bbox 521 2905 642 2967; x_wconf 91' lang='grc' dir='ltr'><strong><em>τοίνυν</em></strong></span> <span class='ocrx_word' id='word_1_220' title='bbox 666 2896 788 3018; x_wconf 71' lang='grc' dir='ltr'><strong><em>σχεδόν</em></strong></span> <span class='ocrx_word' id='word_1_221' title='bbox 811 2902 881 2965; x_wconf 86' lang='grc' dir='ltr'><strong><em>τῶν</em></strong></span> <span class='ocrx_word' id='word_1_222' title='bbox 912 2896 1094 2988; x_wconf 91' lang='grc' dir='ltr'><strong><em>βαρβάρων</em></strong></span> 
     </span>
     <span class='ocr_line' id='line_1_29' title="bbox 125 2994 1093 3123; baseline -0.004 -53"><span class='ocrx_word' id='word_1_223' title='bbox 125 3003 197 3070; x_wconf 82' lang='grc' dir='ltr'><strong><em>ἐκεί</em></strong></span> <span class='ocrx_word' id='word_1_224' title='bbox 182 3007 265 3069; x_wconf 91' lang='grc' dir='ltr'><strong><em>ίνων</em></strong></span> <span class='ocrx_word' id='word_1_225' title='bbox 283 2995 520 3086; x_wconf 89' lang='grc' dir='ltr'><strong><em>ἀπολωλότων,</em></strong></span> <span class='ocrx_word' id='word_1_226' title='bbox 546 2995 609 3123; x_wconf 73' lang='grc' dir='ltr'><strong><em>την</em></strong></span> <span class='ocrx_word' id='word_1_227' title='bbox 627 2994 785 3120; x_wconf 85' lang='grc' dir='ltr'><strong><em>στρατιάν</em></strong></span> <span class='ocrx_word' id='word_1_228' title='bbox 804 3000 875 3066; x_wconf 79' lang='grc' dir='ltr'><strong><em>ἐκεῖ</em></strong></span> <span class='ocrx_word' id='word_1_229' title='bbox 890 3004 1093 3085; x_wconf 78' lang='grc' dir='ltr'><strong><em>καταλείψας</em></strong></span> 
     </span>
     <span class='ocr_line' id='line_1_30' title="bbox 125 3095 1094 3190; baseline -0.003 -19"><span class='ocrx_word' id='word_1_230' title='bbox 125 3129 144 3171; x_wconf 96' lang='grc' dir='ltr'><strong><em>ο</em></strong></span> <span class='ocrx_word' id='word_1_231' title='bbox 133 3099 361 3189; x_wconf 75' lang='grc' dir='ltr'><strong><em>Θεοδοσιος,</em></strong></span> <span class='ocrx_word' id='word_1_232' title='bbox 387 3095 490 3181; x_wconf 82' lang='grc' dir='ltr'><strong><em>αὐτὸς</em></strong></span> <span class='ocrx_word' id='word_1_233' title='bbox 514 3099 599 3190; x_wconf 85' lang='grc' dir='ltr'><strong><em>πρός</em></strong></span> <span class='ocrx_word' id='word_1_234' title='bbox 623 3096 684 3170; x_wconf 87' lang='grc' dir='ltr'><strong><em>τόν</em></strong></span> <span class='ocrx_word' id='word_1_235' title='bbox 702 3097 890 3190; x_wconf 85' lang='grc' dir='ltr'><strong><em>Γρατιανόν</em></strong></span> <span class='ocrx_word' id='word_1_236' title='bbox 913 3103 973 3188; x_wconf 78' lang='grc' dir='ltr'><strong><em>τῆς</em></strong></span> <span class='ocrx_word' id='word_1_237' title='bbox 997 3106 1094 3186; x_wconf 90' lang='grc' dir='ltr'><strong><em>νίκης</em></strong></span> 
     </span>
    </p>

    <p class='ocr_par' dir='ltr' id='par_1_12' title="bbox 86 3195 1197 3496">
     <span class='ocr_line' id='line_1_31' title="bbox 86 3195 1093 3372; baseline -0.001 -101"><span class='ocrx_word' id='word_1_238' title='bbox 86 3195 208 3290; x_wconf 71' lang='grc' dir='ltr'><strong><em>ωῆκεν</em></strong></span> <span class='ocrx_word' id='word_1_239' title='bbox 230 3197 434 3372; x_wconf 78' lang='grc' dir='ltr'><strong><em>αὐτάγγελος</em></strong></span> <span class='ocrx_word' id='word_1_240' title='bbox 458 3205 495 3272; x_wconf 83' lang='grc' dir='ltr'><strong><em>ἐν</em></strong></span> <span class='ocrx_word' id='word_1_241' title='bbox 512 3209 658 3294; x_wconf 73' lang='grc' dir='ltr'><strong><em>Παιονίη</em></strong></span> <span class='ocrx_word' id='word_1_242' title='bbox 681 3201 759 3271; x_wconf 86' lang='grc' dir='ltr'><strong><em>τότε</em></strong></span> <span class='ocrx_word' id='word_1_243' title='bbox 776 3201 944 3288; x_wconf 74' lang='grc' dir='ltr'><strong><em>διάγοντα.</em></strong></span> <span class='ocrx_word' id='word_1_244' title='bbox 981 3198 1093 3288; x_wconf 83' lang='grc' dir='ltr'><strong><em>ἀπαγ-</em></strong></span> 
     </span>
     <span class='ocr_line' id='line_1_32' title="bbox 126 3301 1197 3398; baseline -0.003 -24"><span class='ocrx_word' id='word_1_245' title='bbox 126 3331 165 3391; x_wconf 88' lang='grc' dir='ltr'><strong><em>γε</em></strong></span> <span class='ocrx_word' id='word_1_246' title='bbox 167 3311 240 3388; x_wconf 89' lang='grc' dir='ltr'><strong><em>ίλας</em></strong></span> <span class='ocrx_word' id='word_1_247' title='bbox 259 3303 297 3374; x_wconf 78' lang='grc' dir='ltr'><strong><em>δε</em></strong></span> <span class='ocrx_word' id='word_1_248' title='bbox 313 3302 376 3390; x_wconf 77' lang='grc' dir='ltr'><strong><em>τὴν</em></strong></span> <span class='ocrx_word' id='word_1_249' title='bbox 393 3330 414 3371; x_wconf 92' lang='grc' dir='ltr'><strong><em>ν</em></strong></span> <span class='ocrx_word' id='word_1_250' title='bbox 416 3309 540 3398; x_wconf 87' lang='grc' dir='ltr'><strong><em>κίην</em></strong></span> <span class='ocrx_word' id='word_1_251' title='bbox 508 3331 555 3372; x_wconf 89' lang='grc' dir='ltr'><strong><em>τω</em></strong></span> <span class='ocrx_word' id='word_1_252' title='bbox 541 3309 704 3391; x_wconf 77' lang='grc' dir='ltr'><strong><em>βασιλεῖ</em></strong></span> <span class='ocrx_word' id='word_1_253' title='bbox 726 3301 834 3373; x_wconf 78' lang='grc' dir='ltr'><strong><em>καί</em></strong></span> <span class='ocrx_word' id='word_1_254' title='bbox 798 3331 859 3374; x_wconf 93' lang='grc' dir='ltr'><strong><em>τον</em></strong></span> <span class='ocrx_word' id='word_1_255' title='bbox 876 3309 947 3373; x_wconf 88' lang='grc' dir='ltr'><strong><em>τῶν</em></strong></span> <span class='ocrx_word' id='word_1_256' title='bbox 963 3301 1091 3394; x_wconf 82' lang='grc' dir='ltr'><strong><em>βαρβά·</em></strong></span> <span class='ocrx_word' id='word_1_257' title='bbox 1097 3327 1197 3382; x_wconf 78' lang='lat' dir='ltr'><strong>P1134</strong></span> 
     </span>
     <span class='ocr_line' id='line_1_33' title="bbox 128 3399 1182 3496; baseline -0.002 -21"><span class='ocrx_word' id='word_1_258' title='bbox 128 3433 200 3496; x_wconf 91' lang='grc' dir='ltr'><strong><em>ρων</em></strong></span> <span class='ocrx_word' id='word_1_259' title='bbox 225 3400 526 3494; x_wconf 85' lang='grc' dir='ltr'><strong><em>εὐαγγελισάμενος</em></strong></span> <span class='ocrx_word' id='word_1_260' title='bbox 549 3403 713 3496; x_wconf 79' lang='grc' dir='ltr'><strong><em>ὄλεθρον,</em></strong></span> <span class='ocrx_word' id='word_1_261' title='bbox 735 3400 904 3494; x_wconf 76' lang='grc' dir='ltr'><strong><em>ἀπιστεῖτο</em></strong></span> <span class='ocrx_word' id='word_1_262' title='bbox 927 3405 982 3474; x_wconf 80' lang='grc' dir='ltr'><strong><em>ὃιά</em></strong></span> <span class='ocrx_word' id='word_1_263' title='bbox 999 3431 1035 3474; x_wconf 93' lang='grc' dir='ltr'><strong><em>τε</em></strong></span> <span class='ocrx_word' id='word_1_264' title='bbox 1053 3399 1127 3474; x_wconf 73' lang='grc' dir='ltr'><strong><em>τόΑ</em></strong></span> <span class='ocrx_word' id='word_1_265' title='bbox 1179 3431 1182 3436; x_wconf 82' lang='grc'><strong>’</strong></span> 
     </span>
    </p>
   </div>
   <div class='ocr_carea' id='block_1_3' title="bbox 180 3516 889 3589">
    <p class='ocr_par' dir='ltr' id='par_1_13' title="bbox 180 3516 889 3589">
     <span class='ocr_line' id='line_1_34' title="bbox 180 3516 889 3589; baseline -0.003 -5"><span class='ocrx_word' id='word_1_266' title='bbox 180 3549 302 3589; x_wconf 68' lang='lat' dir='ltr'>motum</span> <span class='ocrx_word' id='word_1_267' title='bbox 320 3550 365 3584; x_wconf 78' lang='grc' dir='ltr'><strong><em>ττι.</em></strong></span> <span class='ocrx_word' id='word_1_268' title='bbox 849 3516 889 3582; x_wconf 84' lang='lat'><strong><em>15</em></strong></span> 
     </span>
    </p>
   </div>
   <div class='ocr_carea' id='block_1_4' title="bbox 0 0 1294 3816">
    <p class='ocr_par' dir='ltr' id='par_1_14' title="bbox 0 0 1294 3816">
     <span class='ocr_line' id='line_1_35' title="bbox 0 0 1294 3816; baseline 0 2"><span class='ocrx_word' id='word_1_269' title='bbox 0 0 1294 3816; x_wconf 95' lang='lat' dir='ltr'><strong><em> </em></strong></span> 
     </span>
    </p>
   </div>
  </div>
 </body>
</html>
