2562 3814
352 145 356 156 ’
393 144 791 200 LIB.v111.cAP.111.1v.
1013 141 1072 207 181

104 281 125 376 ἢ
143 287 200 356 καλ
216 280 335 355 όδούσι
347 283 560 373 φθειρόντων
577 282 738 367 πολλούς·
765 285 908 366 καὶτοῖς
934 284 1012 354 ποσὶ
1037 283 1074 354 δέ

105 384 146 460 ού
164 394 282 478 μείους
299 381 475 472 κατηλόων
491 389 799 476 συμπατουμένους.
836 388 945 458 καλοί
960 389 1073 468 ίππεῑς

106 490 143 561 δὲ
168 485 371 578 ἐφεπόμενοι
395 487 540 568 πολλοὺς
564 494 747 578 ἔφθειρον
780 485 855 557 οὐδ’
875 482 920 558 δν
935 485 1074 558 ὑπελεί-

107 603 180 680 φδη
196 618 265 679 τις,
292 595 325 659 εί
345 585 392 677 μὴ
411 589 531 678 ἐλέφας
553 591 697 679 τρωθείς
714 586 814 672 αὐτός
831 616 868 659 τε
887 587 1073 678 ἐσφάδαζεν

87 711 99 750 ⁵
114 695 149 761 ἐκ
165 696 221 762 τού
237 687 424 782 τραύματος
437 691 494 759 καί
507 693 543 760 οἱ
553 685 647 761 ἄλλοι
664 690 747 781 πρός
764 689 823 773 τὰς
842 693 973 762 ἐκείνου
992 689 1073 779 βοὰς

117 789 337 881 ἐταράσσοντο.
385 788 439 860 διδ
462 791 560 863 τοῦτο
583 789 649 881 γὰρ
671 790 690 862 ό
714 789 852 884 Πύρρος
874 793 994 880 ἐπέσχε
1010 789 1073 880 τὴν

117 897 238 982 δίωξιν,
261 895 318 964 καὶ
342 889 449 973 οὕτως
466 897 502 962 οί
512 891 665 982 Ῥωμαῖοι
683 890 918 984 διαβεβηκότες
935 889 996 964 τόν
1012 918 1074 963 πο-

111 995 209 1084 ταμόν
232 1001 279 1076 είς
292 992 477 1066 Ἀπουλίδα
503 992 602 1066 πόλιν
625 994 701 1064 τινὰ
718 992 955 1084 ἀπεσώθησαν.
991 1003 1073 1065 πολ-

108 1098 156 1167 λολ
188 1096 227 1166 δὲ
258 1099 315 1166 καὶ
345 1099 413 1166 τών
437 1102 499 1167 τοῦ
523 1094 666 1186 Πύρρου
690 1099 902 1187 στρατιωτῶν
925 1097 982 1167 καὶ
1004 1098 1074 1167 τών

74 1214 95 1255 1⁰
106 1193 280 1288 ἡγεμόνων
311 1194 547 1287 πεπτώκασιν,
585 1195 672 1268 ώστε
701 1194 952 1288 συγχαιρόντων
983 1193 1073 1290 αύτῷ

104 1304 159 1389 τῆς
189 1305 289 1388 νίκης
319 1305 421 1370 τινών
446 1297 502 1369 “el
524 1299 579 1368 καὶ
604 1290 705 1381 αὖθίς
735 1323 816 1370 ποτε
839 1291 984 1388 ὁμοίως”
1010 1305 1074 1387 ἔφη

101 1399 352 1492 “ιιρατήσομεν,
379 1396 629 1491 ἀπολούμεθα.”
665 1399 744 1482 τούς
767 1402 881 1491 μέντοι
893 1397 1073 1490 Ῥωμαίους

103 1505 158 1572 καὶ
174 1504 383 1590 νικηθέντας
400 1501 614 1591 ἐθαύμασεν,
633 1500 737 1573 εἰπών
753 1499 804 1572 ότι
818 1499 901 1590 “τήν
919 1502 1106 1591 οίκουμέ-Ι)

104 1633 165 1694 νην
196 1599 245 1674 ἂν
275 1607 387 1674 πᾶσαν
419 1601 664 1693 ἐχειρωσάμην,
703 1610 735 1675 εί
757 1601 930 1694 Ῥωμαίων
961 1605 1075 1692 ἐβασί-

70 1701 236 1777 1λλευον.”

201 1804 241 1877 ‘0
264 1805 327 1896 μὲν
351 1795 416 1876 οὖν
433 1803 569 1897 Πύρρος
595 1808 649 1876 ἐπὶ
670 1809 713 1898 τη
735 1813 813 1898 νίκη
832 1808 917 1897 μέγα
935 1811 1075 1896 ἔσχηκεν

107 1903 231 1996 ὄνομα,
256 1909 313 1978 καὶ
331 1907 449 1978 πολλοὶ
468 1905 559 2002 αύτῷ
578 1905 856 1998 προσεχώρησαν,
882 1911 917 1978 οί
931 1934 968 1977 τε
986 1905 1074 1996 σύμ-

110 2035 205 2098 μαχοι
235 2006 398 2098 ἀφίκοντο
421 2007 503 2098 πρὸς
526 2004 645 2081 αύτόυ·
684 2005 735 2090 οἷς
754 2007 851 2097 ὀλίγα
881 2006 1075 2096 ἐπιτιμήσας

109 2106 163 2180 διδ
178 2109 243 2199 τὴν
260 2111 439 2200 μέλλησιν,
457 2114 525 2181 τών
543 2107 680 2181 σκύλων
696 2110 898 2199 μετέδωκεν·
933 2111 967 2177 οί
983 2106 1013 2178 δ’
1036 2105 1106 2177 ἐν4

72 2224 95 2265 ²³
107 2214 147 2302 τῇ
158 2206 269 2303 Ῥώμη
291 2209 445 2300 ἤλγησαν
468 2213 523 2282 ἐπὶ
546 2215 588 2302 τῇ
605 2207 705 2302 ἥττη,
727 2215 773 2303 τῷ
791 2211 832 2280 δέ
846 2237 885 2297 χε
901 2191 1108 2302 ΛαουινίμΨ
1115 2191 1178 2312 114}

105 2311 296 2404 στράτευμα
322 2319 491 2402 ἐπεμφαν,
515 2311 649 2384 καὶτὸν
671 2313 827 2402 Τιβέριον
846 2313 882 2381 ἐκ
897 2311 968 2380 τών
990 2319 1075 2396 Τυρ-

105 2422 223 2503 σηνών
245 2416 514 2504 μετεπέμψαντο,
544 2417 601 2484 καὶ
630 2411 691 2504 τὴν
721 2412 820 2485 πόλιν
844 2412 900 2484 διδ
922 2417 1076 2503 φυλακῆς

105 2513 325 2606 ἐποιήσαντο,
350 2513 606 2606 πυνθανόμενοι
629 2511 683 2586 ἐπ’
717 2512 826 2605 αὐτὴν
848 2513 907 2587 τόν
935 2511 1077 2604 Πύρρον

106 2619 314 2706 ἐπείγεσθαι.
363 2615 382 2687 δ
412 2619 527 2708 μέντοι
544 2622 726 2700 Λαουίνιος
755 2614 834 2699 τούς
864 2622 1010 2696 οίκείονς
1039 2641 1077 2685 τε

74 2725 316 2809 ’ὅτραυματίας
350 2717 606 2810 ἐξακεσύμενος,
637 2719 693 2789 καὶ
723 2717 802 2800 τούς
827 2719 1076 2796 σκεδασθέντας

105 2817 330 2909 συναγαγών,
361 2817 429 2910 ἥδη
459 2822 515 2890 καὶ
544 2826 613 2891 τών
644 2823 680 2890 έκ
699 2815 821 2910 Ῥώμης
850 2819 1180 2908 πεμφθέντωυΡΙεεε

105 2915 338 3012 ἀφικομένων,
361 2918 422 2993 τόν
440 2919 579 3012 Πύρρου
603 2919 836 3011 παρεπόμενας
861 2917 992 2990 ἐλύπει·
1020 2919 1078 2987 καὶ

105 3021 167 3110 τὴν
185 3020 334 3110 Καπύην
355 3021 478 3112 μαθών
502 3025 592 3094 ἑλεῖν
608 3020 824 3113 γλιχόμενον,
849 3021 1077 3108 προκατέλαβε

107 3125 162 3192 καί
196 3121 373 3213 ἐφύλαξεν.
423 3123 580 3214 δμαρτών
605 3121 638 3194 δ’
664 3128 794 3214 ἐκείνης
816 3121 835 3195 ὁ
859 3119 996 3214 Πύρρος
1022 3123 1078 3192 ἐπὶ

73 3223 170 3312 λιτὴν
188 3222 364 3295 Νεώπολιν
387 3221 550 3317 ώρμησεν.
593 3220 638 3308 ώς
663 3222 694 3295 δ’
722 3221 823 3298 ούδὲν
840 3221 915 3296 οὐδ’
938 3228 975 3296 έν
993 3219 1077 3316 αὕτη

110 3457 142 3506 40
172 3388 245 3507 2(lap.
263 3393 288 3442 4.
314 3390 413 3441 Dionis
426 3389 569 3442 Historiae
587 3390 729 3443 Romanae
752 3391 818 3442 libri
836 3390 951 3457 perditi:
978 3389 1077 3454 fragm.

145 3494 152 3518 ‚
224 3471 264 3522 sq.
