2580 3816
202 169 269 236 274
523 171 595 222 τοι.
613 171 686 224 x1v.
706 169 784 224 οΑΡ.
802 171 850 223 v1.

208 311 330 400 ἑκάστη
347 315 417 380 τῶν
434 309 567 380 πόλεων
585 315 743 385 δίδοσθαι
755 309 900 398 σιτήσεις
912 323 984 392 τοϊς
1002 313 1039 381 έν
1057 306 1184 394 αὐταῖς

207 411 420 492 διδασκάλοις
449 415 519 480 τῶν
550 415 695 499 λογικῶν
733 418 863 500 τεχνῶν
897 409 1086 500 ὑποθήκαις
1115 418 1184 482 τοῦ

208 512 358 604 ἐπάρχου
382 512 535 600 ἐξέκοψε,
559 513 617 582 καί
641 511 731 583 οὕτω
756 515 827 583 τῶν
845 515 882 583 ἐν
898 527 973 594 ταίς
990 513 1108 585 πόλεσι
1125 519 1181 582 δι-

207 619 418 686 δασκαλείων
442 613 672 702 έσχολακότῶν
703 612 861 704 ἀγροικία
889 617 959 684 τῶν
991 617 1028 684 ἐν
1058 612 1182 696 αάταῑς

173 715 441 806 οκατεκράτησε.
476 715 561 784 κατά
580 741 624 834 γε
644 713 715 805 μήν
738 714 777 784 τὸ
803 715 1081 816 ἑπτακαιδέκατον
1106 721 1211 798 έτος5

206 823 266 908 τής
292 822 463 906 βασιλείας
486 813 594 886 αὐτοῦ
618 814 716 886 καὶ’
699 844 718 886 ο
744 814 864 888 κίον
847 843 865 886 ο
883 815 1035 906 μίγας,“
1018 845 1055 899 ος
1074 819 1112 887 έν
1128 823 1180 910 τῷ

207 925 382 1012 προαυλίυ
406 923 469 987 τοῦ
492 916 641 1006 μεγάλου
669 946 754 990 ναου
741 922 988 1008 καθίδρυται,
1005 888 1181 989 τετελείῶ-

206 1048 271 1108 ται,
295 1017 354 1106 ἐφ’
375 1011 483 1108 οὗπερ
508 1024 634 1089 οίκείον
658 1017 846 1110 ἀνδριάντα
872 1024 1019 1108 ἔφιππον
1042 1011 1142 1100 οὗτος
1159 1017 1180 1088 5

207 1119 367 1210 βασιλεύς
385 1117 631 1210 άνεστήλοισεν,
659 1126 809 1211 ἔνθαπερ
835 1119 956 1212 πρλν”
935 1147 1047 1212 οτερος
1064 1125 1180 1190 ιστατο

208 1230 293 1292 κίων
315 1228 377 1290 τοῦ
400 1221 550 1311 μεγάλου
576 1227 761 1293 Θεοδοσίου
785 1223 900 1310 φέρων
917 1221 1044 1310 στήλην
1062 1219 1133 1306 ἐξ’
1113 1249 1178 1310 αρ·
1194 1242 1222 1282 10

208 1323 319 1415 γάρου
337 1323 565 1412 πεποιημένην
582 1321 673 1414 παρά
690 1329 752 1393 τοῦ
772 1325 904 1394 ἐκείνου
923 1321 1042 1404 παιδός
1057 1319 1178 1414 Ἀρκα-

167 1469 171 1476 ·
209 1431 300 1514 δίου,
307 1428 474 1495 ἕλκουσαν
488 1423 642 1514 σταθμόν
655 1431 778 1516 λιτρῶν
793 1426 1049 1547 ἑπτακισχιλίων
1060 1451 1180 1515 τετρα-

209 1523 387 1615 κοσίυν,“
364 1554 409 1615 ην
426 1524 584 1597 καθελῶν
598 1528 725 1608 ἐκεῖνος
738 1523 821 1614 μετά
833 1552 894 1596 του
881 1531 1028 1608 ”κίονος
1044 1525 1100 1594 καὶ
1116 1523 1181 1594 τόν

211 1627 363 1720 άργυρον
386 1624 596 1716 ἀφελόμενος
625 1625 687 1696 τδν
717 1633 784 1697 νῶν
815 1625 990 1751 ὀρόμενον
1012 1625 1095 1718 μετά
1120 1629 1181 1714 τής

211 1735 337 1810 οἰκείας
355 1723 516 1816 στήλης’
495 1726 653 1818 ανήγειρε
669 1733 778 1799 κίονα.
822 1723 908 1817 άλλά
926 1729 983 1798 καί
999 1726 1104 1798 δλκδν
1120 1729 1221 1817 μέ·-15

210 1850 325 1918 γιστον
350 1832 386 1898 έκ
409 1833 575 1917 μολίβδου
600 1830 873 1920 ἐξειργασμένον,
897 1827 943 1898 δι’
969 1822 1013 1899 οὗ
1030 1856 1067 1900 το
1056 1828 1182 1919 ὕδωρ

211 1937 259 2011 είς
282 1929 346 2018 τήν
362 1928 462 1999 πόλιν
481 1929 649 2018 εἰσήγετο,
668 1931 890 2019 καταλέλυκε,
908 1933 1090 2019 πολλήςέν
1108 1943 1183 2010 ταῖς

177 2036 412 2120 Βοίκοδομαίς
434 2036 494 2120 τής
515 2031 600 2121 όλης
623 2031 744 2121 ταύτης
767 2031 937 2122 δεόμενος.
981 2032 1038 2102 καί
1060 2029 1183 2111 κλόνος

211 2133 250 2206 δέ
267 2129 343 2204 τότε
359 2137 418 2222 τής
435 2139 498 2223 γής
511 2133 638 2222 συνέβη
652 2129 892 2226 σφοδρότατος,
908 2135 941 2217 έξ
954 2125 998 2203 05
1012 2131 1183 2203 συνεπτῶ·

211 2246 258 2324 θη
276 2235 337 2325 τής
354 2241 504 2320 Κυζίκου
520 2235 558 2305 τδ
575 2231 688 2324 ήμισυ.
725 2239 905 2326 ἱστορεῖται
921 2237 961 2304 δέ
975 2261 1024 2316 τις
1040 2233 1115 2303 τότε
1132 2237 1182 2326 τῷ
1197 2251 1222 2293 ²⁰

193 2343 384 2430 ΙΒυζαντίχο
419 2339 620 2425 ἐπιδημῆσαι
662 2338 770 2406 ἕλκων
811 2335 901 2406 κάνα
939 2333 1184 2426 τερατουργόν·

213 2444 349 2508 πολλῶν
372 2435 439 2524 γάρ
464 2444 513 2518 είς
536 2437 623 2506 θέαν
648 2435 754 2508 αὐτοῦ
778 2437 1018 2527 συνηγμένον,
1043 2437 1184 2504 έδίδουν

213 2544 350 2618 πλείους
381 2539 418 2605 ἐκ
447 2537 576 2606 τούτων
606 2537 686 2620 τούς
718 2540 848 2610 ἑαυτῶν
878 2543 1100 2624 δακτυλίους,
1126 2536 1185 2605 καί

213 2638 337 2719 πάντες
354 2635 443 2726 ὁμοῦ
467 2637 532 2762 πρό
552 2645 614 2708 τοῦ
632 2638 735 2722 κυνός
752 2644 991 2713 κατετίθεντο.
1015 2635 1088 2709 55‘
1107 2639 1183 2707 έκέ·

213 2739 329 2812 λεάετο
347 2737 432 2831 πρὸς
449 2745 513 2810 τοῦ
529 2748 650 2831 κυρίου
669 2739 778 2812 αὐτοῦ
793 2740 919 2836 ἑκάστῳ
936 2739 1185 2866 παρεσχηκέναι
1196 2755 1224 2798 2⁵

213 2841 275 2918 τὸν
301 2846 405 2929 ίδιον,
428 2843 485 2920 καί
502 2844 551 2934 τῶ
574 2841 714 2932 στόματι
738 2842 921 2946 λαμβάνων
947 2837 1076 2924 αάτοδς
1099 2833 1183 2910 καθ’

216 2947 277 3014 ἕνα
301 2941 462 3024 ἀπλανῶς
488 2941 614 3037 ἑκάστῳ
638 2943 698 3014 τόν
722 2939 848 3014 οἰκεῖον
872 2945 1096 3034 προσένειμε
1128 2942 1187 3011 καὶ

212 3039 318 3126 αὖθις
341 3045 582 3135 προσετάττετο
609 3047 716 3128 δείξαι
738 3053 788 3126 τίς
811 3044 930 3134 μέν’
887 3045 1043 3133 ου’πορος
1060 3035 1129 3166 ήν,
1133 3049 1186 3124 τίς

214 3147 254 3216 δέ
278 3147 381 3232 πενης
399 3174 420 3234 η
443 3152 495 3227 τίς
517 3143 630 3236 πόρνη
650 3152 721 3216 τῶν
743 3153 918 3234 γυναικῶν
940 3143 962 3234 5
989 3151 1069 3214 ποία
1087 3144 1185 3235 χήρα,

214 3254 289 3332 τίς
290 3245 328 3315 δὲ
355 3248 600 3336 συνεζευγμένη
624 3245 741 3339 άνδρί,
713 3249 824 3318 ίκαλ
842 3251 938 3337 ἕτερα
954 3252 1108 3332 τοιαῦτα,
1126 3245 1186 3314 καὶ
1199 3259 1225 3299 ³⁰

113 3362 208 3413 P1164
216 3371 327 3416 ποντα
363 3350 536 3418 ἐδείκνυεν
566 3347 818 3438 άνεπισφαλῶς,
849 3348 991 3419 ἑκάστου
1026 3346 1112 3452 πρός
1146 3345 1184 3416 τδ

181 3429 370 3534 Αε’ρῶτημα
386 3447 424 3518 τδ
443 3448 575 3536 ίμάτιον
593 3451 741 3539 κατέχων
758 3457 806 3544 τῶ
824 3450 970 3540 στόματι.
