2558 3820
182 136 247 202 355
507 137 626 192 mm
643 139 859 193 cmuvn.

183 284 219 349 οί
241 279 278 350 δὲ
302 281 372 351 πάν
397 275 416 348 δ
444 278 509 368 τήν
539 281 672 350 ἐκείνου
702 278 850 369 δύναμιν
871 278 988 363 αὔξειν
1018 285 1155 368 ἔμελλεν

139 471 144 479 ⁶
185 388 355 472 ἔπραττον.
393 379 464 451 εἶτα
481 381 538 451 καὶ
561 385 659 471 ἕτερα
676 379 823 454 Κελτικά
838 379 979 470 νικήσας
996 387 1081 470 ἔθνη
1098 382 1154 450 καί

183 479 244 554 τδν
255 481 373 572 Ῥήνου
384 480 584 573 γεφυρώσας
596 489 728 577 στρατῷ
740 486 846 572 διέβη.
879 481 1058 554 έτείθενδ
1079 485 1155 552 ἐπα·

185 582 344 670 ναζεύξας
360 583 423 674 τήν
439 587 499 674 τῆς
515 583 635 668 παιδὸς
651 583 758 656 αὐτοῦ
774 583 945 674 τελευτήν,
963 579 986 674 ἣ
1001 589 1048 678 τῷ
1061 595 1157 675 Πομ-

185 691 276 782 πηίφ
293 685 440 781 συνςύκει
465 684 660 776 μεμάθηκε,
684 690 741 757 καλ
757 685 809 758 ὅτι
825 694 985 758 τίκτουσα
1000 691 1184 775 τίθνηαε,ε

185 790 242 858 καλ
260 787 305 870 άς
322 783 396 877 μετ’
415 785 532 878 ὀλίγον
543 791 601 858 καλ
614 786 653 859 τδ
666 789 789 879 τεχθέν
802 791 977 880 έπαπήλθε
992 793 1033 878 τῇ
1046 795 1157 878 μητρί.

189 885 208 961 δ
231 891 294 980 μέν
310 881 375 962 οὖν
395 899 525 981 Καίσαρ
542 893 599 960 καλ
616 888 635 961 ὁ
651 888 827 981 Πομπήιος
843 893 970 971 πένθος
987 896 1085 980 έσχον
1102 891 1159 960 έπλ

83 999 229 1084 mem}
243 997 412 1085 συμφορᾷ,
431 993 487 1062 καλ
501 997 538 1062 οί
546 997 640 1082 φίλοι
658 989 692 1063 δ’
710 989 838 1083 άμφολν
854 994 985 1082 βαρέως
997 990 1034 1062 τὸ
1047 989 1159 1074 πάθος

187 1093 354 1184 ἤνεγκαν,
385 1088 430 1176 ὥς
447 1100 509 1164 τοῦ
535 1097 729 1184 συνδέσμου
757 1096 943 1185 λελυμένου
964 1099 1023 1182 τῆς
1045 1091 1159 1164 αὐτῶν

187 1195 395 1285 οίιιειάτητος.
1170 1225 1197 1266 ιο

150 1299 168 1364 7
255 1295 343 1388 Ἤδη
353 1299 391 1368 δὲ
403 1299 505 1388 μέγας
518 1292 537 1367 δ
553 1305 684 1386 Καῖσαρ
698 1296 878 1386 γενίμενος
887 1299 943 1368 καὶ
957 1297 1158 1386 τήνοίκείαν

188 1398 291 1486 δόξαν
309 1398 433 1492 έπάρας
451 1404 488 1470 ἐκ
505 1403 573 1470 τῶν
591 1397 881 1490 κατορθωμάτων,
903 1397 1158 1487 άπαγωνιστήν

187 1509 357 1596 Πομπηίῳ
392 1497 513 1572 ἑαυτὸν
547 1499 782 1590 κατεστήσατο.
836 1503 895 1572 καλ
924 1498 1085 1590 Κράσσου
1120 1503 1159 1571 έν

188 1602 342 1695 Πάρθοις
358 1600 586 1692 ἀπολωλότος,
610 1599 648 1684 ὃς
665 1609 807 1693 ἔφεδρος
824 1601 915 1697 αύτῷ
938 1631 976 1673 τε
991 1603 1048 1672 καὶ
1066 1611 1159 1691 Πομ·
1252 1611 1258 1617 ’

188 1712 278 1799 πηίφ
293 1706 471 1793 ἐλέλειπτο,
489 1703 669 1776 καταλύειν
688 1707 824 1794 ἐμελέτα
838 1703 1026 1794 Πομπήιον,
1044 1699 1198 1778 adast-1⁵

188 1833 247 1888 νος
265 1794 369 1887 αύθις
386 1803 445 1877 τδν
462 1813 626 1898 Καίσαρα.
661 1813 721 1896 τῆς
739 1806 778 1877 δὲ
794 1813 962 1889 πολιτείας
979 1803 1159 1894 νοσούσης,

188 1909 245 1980 καὶ
262 1910 331 1978 τῶν
348 1903 450 1998 άρχάς
472 1908 655 1998 μετιόντων
672 1905 875 1998 ὠνουμένων
898 1905 1017 1997 αύτάς,
1041 1909 1104 1978 τού
1121 1907 1159 1978 δὲ

190 2006 300 2099 δήμου
322 2003 409 2100 ύπλρ
432 2017 501 2080 τῶν
527 2008 725 2082 δεδωκότων
747 2007 789 2080 ού
813 2009 939 2101 ψήφοις
964 2010 1158 2100 χρωμένων,

159 2107 270 2184 Βάλλ’
289 2107 421 2202 ὅπλοις,
438 2114 495 2183 καὶ
512 2115 572 2201 τής
589 2111 717 2193 πόλεως
735 2109 781 2194 ὥς
798 2107 1032 2203 άκυβερνήτον
1048 2115 1159 2192 κακῶς

190 2214 394 2304 φερομένης,
418 2229 487 2298 τοϊς
510 2217 779 2304 νουνεχεστέροις
801 2209 974 2304 άγαιιητὸν
999 2211 1104 2284 έδύκει
1122 2218 1200 2283 είεο

189 2312 272 2407 πρὸς
301 2322 489 2406 μοναρχίαν
512 2320 549 2386 έα
578 2313 739 2386 τοσούτου
770 2313 942 2398 κλύδωνος
972 2317 1030 2386 καὶ
1057 2311 1102 2404 μή
1125 2343 1159 2384 τι
1252 2355 1255 2362 ·

190 2430 304 2506 χεῖρον
322 2424 497 2506 περισταίη
513 2413 551 2486 τὸ
568 2421 626 2507 τῆς
639 2414 764 2507 Ῥάμης
777 2423 972 2508 πολίτευμα,
991 2415 1037 2498 ὡς
1049 2413 1159 2498 άλλως

190 2513 358 2605 άνήκεστα
379 2524 498 2606 σφίσιν
523 2517 610 2589 είναι
627 2515 667 2589 τά
684 2516 876 2610 πράγματα·
900 2524 1020 2610 γρήναι
1043 2519 1082 2588 δὲ
1097 2519 1159 2588 τοῦ
1275 2521 1276 2524 '

190 2615 380 2709 πρᾳοτάτου
403 2623 472 2690 τῶν
497 2624 622 2708 ἰατρῶν
645 2616 855 2710 ἀνασχέσθαι
876 2619 913 2691 τό
937 2618 1048 2701 πάθος
1065 2621 1160 2690 τουτὶ

190 2717 483 2811 φαρμακεύοντος,
518 2719 770 2812 ὑποδηλοῦντες
806 2721 848 2812 δή
877 2721 938 2793 τδν
968 2717 1159 2812 Πομπήιου.
1172 2749 1202 2792 εε

191 2817 345 2904 κάκεϊνος
359 2823 485 2912 μέντοι,
504 2829 535 2895 εί
547 2825 603 2895 καὶ
620 2821 710 2918 λάγφ
724 2835 964 2916 παραιτεῖσθαι
976 2821 1039 2912 τήν
1051 2819 1160 2914 ιἰρχήν

188 2916 406 3016 ύποκρίνετο,
432 2920 508 2995 ἄλλ’
527 2921 578 3007 οίς
596 2929 701 2997 έποίει
719 2931 863 2998 ἔσπευδε
888 2922 1052 3016 δικτάτωρ
1075 2922 1162 2995 άνα-

191 3023 442 3114 δειχθήσεσθαι.
491 3031 549 3097 ἵνα
576 3031 661 3115 γοῦν
689 3025 735 3117 μή
765 3025 919 3116 βιάσαιτο
943 3028 1162 3118 ψηφισθῆναι

190 3123 372 3220 δικτάτωρ,
399 3124 528 3199 ὕπατον
546 3125 651 3200 αύτδν
668 3127 773 3219 μόνον
790 3128 811 3218 ἡ
828 3136 989 3222 γερουσία
1006 3126 1163 3220 προυβά-

190 3233 276 3313 λετο,
294 3230 337 3316 τῇ
349 3235 513 3323 μοναρχία
526 3233 806 3324 παρηγορουμέυη
819 3229 940 3306 τούτου
953 3230 1015 3322 τήν
1028 3237 1160 3321 ἔφεσιν.
1174 3260 1206 3302 so

259 3454 325 3524 Gap.
340 3461 364 3512 7.
388 3460 532 3512 Plutarchi
545 3461 650 3514 Caesar
663 3480 687 3516 ο.
701 3463 821 3519 28-34.
