2566 3812
169 113 253 196 280ι
453 113 525 168 Lm.
537 111 586 166 1x.
607 113 684 164 ειν.
696 113 730 162 x.
743 66 790 164 ει.

169 255 262 335 τέλος
275 245 421 336 ’πάντες
439 247 517 342 μέν”
537 245 755 341 ἕφη“θανεῐν
768 253 841 322 ἐστε
853 247 951 340 άξιοι,
968 245 1008 321 οδ
1026 253 1140 340 με’ντοι

170 353 296 438 πάντας
314 354 503 426 δαυατώσω
521 347 639 441 αὐτός,
663 349 732 424 ἀλλ’
759 351 894 441 ὀλίγους
916 345 975 434 οὓς
999 353 1055 422 καὶ
1072 351 1139 442 ἤδη

170 463 361 547 σννείληφα
380 454 560 544 δικαιώσω,
578 455 654 536 τοὺς
669 455 707 526 δὲ
720 451 843 536 άλλονς
861 449 1011 544 άφίημι.”
1035 457 1140 526 ταῦτα

171 558 276 630 είπών
295 565 342 640 είς
365 556 404 628 τὸ
428 558 531 646 μέσον
554 554 632 638 τους
651 557 850 647 δεδεμένους
868 553 1058 644 παρήγαγε,
1083 558 1139 628 καὶ

170 675 328 750 σταυροῖς
346 656 538 748 προσδήσας
557 659 613 730 καί
631 655 844 748 αἰκισάμενος
862 651 1067 728 άπέκτεινεν.
1094 651 1166 739 ώςε

171 763 212 832 δέ
220 789 308 844 τινες
320 766 388 830 τών
402 755 659 850 παρεστηκότων
671 756 961 848 ἀγανακτήσαντες
975 756 1140 848 ἐδορόβη·

169 883 246 952 σαν,
272 859 417 952 σνηνούς
442 863 498 932 καὶ
524 863 663 933 ἐκείνων
687 857 833 933 ἐκόλασε.
869 861 925 930 καὶ
943 858 1024 950 μετὰ
1042 865 1139 930 τοῦτο

139 962 231 1056 (ἔτην
255 961 470 1055 μισθοφοράν
493 979 562 1046 τοῖς
586 961 697 1046 ἄλλοις
717 961 800 1044 δοὺς
823 962 877 1032 ἐπὶ
893 958 952 1033 τόν
965 959 1140 1050 Ἰνδίβιλιν
1249 1029 1253 1034 .

170 1069 226 1138 καὶ
240 1068 294 1136 ἐπὶ
305 1063 365 1136 τὸν
377 1063 578 1137 Μανδόνιον
591 1061 798 1154 ἐστράτευσε.
812 1059 926 1152 καὶμὴ
940 1059 1140 1152 τολμώντων

170 1170 310 1238 ἐκείνων
327 1170 487 1257 συμμίξαι
501 1163 604 1258 αὐτῷ,
623 1161 723 1248 αότδς
737 1166 876 1236 ἐπίθετο
897 1165 953 1234 καὶ
973 1167 1135 1252 ἐνίκησεν.
1154 1199 1181 1240 ω

241 1265 538 1358 Ὁμολογησάντων
557 1265 585 1336 δ’
607 1271 765 1353 ἐκείνων,
783 1268 840 1336 καὶ
857 1269 916 1355 της
933 1261 1035 1354 ἄλλης
1055 1263 1138 1354 Ἰβη

170 1378 244 1459 ρίας
266 1369 307 1440 τά
333 1375 436 1440 πλείω
461 1359 561 1450 αὖθις
588 1367 782 1457 ἐδουλώθη,
816 1368 872 1438 καὶ
896 1365 913 1438 ὁ
937 1364 1071 1456 Μάγων
1100 1366 1140 1438 τά

169 1470 316 1561 Γάδειρα
342 1473 486 1557 ἐξέλιπε,
512 1468 609 1540 καὶὸ
636 1476 851 1550 Μασινίσσας
880 1483 951 1552 τοῖς
968 1465 1139 1557 Ῥωμαίοις

170 1569 438 1663 προσεχώρησεν.
474 1575 509 1642 οί
529 1571 759 1661 Καρχηδόνιοι
777 1568 859 1661 γάρ,
883 1567 1140 1658 τελευτήσαντος

167 1669 356 1760 Ἀσδρούβα
373 1675 436 1744 τοῦ
450 1667 606 1762 Ἀννίβου
623 1671 821 1762 ὀμαίμονος,
844 1673 1056 1762 ἐψηφίσαντο
1082 1675 1139 1759 τῆς
1155 1704 1183 1745 1⁵

169 1775 231 1864 μὲν
251 1770 393 1864 Ἰβηρίας
412 1777 586 1862 ἐκστῆναι,
612 1775 652 1844 τά
677 1774 714 1844 δὲ
739 1777 775 1845 ἐν
799 1775 841 1862 τῇ
855 1768 975 1865 Ἰταλίᾳ
999 1767 1140 1862 άνακτή·

170 1887 305 1947 σασθαι·
330 1877 385 1946 καὶ
411 1881 562 1966 ἔπεμψαν
579 1871 741 1966 άργόριον
763 1881 810 1968 τῷ
829 1872 985 1964 Μάγωνι,
1003 1871 1043 1946 ἵν’
1072 1877 1139 1946 ἐπι-

68 1976 343 2067 W1192uov9tx6v
360 1973 523 2064 άθροίσας
541 1973 782 2066 στρατεύσηται
806 1973 854 2048 ἐπ’
875 1971 992 2064 ου’τήν.
1030 1977 1086 2046 καὶ
1104 1967 1140 2056 ός
1253 2011 1257 2016 ·

169 2077 251 2169 πρὸς
274 2071 336 2167 την
355 2076 500 2150 Ἰταλίαν
523 2069 626 2160 αὖθις
650 2075 798 2168 ὁρμήσας
816 2075 954 2166 ἄφίκετο
979 2073 1062 2168 πρός
1080 2075 1139 2158 τάς

134 2187 365 2270 Ι)Γυμνησίας
382 2177 516 2269 νήσους.
541 2181 598 2250 καὶ
615 2185 675 2266 τῆς
692 2179 755 2269 μὲν
771 2186 920 2267 μείζονος
937 2175 1075 2268 ἥμαρτε,
1092 2173 1138 2267 μὴ
1153 2209 1183 2251 εο

171 2283 333 2370 δυνηθεὶς
353 2288 400 2362 είς
418 2277 527 2368 αότην
549 2283 705 2370 κατάραι,
733 2285 769 2350 οί
783 2276 847 2370 γάρ
871 2276 1041 2370 ἐπιχώριοι
1058 2276 1140 2368 πόρ·

169 2395 284 2472 ρωθεν
298 2386 332 2463 ἐς
344 2381 402 2464 τὰς
416 2387 500 2462 ναῦς
520 2379 749 2471 ἐσφενδόνων,
767 2377 936 2470 κράτιστοι
947 2383 1046 2452 τοῦτο
1064 2405 1140 2451 ποι-

170 2499 221 2554 εῖν
251 2480 365 2570 ὄντες,
389 2488 436 2566 είς
457 2482 495 2554 δὲ
519 2483 581 2572 τὴν
607 2483 807 2573 μικροτέραν
831 2479 1137 2572 προσορμισάμενος

169 2588 240 2654 ἐκεί
258 2581 312 2652 διά
330 2579 388 2654 τόν
412 2589 558 2674 χειμῶνα
576 2585 780 2673 κατέμεινεν.
816 2589 855 2654 αί
869 2587 966 2672 νησοι
985 2579 1017 2652 δ’
1039 2571 1141 2654 αὗται

162 2689 210 2776 τῇ
227 2687 304 2774 περὶ
327 2681 511 2774 τόνἿβηρα
528 2681 656 2780 ἠπείρῳ
676 2689 868 2756 ἐπίκεινται·
894 2687 959 2755 είσὶ
982 2685 1020 2764 δὲ
1036 2700 1140 2774 τρεῖς,
1154 2715 1184 2758 ει

167 2779 206 2868 δὶς
215 2781 374 2876 Ἕλληνες
385 2787 447 2876 μὲν
462 2789 518 2860 καὶ
526 2781 678 2876 Ῥωμαῖοι
690 2790 786 2878 κοινῇ
802 2792 998 2876 Ρυμνησίας
1015 2792 1141 2856 καλοῦ-

167 2909 238 2976 σιν,
259 2884 445 2978 Οὐαλερίας
464 2888 501 2958 δέ
519 2888 574 2958 καὶ
589 2885 770 2968 ’Τασοάσας
793 2891 829 2958 οί
847 2884 995 2977 Ἴβηρες,
1014 2893 1085 2979 ίδίᾳ
1103 2884 1136 2956 δ’

165 2989 324 3080 ἑκάστην,
338 2989 402 3078 τὴν
414 2984 637 3079 μένἾίβεσον,
650 2987 712 3078 τὴν
726 2989 763 3060 δὲ
769 2995 880 3078 μείζω,
894 2991 1095 3078 μικροτέραν
1101 2988 1139 3058 δὲ

164 3088 229 3178 τὴν
242 3099 358 3186 τρίτην
369 3088 649 3186 φερωνομώτατα.
667 3087 708 3166 τά
721 3088 870 3184 Γάδειρα
885 3091 922 3162 δὲ
939 3095 975 3160 ολ
984 3087 1140 3181 Ῥωμαῖοι

166 3193 333 3282 κατέσχον.
1153 3219 1181 3262 εο

107 3299 146 3359 11
239 3288 274 3362 ‘O
299 3295 336 3364 δὲ
359 3307 575 3387 Μασινίσσας
602 3303 688 3398 ἀνὴρ
718 3299 762 3398 ἦν
793 3312 829 3382 ἐν
854 3327 922 3393 τοῖς
946 3309 1140 3402 κρατίστοις

63 3390 401 3488 Ρῑέδθὲξθῑαόόμδνθέ
420 3403 477 3472 καὶ
494 3408 581 3495 κυοὶ
598 3406 663 3502 γάρ
681 3413 737 3484 καί
754 3409 983 3504 βουλεύμασιν
1000 3412 1133 3503 ἄριστος
