2562 3814
155 140 215 205 138
464 139 536 194 ετο.
548 139 610 192 v11.
630 137 708 190 εει).
721 139 810 192 xv11.

137 282 238 371 Ιπυρί
260 276 325 349 ῦπό
349 283 410 349 τοῦ
438 275 546 368 δῆμου
576 275 755 367 ἐδόθησαν.
798 274 840 348 οῦ
863 275 968 367 μόνον
999 277 1063 366 γάρ
1091 284 1126 348 ολ

154 381 236 472 μετὰ
265 385 371 451 ταῦτα
403 383 650 470 δημαρχοῦντες
681 378 744 450 οῦκ
775 375 1005 469 ῆμβλῦνοντο,
1037 376 1123 450 ἄλλά

154 489 282 572 μάλλον
299 484 356 552 καὶ
382 479 619 573 ἐθρασύνοντο.
657 488 704 563 είς
721 483 818 552 τοῦτο
843 478 909 552 ύπό
931 487 1000 552 τῦν
1019 476 1121 552 εῦπα·

153 587 279 673 τριδοῐν
296 581 451 675 προήχθη
469 578 486 653 ὁ
504 581 627 673 ὅμιλος.
658 579 736 654 οῦτε
754 580 817 672 γάρ
830 580 1024 673 στρατεύειν
1037 586 1124 654 ἐπεί·

153 699 257 757 θοντο
274 686 429 774 πολέμων
448 688 677 774 ἐπικειμένων,
696 691 727 754 εί
737 683 783 772 μῆ
795 674 845 756 οῦν
862 679 1027 775 ὠρέγοντο
1051 691 1149 756 διν-ο
1277 743 1279 770 2

155 816 233 878 χον,
257 787 313 856 καὶ
339 797 373 857 εί
388 813 468 856 ποτε
485 785 524 856 δ’
546 789 700 874 ἐξῆλθον,
726 781 932 876 ἀπροθύμως
951 783 1122 875 ἐμάχοντο,

156 896 187 960 εί
203 887 248 978 μῆ
267 883 375 958 πάνθ’
394 885 457 958 ὅσα
475 885 656 976 ἐβούλοντο
668 884 809 976 ἤνυσαν.
841 883 1030 958 κάντεῦθεν
1044 896 1124 957 πολ-

155 991 206 1060 λοὶ
225 992 293 1060 των
311 995 501 1081 προσοίκων
520 984 650 1077 αῦτοῖς,
674 989 716 1078 τῆ
734 992 874 1060 ἐκείνων
892 985 1123 1080 διχοστασέριῆ

155 1094 196 1181 τῆ
216 1093 345 1161 έαυτῦν
363 1095 571 1181 θαρροῦντες
591 1087 693 1180 ἰσχύϊ,
713 1091 939 1181 ἐνεωτέρισαν.
972 1079 1020 1160 οῦν
1036 1079 1124 1178 ἦσαν

54 1194 211 1264 Ρ1346καὶ
237 1199 396 1281 Αίκουοί,
427 1199 462 1262 ολ
481 1191 626 1282 Μάρκον
655 1189 844 1262 Μινούκιον
874 1193 1123 1280 στρατηγοῦντα
1137 1219 1161 1262 ιο

155 1293 228 1364 τότε
259 1292 456 1382 νικήσαντες
488 1296 836 1384 ἐφρονηματίσθησαυ.
884 1293 1053 1381 μαθόντες
1085 1292 1123 1364 δὲ

154 1395 215 1466 τόν
232 1394 422 1466 Μινούκιον
445 1393 628 1484 ἡττημένον
646 1399 680 1464 οἱ
697 1397 732 1464 ἐν
749 1398 793 1485 τῆ
812 1389 917 1484 Ῥύμῃ
937 1391 1123 1485 δικτάτωρα

155 1495 303 1568 Λούκιον
326 1504 489 1568 Κοΐντιον
513 1501 658 1584 εἵλοντο,
689 1498 815 1584 πένητα
844 1496 906 1584 μέν
934 1493 1043 1586 άνδρα
1066 1498 1124 1566 καὶ

155 1603 301 1689 γεωργίᾳ
318 1595 538 1685 συνεζηκότα,
565 1600 600 1677 ἐς
615 1593 738 1687 άρετῆν
763 1598 800 1667 δὲ
823 1595 879 1667 καὶ
896 1594 1123 1686 σωφροσύνην

157 1701 342 1786 διαπρεπῆ,
368 1705 476 1768 καίτοι
498 1695 555 1779 τάς
573 1695 676 1787 κόμας
702 1701 735 1780 ἐς
758 1696 949 1788 πλοκάμους
973 1695 1121 1786 ἀνιέντα,
1136 1725 1161 1766 ιε

155 1795 238 1870 ὅθεν
256 1800 313 1868 καί
329 1797 508 1884 Κικινάτος
526 1795 707 1888 ύνόμαστο.
744 1795 808 1871 οἷοι
825 1803 891 1872 νῦν
909 1802 1024 1870 πολλοὶ
1045 1801 1123 1888 περὶ

155 1898 196 1970 τά
215 1907 383 1988 βασίλεια·
404 1903 537 1972 ἐκεῖθεν
555 1901 594 1970 δὲ
610 1903 671 1973 τοῦ
689 1903 795 1972 κακοῦ
811 1901 1124 1992 παρεισφθαρέντος

158 2009 204 2083 είς
233 2000 269 2072 τὸ
300 2007 484 2092 πολίτευμα
513 2005 571 2073 καὶ
595 2001 789 2092 ἁπανταχοῦ
814 2000 1005 2083 κικινάτους
1030 2007 1122 2072 ἐστιν

154 2101 249 2193 ὁρᾶν.
284 2094 380 2184 οὗτος
398 2096 460 2176 οῦν
478 2102 642 2194 δικτάτωρ
660 2110 920 2196 προχειρισθείς,
938 2106 994 2173 καί
1013 2099 1123 2191 αῦθη-

155 2202 258 2296 μερόυ
277 2204 528 2294 ἐκστρατεύσας,
546 2208 603 2276 καὶ
620 2203 712 2294 τάχει
730 2203 796 2276 σῦν
813 2201 980 2298 ἀσφαλείᾳ
997 2202 1119 2295 χρησά-
1134 2231 1160 2272 ιο

155 2334 272 2396 μενος,
299 2310 356 2376 καί
381 2323 451 2388 τοῖς
470 2314 628 2388 Αίκονοίς
646 2305 849 2398 προσβαλὼν
872 2303 954 2396 μετά
977 2309 1038 2377 τοῦ
1054 2315 1123 2376 Mt-

155 2413 312 2494 νουκίου,
343 2414 518 2490 πλείστους
542 2408 604 2498 μὲν
629 2411 820 2500 διέφθειρε,
845 2405 922 2492 τοῦς
946 2403 981 2477 δ’
1000 2406 1122 2488 ἄλλους

122 2505 358 2596 Βέζύγρησεν·
383 2503 441 2590 οῦς
465 2504 532 2580 ῦπδ
550 2505 649 2598 ζυγόν
674 2509 845 2598 διαγαγύν
868 2504 1007 2599 άφῆκεν.
1044 2506 1123 2596 ῆδέ

155 2611 272 2697 πρᾶξις
295 2607 316 2696 ἡ
340 2612 400 2679 τοῦ
426 2615 527 2700 ζυγοῦ
549 2607 661 2681 τοιάδε
691 2639 740 2692 τις
763 2602 817 2700 ῆν.
858 2609 1023 2702 σταυροῦς
1047 2607 1122 2700 δύο,
1136 2655 1149 2672 ·

154 2705 254 2798 όρθια
273 2707 402 2799 δηλαδὴ
426 2711 509 2795 ξύλα
533 2713 684 2802 διέχοντα
706 2708 878 2802 άλλῆλων,
903 2718 950 2792 είς
972 2710 1036 2802 τῆν
1057 2718 1161 2802 γῆνει

154 2809 405 2902 κατεπήγνυον,
435 2815 491 2884 καὶ
515 2809 629 2894 αύτοῑς
654 2816 835 2884 ἐπετίθουν
854 2812 1032 2904 ἐγκάρσιον
1056 2816 1123 2884 ἐτε-

54 2991 60 3004 ,
155 2941 233 3003 ρον,
257 2915 313 2985 καὶ
333 2915 387 2985 διδ
405 2916 508 3004 μέσον
526 2912 655 2986 τούτων
672 2915 749 2998 τοῦς
767 2911 907 2996 ἁλόντας
927 2920 1046 3004 διῆγον
1063 2943 1123 3001 γυ·

154 3014 273 3103 μνοός·
292 3009 312 3086 ῦ
328 3030 397 3096 τοῖς
414 3017 477 3105 μέν
495 3020 599 3108 δρῶσι
609 3013 836 3107 λαμπρότητα,
855 3012 984 3104 πολλῆν
1001 3011 1036 3086 δ’
1053 3013 1123 3085 άτι-

154 3121 236 3203 μίαν
252 3132 321 3196 τοῖς
339 3114 527 3207 πάσχουσιν
540 3123 672 3208 ἔφερεν,
692 3115 776 3189 ὅστε
788 3115 883 3199 τινάς
896 3123 959 3188 τοῦ
970 3113 1124 3189 τοιοῦτόν

154 3243 186 3284 τι
203 3227 331 3286 παθεῖν
348 3229 586 3310 προαιρεῖσθαι
603 3231 735 3291 θανεῖν.
766 3221 824 3290 καὶ
841 3217 941 3290 πόλιν
958 3218 998 3289 δὲ
1010 3214 1124 3290 αῦτιῦν
1136 3245 1162 3285 ω

155 3325 343 3406 Κορουϊνου
360 3321 571 3410 καλουμένην
589 3319 675 3392 έλύν
693 3323 881 3410 ἐπανῆλθε,
903 3322 960 3391 καὶ
977 3319 1036 3391 τὸν
1053 3330 1122 3394 Μι-
