2546 3822
248 215 311 281 396
545 221 615 274 τιτι.
633 219 691 270 xv.
711 217 788 273 οΑΡ.
801 217 904 272 xxm.

215 364 482 448 οαίχμαλωσίαν
511 362 692 449 διέφυγον,
730 359 766 429 τδ
797 359 921 448 μέλλον
951 363 1189 448 καραδοκοῦντες

248 460 424 550 ἡσύχαζον.
469 468 505 531 οἰ
525 461 717 551 Βούλναροι
741 461 779 530 δὲ
802 460 881 542 τούς
906 459 1124 550 αἰχμαλώτους
1143 457 1188 527 καί

249 569 344 632 λείαν
368 563 496 651 πολλὴν
514 562 713 651 ἐπαγόμενοι
730 557 956 649 ἀνεζεύγνυον
973 569 1013 652 τῇ
1030 569 1103 651 νίκη
1118 588 1189 647 χαυ-

249 663 417 754 ρυύμευοι.
452 664 577 753 ταύτην
594 663 657 752 την
674 655 778 752 ἧτταν
794 666 854 732 τού
872 661 1061 734 άποστάτου
1078 661 1147 730 ὅσον
1162 663 1190 728 ίκ

248 771 311 835 τού
336 765 456 839 στόλου
482 763 590 835 αὐτοῦ
614 760 859 856 περιελὲλειπτο
883 763 1031 853 ἑχνωκδς
1054 761 1131 852 πρός
1144 761 1209 830 τδνι

249 865 388 954 Μιχαὴλ
412 865 652 956 ηύτομόλησεν.
698 868 736 935 ἐν
760 866 922 948 τοιούτοις
947 867 986 936 δὲ
1010 863 1029 936 6
1052 865 1192 955 τύραννος

248 967 397 1056 χεγονάς
424 970 482 1036 καί
506 968 615 1058 πάντη
644 967 922 1056 ἐξασθενησας,“
902 995 991 1057 ομως
1011 974 1057 1036 ἔτι
1072 971 1127 1036 τού
1143 990 1192 1034 πο

249 1077 396 1157 λιορκείν
420 1067 484 1138 ούκ
510 1067 685 1159 άφίστατο,
711 1067 796 1138 άλλά
819 1068 974 1190 μηδδν’
954 1069 1069 1139 ανύων
1091 1065 1192 1135 ‹inavi-

250 1189 364 1238 σταται
387 1171 512 1298 μὲν
473 1199 531 1258 της
557 1178 776 1262 προσεδρείας
798 1175 857 1257 τῆς
881 1171 1023 1258 πόλεως,
1047 1166 1149 1238 άπεισι
1167 1165 1195 1234 δὲ

248 1273 468 1394 πορρωτέρω,
499 1281 560 1342 καί
588 1301 663 1342 τινα
686 1272 792 1343 τόπον
824 1269 936 1362 εδριδν
966 1271 1143 1360 ἐπιτήδειον
1167 1269 1218 1336 ἐντι

247 1371 356 1465 τούτῳ
381 1373 537 1460 βάλλεται
560 1374 707 1461 χάρακα,
731 1372 893 1443 κάκεϊθεν
917 1369 1109 1463 ὁρμώμενος
1125 1373 1195 1456 ἐληί-

249 1480 318 1555 ζετο
340 1480 400 1561 τῆς
424 1473 554 1554 πόλεως
577 1472 617 1544 τά
641 1474 823 1564 προάστεια
847 1476 904 1543 καὶ
921 1474 979 1553 τάς
997 1473 1123 1544 τούτων
1139 1473 1194 1540 εἰω-

251 1574 339 1661 ράτζε
362 1575 506 1665 χάριτας.
544 1579 671 1664 ἐπῆλθε
694 1584 813 1646 τοίνυν
830 1575 939 1669 τούτῳ
958 1573 977 1644 6
999 1575 1139 1664 Μιχαάλ,
1153 1571 1195 1639 καί

213 1695 239 1745 D
252 1675 359 1763 μάχης
383 1685 670 1766 συχκροτηθείσης
694 1683 730 1748 οί
749 1683 812 1747 τού
836 1682 941 1764 Θωμά
964 1677 1097 1757 ἑκόντες
1119 1671 1197 1762 ἐτρά-

248 1797 362 1862 πησαν
379 1785 428 1858 είς
446 1779 572 1865 φυγήν,
591 1780 648 1847 καί
667 1783 703 1848 oc
716 1778 780 1866 μὲν
797 1783 844 1872 τῷ
862 1785 995 1865 βασιλεῖ
1010 1773 1222 1867 προσερρύτςυ

247 1895 323 1962 σαν,
351 1883 386 1946 οί
401 1872 437 1947 δ’
457 1879 512 1946 ἐπὶ
530 1878 570 1948 τά
591 1882 721 1949 ἑαυτῶν
740 1876 896 1968 ἀπῄεσαν
913 1881 1057 1949 ἕκαστοι.
1090 1875 1107 1948 6
1124 1876 1158 1945 δι’
1169 1901 1197 1960 με

249 1977 418 2066 τύραννος
435 1977 518 2067 μετά
534 1987 726 2071 βραχίστων
740 1987 788 2060 είς
800 1978 1083 2066 Ἀδριιτνούπολιν
1098 1978 1196 2056 ἄπεισι,

247 2080 303 2146 καὶ
328 2076 503 2170 δΜιχαὴλ
527 2078 619 2175 αύτῷ
645 2079 719 2150 κατ’
746 2083 838 2170 ίχνος
863 2078 1060 2169 άκολουθεί,
1083 2079 1134 2150 καί
1148 2103 1197 2146 πυ-

248 2188 378 2270 λιορκεϊ
400 2181 464 2269 την
482 2182 581 2252 πόλιν
598 2181 662 2270 ούχ
687 2182 893 2269 ἑλεπόλεσιν,
910 2177 997 2251 άλλά
1015 2182 1132 2252 σπάνει
1144 2181 1198 2246 τόν

247 2276 452 2370 άναχκαίων.
488 2285 545 2352 καί
569 2289 605 2354 oc
625 2289 684 2372 τῆς
708 2283 837 2364 πόλεως
860 2289 907 2376 τῷ
929 2289 1015 2376 λιμῷ
1041 2282 1221 2370 πιεζόμεννιτ

247 2379 436 2470 άμνηστίαν
459 2391 529 2454 τῶν
554 2385 783 2473 ἐπταισμένων
808 2387 845 2453 ἐκ
869 2387 929 2454 τοῦ
954 2387 1115 2473 βασιλέως
1131 2377 1194 2472 ᾐτό·

248 2505 362 2570 σαντο,
380 2487 437 2552 καί
455 2486 578 2573 ταύτης
594 2485 752 2574 τυχόντες
766 2491 928 2574 δεσμούσι
944 2487 1007 2554 τδν
1020 2490 1142 2574 Θωμᾶν
1155 2477 1197 2549 κτλ

247 2584 473 2671 παραδιδόασι
502 2591 549 2678 τῷ
575 2587 722 2674 Μιχαήλ.
775 2584 864 2656 δ-δὲ
894 2584 1085 2676 άφαιρείται
1113 2581 1197 2653 αύτοῠ
1240 2591 1242 2606 ⁴

246 2699 361 2774 χεῖρας
386 2687 443 2754 καί
468 2687 593 2774 πόδας,
620 2689 675 2757 καί
698 2687 769 2781 όνω
797 2687 991 2776 ἐπιβιβάσας
1021 2681 1198 2775 θριαμβεύει

246 2785 308 2855 τόν
333 2785 450 2877 άτιμον
472 2795 652 2878 θρίαμβον
696 2787 767 2858 εἶτα
791 2790 869 2878 περὶ
894 2789 1106 2877 συνιστόρων
1127 2799 1220 2854 πον-λ

144 2888 398 3016 ΡΙΙΙΒθδάνεται,
424 2890 482 2959 καί
503 2887 696 2970 πολλούς”
674 2917 719 2959 αν
745 2893 872 2971 ἐκεῖνος
896 2891 1069 2978 ἐξέφηνεν,
1088 2895 1120 2957 εί
1132 2879 1196 2975 μηδ

210 2967 501 3077 ΑἙξαβούλιος
483 3019 501 3059 ο
534 2998 708 3080 πατρίκιος
737 3018 801 3078 την
831 2989 940 3080 ὁρμὴν
963 2995 1026 3060 τού
1055 2985 1197 3077 βασιλέως

245 3088 408 3178 άνόκοφε,
432 3091 582 3180 φάμενος
611 3091 658 3180 μὴ
680 3119 802 3180 χρηναι
832 3091 1005 3161 πιστεύειν
1034 3089 1118 3159 κατά
1144 3089 1196 3154 τόν

244 3199 358 3277 φίλων
376 3195 521 3282 ἐχθροῖς.
558 3221 577 3262 ο
566 3191 638 3263 ’δέ
651 3219 691 3280 με
709 3197 832 3281 Θωμᾶς
850 3192 970 3263 ἄλλοτε
987 3191 1103 3272 άλλαις
1118 3211 1196 3277 τιμον

245 3297 333 3376 ρίαις
355 3289 632 3415 ύποβαλλόμενος
657 3293 829 3380 βιαιότατα
853 3295 1015 3364 κατέλυσε
1037 3290 1102 3380 την
1118 3285 1215 3373 {66⁹¹

245 3389 341 3455 καί*
325 3418 343 3457 ο
367 3391 490 3462 τούτου
515 3394 612 3462 δδί
578 3393 767 3482 είσποιητδς
789 3395 866 3476 υίὸς
891 3401 940 3476 εἰς
963 3393 1002 3464 τδ
1018 3419 1079 3480 της
1095 3387 1194 3508 Βιζόχε

243 3492 419 3572 πολίχνιον
432 3494 655 3582 προσφυγάυ,
669 3493 761 3585 παρά
774 3501 843 3566 τῶν
856 3493 1044 3566 οἰκούντων
1056 3491 1095 3564 τδ
1108 3514 1192 3581 φρον
1235 3509 1238 3588 j
