2538 3824
201 157 265 222 418
520 159 592 214 Lm.
605 161 641 210 x.
659 159 737 212 ειν.
750 161 850 216 xm.

202 300 258 370 καὶ
278 297 334 370 διά
350 302 449 370 τοῦτο
465 301 523 370 καὶ
538 299 601 387 τῆν
617 296 764 388 χελώνης
782 307 879 389 ἔλαχε
895 303 1032 388 κλῆσιν,
1057 298 1113 370 διά
1129 328 1168 372 τε
1258 299 1262 384 ᾗ

201 400 240 471 τό
258 399 397 490 ἰσχυρόν
415 397 518 490 αὐτῆς
535 400 646 471 καὶτὸ
665 396 841 486 εὐσκεπές·
867 404 1014 492 χρῶνται
1027 403 1065 472 δὲ
1081 399 1167 493 αὐτῆ

203 505 296 593 διχῆ·
329 496 351 590 ῆ
374 501 439 592 γάρ
455 499 539 593 πρός
555 500 719 594 φρούριόν
734 531 767 573 τι
784 511 1047 594 προσμίσφοντες
1064 524 1167 593 προσ-

200 601 402 696 πορεύονται
419 606 476 673 ιιαὶ
492 609 764 694 τειχομαχοῦσιν,
789 599 811 696 ῆ
828 603 896 676 ὑπὸ
913 609 1057 690 τοξοτῶν
1073 633 1165 695 περι-

201 708 445 796 στοιχισθέντες
475 706 555 776 ποτέ
584 704 811 791 κυπτάζουσιν
844 705 933 778 οὕτω
962 705 1084 789 πάντες
1120 705 1167 788 ὡς
1193 737 1206 780 ι

202 813 315 878 δοκεῖν
331 805 383 877 ότι
400 804 598 897 τετιμήκασι,
624 805 843 878 πελασάντων
861 809 900 879 δὲ
916 812 986 879 τοῖν
1003 813 1167 880 ἐναντίων

202 913 360 999 ἐξαίφνης
384 911 586 999 ἐγείρονται,
616 905 805 981 κάντεῦθεν
829 914 917 999 σφᾶς
948 909 1166 999 ἐκπλήττουσι
1261 979 1262 982 ,

166 1014 259 1082 Βκαλ
280 1009 508 1102 ταράττουσιν.
556 1005 576 1081 6
596 1015 661 1081 ‘nal
684 1009 759 1082 τότε
781 1016 982 1102 συμβέβηκε.
1030 1021 1166 1094 πολλοῖς

201 1111 277 1204 γάρ,
296 1109 340 1194 ὥς
358 1122 496 1202 είρηται,
514 1110 715 1202 βαλλόμενοι
732 1115 857 1203 βέλεσι,
873 1111 933 1186 τόν
949 1141 986 1184 τε
1003 1134 1167 1186 συνασπι-

201 1215 288 1306 σμόν
304 1217 363 1304 τῆς
380 1212 528 1304 χελώνης
547 1217 708 1304 ἐποίησαν
724 1217 781 1284 καί
798 1212 839 1284 τά
855 1213 981 1304 γόνατα
1001 1213 1085 1308 πρός
1101 1213 1166 1304 τῆν
1179 1247 1206 1287 1⁰

200 1323 265 1407 γῆν
281 1313 421 1408 ῆρειοαν
437 1316 478 1386 τὰ
497 1312 664 1406 εὐώνυμα.
700 1323 897 1406 νομίσαντες
915 1311 980 1390 οὖν
997 1315 1120 1400 αὐτοὺς
1132 1323 1168 1388 ολ

201 1417 366 1508 βάρβαροι
389 1413 457 1488 ὑπό
479 1421 549 1488 τών
570 1415 771 1508 τραυμάτων
792 1435 1011 1508 καταπεσεῖν,
1040 1417 1081 1490 τά
1103 1419 1167 1507 μέν

200 1519 279 1604 τόξα
303 1516 488 1607 ἀπέθεντο,
513 1518 555 1588 τά
581 1519 619 1590 δδ
641 1523 722 1609 ξίφη
744 1519 952 1611 σπασάμενοι
976 1519 1023 1602 ώς
1045 1519 1166 1610 συμιιό-

200 1637 322 1707 φοντες
341 1624 490 1711 έπῆλίδον
506 1617 631 1703 αὐτοῖς.
668 1619 903 1706 ἐξαναστάντες
918 1623 956 1692 δέ
968 1627 1003 1694 οἱ
1013 1621 1168 1712 Ῥωμαῖοι

200 1725 258 1794 καλ
281 1721 396 1804 αὐτοῖς
420 1720 680 1814 προσπεσόντες,
703 1719 759 1794 οἷα
780 1724 930 1814 χυμνοδς
951 1719 1166 1814 ὠπλισμένοι,
1180 1753 1205 1795 ιε

201 1821 474 1915 ἀπροσδοκήτους
504 1826 843 1916 παρεσκευασμένοι,
857 1823 994 1910 τοξότας
1018 1824 1165 1917 ὁπλῖται,

201 1923 393 2053 βαρβάρους
406 1920 560 2014 Ρωμαῖοι
576 1929 773 2011 κατέκοψαν.

273 2025 450 2109 Ἀντώνιος
466 2017 587 2118 μὲν
545 2057 607 2100 ουν
623 2023 690 2100 ὖπὸ
707 2057 776 2101 των
788 2024 1009 2120 πολεμίων’
970 2031 1082 2100 ουτὲτι
1097 2034 1169 2100 δει-

200 2127 262 2202 νόν
285 2125 390 2202 οὐδέν
413 2127 601 2218 §minvs
582 2129 650 2200 υπὸ
677 2131 714 2201 δέ
736 2127 866 2221 ψύχους
888 2131 1163 2221 τεταλαιπώρητο.

199 2231 324 2322 χειμών
347 2231 413 2323 γάρ
434 2222 494 2322 ῆν,
517 2235 574 2303 καί
597 2239 657 2322 τῆς
676 2230 904 2324 Ἀρμενίας
868 2261 910 2302 τα
926 2230 1089 2323 πρόσορα,
1113 2227 1158 2300 δι’
1175 2259 1202 2301 ιο

201 2363 251 2404 ων
269 2331 463 2456 ἐπορεύετο,
490 2331 729 2423 κρυσταλλώδη
747 2332 805 2404 άεί
818 2341 917 2406 εἰσιν
944 2329 1029 2406 ὅθεν
1046 2333 1164 2424 συχνοὶ

96 2439 270 2505 mmm
287 2431 392 2506 αὐτου
378 2438 655 2527 διεφθείροντο.
691 2435 744 2508 διδ
760 2433 896 2525 ὑπῆλθε
912 2435 973 2508 τόν
993 2432 1165 2560 Ἀρμένιον

199 2539 256 2606 καὶ
275 2533 469 2624 ίδώπενοε,
497 2543 602 2608 καίτοι
620 2533 701 2608 δι”
686 2544 788 2628 οργῆς
807 2541 936 2610 ἐκεῖνον
952 2537 1165 2628 ποιούμενος.

198 2634 349 2728 χρήματα
374 2637 412 2707 δέ
434 2653 504 2721 τοῖς
527 2647 776 2730 περιλειφθεῖσι
800 2646 972 2730 διανείμας
988 2646 1047 2730 τῆς
1066 2663 1165 2730 στρα·

199 2745 271 2821 τιάς
297 2736 426 2830 άπῆρεν
457 2747 504 2822 είς
530 2751 706 2830 Αίγυπτον
734 2741 817 2834 πρὸς
846 2741 909 2832 τῆν
932 2739 1163 2830 Κλεοπάτραν.
1178 2767 1203 2810 ιε

201 2837 248 2913 δι’
275 2835 320 2931 ῆν
343 2839 495 2932 μεγάλως
518 2837 585 2913 ’διτό
602 2847 670 2918 τών
686 2840 859 2933 όμογενών
877 2845 1088 2934 διεβέβλητο,
1114 2838 1167 2912 ότι

198 2971 234 3016 τε
264 2950 389 3026 παῖδας
418 2945 450 3027 ἐξ
481 2941 584 3034 αὐτῆς
620 2951 695 3036 ἔσχε
731 2948 786 3016 καὶ
820 2941 872 3016 ὅτι
900 2943 1009 3036 χώρας
1039 2939 1168 3026 πολλάς
1261 2965 1262 2968 ’

199 3042 286 3136 αὐτῆ
316 3049 500 3137 ἐχαρίσατο.
553 3041 660 3130 οὕτως
688 3043 752 3138 γάρ
783 3051 830 3142 τῷ
860 3053 957 3139 ἔρωτι
980 3042 1084 3136 αὐτῆς
1106 3047 1168 3116 καὶ

198 3162 271 3229 ταῖς
306 3153 471 3236 γοητείαις
506 3145 708 3220 έδοόλευσεν
747 3143 791 3230 ὥς
831 3151 888 3220 καὶ
922 3147 984 3238 τῆν
1018 3162 1168 3238 γυναῖκα

200 3244 305 3316 αὐτοῦ
330 3248 391 3336 τῆν
417 3245 594 3336 Ὀκταβίαν
623 3245 705 3341 πρός
735 3246 840 3328 αὐτόν
870 3255 907 3322 έιι
925 3246 1054 3340 Ῥώμης
1082 3244 1206 3337 άφι-οο

200 3349 389 3516 χιχρυμένην
412 3352 615 3422 ἐπανελθεῖν
638 3355 793 3424 κελεῦσαι
810 3353 866 3424 καί
883 3350 929 3444 μῆ
946 3345 1039 3446 αὐτῷ
1056 3371 1166 3442 προσ-

266 3473 325 3517 εν.
