2566 3812
153 139 217 206 252
261 96 264 115 ¹
503 141 576 194 ονε.
586 141 636 197 1x.
655 139 733 196 σεε.
746 141 769 192 1.

154 279 285 364 τιώταις
304 277 494 371 ἐπισχόντος
510 279 573 370 τὴν
586 283 703 364 δίωξιν
719 277 738 352 ὁ
752 275 909 369 Ἀννίβας
926 277 1125 371 προσεποιή·

156 407 235 455 σατο
253 390 453 472 φοβεῖσθαι,
470 383 527 452 καὶ
544 387 602 470 τῆς
615 379 735 462 νυκτός
753 379 1066 471 ἀνασκευασάμενος
1080 380 1125 464 ώς

155 483 266 556 άπιών
283 481 387 573 σκεύη
410 509 446 553 τε
462 479 570 573 συχνά
587 485 764 554 κατέλιπεν
782 485 819 554 έν
842 485 891 576 τῷ
912 481 1125 573 χαρακώματι

156 589 213 656 καὶ
230 583 272 656 τά
289 582 389 656 λοιπά
401 581 622 675 ἀμελέστερον
637 590 833 674 κομιῖεσθαι
847 587 1049 672 ἐνετείλατο,
1067 589 1125 654 ἵνα

96 732 101 742 =
156 693 224 758 τών
236 684 408 776 Ῥωμαίων
426 683 480 776 ἐφ’
500 684 658 776 άρπαγην
681 683 796 758 αύτών
812 686 1031 776 τραπομένων
1055 688 1152 756 ἐπί-ε

156 801 259 878 θηται
276 793 383 876 σφίσι.
425 787 482 857 καὶ
501 793 549 869 είς
567 792 667 880 ἔργον
685 781 728 857 &v
744 783 780 858 τό
800 785 972 876 βούλευμα
987 783 1126 876 ἤγαγεν,

158 897 189 960 εί
204 889 250 978 μὴ
267 887 285 960 ό
303 891 440 969 Παῦλος
463 891 519 958 καὶ
537 883 679 972 άκοντας
703 885 899 978 κατεσχήκει
921 884 1001 968 τούς
1025 908 1127 978 στρα-

156 988 274 1074 τιώτας
293 992 348 1060 καὶ
365 989 425 1061 τόν
449 991 632 1080 Τερέντιον.

231 1087 266 1163 ’0.
286 1081 352 1162 οὖν
372 1087 528 1180 Ἀννίβας
552 1092 609 1162 καὶ
638 1087 759 1162 τούτου
784 1089 977 1180 διαμαρτών
1006 1091 1127 1172 νυκτός

159 1190 241 1284 πρὸς
258 1190 316 1275 τὰς
335 1189 471 1273 Κάννας
489 1189 636 1280 ἄφίκετο.
680 1193 736 1262 καὶ
753 1189 857 1280 γνούς
874 1191 912 1262 τό
929 1196 1052 1283 χωρίον
1069 1193 1125 1261 καὶ
1140 1219 1166 1260 ιο

56 1294 242 1385 ΡΙ418ιιρός
260 1296 398 1386 ἐνέδρας
415 1295 471 1363 καλ
489 1290 573 1384 πρός
590 1290 775 1385 παράταξιν
788 1290 993 1382 ἐπιτήδειον,
1013 1295 1127 1386 έστρα·

158 1393 389 1468 τοπεδεύσατο.
425 1395 482 1464 καὶ
505 1392 674 1486 προήροσε
698 1393 807 1466 πάντα
831 1395 891 1465 τὸν
912 1391 1018 1466 τόπον
1041 1391 1127 1464 ύπό-

160 1511 296 1587 ψαμμου
311 1493 410 1583 ὅντα,
438 1501 495 1566 ἵνα
513 1493 687 1587 κονιορτός
707 1499 744 1566 ἐν
760 1500 801 1586 τῇ
818 1493 907 1586 μάχη
931 1493 1041 1588 ἀρθῇ·
1068 1494 1127 1566 τὸν

158 1597 223 1687 γὰρ
242 1595 383 1686 άνεμον,
401 1589 439 1678 ός
458 1598 495 1666 έν
511 1596 607 1686 θέρει
626 1599 734 1668 ἐκεῖσε
746 1599 823 1688 περλ
842 1597 903 1687 τὴν
915 1603 1127 1688 μεσημβρίαν

160 1699 274 1770 εἰώθει
291 1703 449 1786 γίνεσθαι
455 1749 465 1784 ,
484 1696 567 1767 κατὰ
584 1695 694 1769 νώτου
712 1704 800 1788 ἔχειν
818 1694 1057 1789 ἐμηχανήσατο.
1093 1703 1129 1768 οί
1140 1724 1165 1766 ιε

57 1798 199 1870 W11796'
224 1795 346 1871 ὕπατοι
375 1801 485 1868 ἕωθεν
511 1796 612 1872 κενόν
635 1794 773 1891 άνδρώυ
803 1797 933 1881 ίδόντες
963 1795 1070 1870 αύτού
1091 1797 1128 1869 τό

160 1897 353 1994 χαράκωμα,
367 1900 574 1990 πρῶτονμὲν
588 1901 740 1990 ἐπέσχον,
760 1899 999 1991 ἐνεδρεύεσθαι
1012 1898 1129 1984 δόξαν·

160 2029 231 2090 τες,
257 2001 329 2072 εἶτα
351 1996 432 2092 μεθ’
457 1995 582 2090 ἡμέρας
603 2001 687 2088 πρός
713 1999 771 2085 τάς
795 2001 932 2084 Κάννας
955 1997 1126 2092 άφίιιοντο.

159 2106 217 2173 καὶ
242 2100 333 2194 παρά
355 2109 402 2196 τῷ
425 2109 562 2198 ποταμῷ
585 2101 739 2194 ἑκάτερος
763 2109 833 2197 ίδίςι
857 2101 1032 2193 ηὐλίσατο·
1066 2099 1129 2173 ούκ

160 2202 254 2288 ὄντες
278 2202 343 2296 γάρ
365 2201 526 2294 ὁμοήθεις
549 2204 611 2293 τὴν
640 2204 722 2295 πρός
751 2200 916 2293 άλληλους
943 2211 1128 2276 συνουσίαν
1141 2229 1169 2270 ιο

161 2308 338 2389 ἐξέκλιναν.
388 2306 446 2376 καί
468 2301 486 2374 ό
510 2305 574 2394 μὲν
596 2308 733 2387 Παύλος
763 2304 944 2396 ἡσύχαζεν,
975 2302 994 2375 ό
1026 2309 1065 2376 δέ
1089 2331 1127 2394 χε

166 2408 338 2496 Τερέντιος
359 2402 465 2494 ἤθελε
488 2413 691 2495 συμβαλεῖν·
723 2405 953 2498 ἀμβλυτέρους
984 2407 1022 2476 δέ
1050 2403 1127 2487 τούς

160 2505 362 2598 στρατιώτας
387 2505 476 2597 ὁρώυ
506 2502 715 2579 άνειιόπτετο.
768 2503 786 2579 ὁ
820 2509 857 2580 δέ
883 2505 1039 2596 Ἀννίβας
1071 2509 1126 2578 καὶ

160 2603 303 2690 άκοντας
321 2603 444 2690 αύτούς
463 2613 510 2687 είς
527 2606 638 2698 μάχην
650 2613 847 2700 παρακινών
863 2615 922 2700 τῆς
935 2636 971 2680 τε
988 2607 1127 2700 ὑδρείας

128 2709 252 2800 Βείργε
270 2711 325 2782 καὶ
343 2706 664 2782 ἀποσκεδάννυσθαι
686 2716 776 2801 σφᾶς
791 2707 916 2783 ἐκώλυε
933 2711 990 2780 καλ
1006 2707 1047 2781 τά
1065 2708 1127 2781 σώ·
1141 2735 1170 2776 ιε

160 2839 247 2901 ματα
264 2815 332 2883 τών
349 2812 587 2902 φονευομένων
610 2809 682 2882 άυαι
705 2810 769 2904 πρό
792 2815 861 2883 τών
883 2809 1128 2903 ταφρευμάτων

161 2915 355 3002 ἐνέβαλλεν,
373 2910 463 2994 ὅπως
478 2917 573 3000 σφίσι
585 2913 622 2984 τό
635 2912 737 2984 ποτόν
749 2920 1018 3011 δυσχεραίνηται.
1050 2909 1128 2984 κάν-

160 3017 284 3086 τεύθευ
315 3015 371 3085 καὶ
397 3019 432 3084 οί
453 3012 604 3102 Ῥωμαῖοι
634 3011 717 3104 πρός
742 3014 927 3106 παράταξιν
957 3013 1127 3105 ώρμησαν.

160 3119 258 3186 τούτο
278 3115 316 3184 δέ
333 3113 500 3203 προχνούς
522 3109 709 3204 ὁἈννίβας
731 3114 852 3207 λόχους
875 3117 939 3206 μέν
961 3113 1027 3186 ύπό
1050 3112 1128 3196 τούς

160 3211 284 3305 ὄχθους
308 3213 460 3306 ἐκάθισε,
485 3211 547 3304 τὴν
571 3217 608 3288 δέ
630 3209 752 3307 λοιπὴν
776 3218 935 3310 στρατιάν
958 3219 1127 3306 συνέταξε,
1141 3241 1170 3282 εο

160 3323 220 3386 καί
240 3321 671 3408 τιναςψευδαυτομολησαι
700 3315 783 3391 όταν
805 3317 938 3411 σημηνη
962 3317 1127 3407 ἐκέλευσε,

129 3436 136 3449 ·
159 3416 219 3497 τάς
242 3417 305 3505 μέν
328 3413 472 3502 άσπίδας
496 3417 553 3489 καὶ
575 3417 616 3489 τά
648 3417 772 3513 δόρατα
795 3423 851 3492 καλ
874 3418 915 3492 τά
936 3427 1036 3511 μείζω
1060 3421 1129 3490 τών
