2566 3800
423 213 758 268 L1ss.X111.cAP.1v.
805 222 807 230 ’
1017 213 1075 278 187

108 359 155 433 είς
174 352 402 443 Νικομήδειαν
420 361 653 444 παραγίνεται·
673 354 759 424 ὅπου
780 355 836 424 καὶ
852 353 1075 442 τετελεύτηκε,

105 453 252 542 νοσήσας
271 453 328 544 ἐφ’
350 455 486 544 ίκανόν,
512 458 596 525 έτῶν
619 454 768 543 γεγονός
786 457 885 526 πέντε
901 454 987 546 ’πρός
1005 469 1076 537 τοῖς

108 555 283 644 ἑξήκοντα,
307 555 510 644 βασιλεύσας
535 554 569 626 δ’
590 559 626 626 έκ
649 555 780 626 τούτων
796 556 975 645 τριάκοντα
993 556 1077 646 πρός

105 661 220 743 δυσίν,
235 657 421 727 ἐνδεόντων
435 657 499 728 δύο
507 663 641 746 μηνῶν.
668 656 710 728 δν
725 655 743 727 ό
757 657 834 739 υίός
843 657 1077 738 Κωνστάντιος

79 779 91 818 ι
106 761 138 840 ἐξ
155 757 353 848 Ἀντιοχείας
368 759 657 849 παραγενόμενος·
677 761 748 830 ἐκεῖ
762 755 827 849 γάρ
841 752 886 848 ἦν
898 773 968 841 τοίς
982 759 1076 850 Πέρ-

103 881 177 942 σαις
191 857 467 949 ἀναμαχόμενος·
484 865 533 930 ἔτι
546 865 653 944 ζάντα
667 858 780 950 εὐρύν
797 860 957 948 ἐκήδευσε
970 888 1075 950 μεγα-
1135 936 1137 940 ,

103 967 294 1051 λοπρεπῶς,
308 963 365 1030 καὶ
380 963 418 1030 έν
427 967 476 1055 τῷ
489 967 559 1031 τῶν
571 959 679 1048 ἀγίων
690 960 903 1032 Ἀποστόλων
916 962 1075 1031 κατέθετο

103 1065 200 1156 ἱερῷ,
227 1065 264 1132 έν
291 1063 463 1154 ίδιαζούση
489 1063 603 1151 μέντοι
628 1069 727 1156 στοᾷ,
751 1060 794 1151 ἢν
821 1063 877 1132 ἐπὶ
899 1068 990 1154 ταφῇ
1014 1069 1076 1132 τού

103 1162 232 1252 πατρός
250 1159 354 1244 αύτός
373 1161 598 1256 ᾠκοδόμησεν.

64 1286 89 1326 1⁰
158 1263 360 1356 ’Ἱστόρηται
394 1265 433 1334 δὲ
467 1263 485 1335 ό
521 1263 671 1355 ἀοίδιμος
704 1267 830 1346 ἐκεῖνος
859 1262 1075 1356 αὐτοκράτωρ

102 1365 254 1457 ἀφειδῶς
278 1393 314 1436 τε
338 1365 379 1436 τά
397 1366 549 1456 χρήματα
567 1365 761 1436 ἀναλίσκειν
778 1367 835 1435 καὶ
852 1372 956 1435 ταῦτα
974 1373 1109 1455 πορί-Ι)

101 1476 171 1552 ζειν
189 1469 298 1560 ἑαυτῷ
316 1465 566 1558 ἀφειδέστερον,
581 1465 626 1550 οἱς
639 1467 684 1558 μὴ
698 1469 986 1557 μεγαλοπρέπειαν
999 1474 1084 1556 κρίι

101 1579 227 1640 νεσθαι
243 1567 282 1637 τό
302 1569 380 1658 περὶ
397 1568 457 1650 τάς
475 1569 628 1651 δαπάνας
641 1568 828 1658 φιλότιμον,
842 1567 1002 1658 ἄντικρυς
1020 1569 1062 1637 δέ
1067 1587 1074 1602 ·

102 1667 192 1742 ἀλλά
209 1669 305 1760 μήτι
322 1675 457 1758 φαύλου
475 1673 541 1759 ἐρῶ
559 1671 638 1760 περὶ
660 1675 722 1740 τοῦ
739 1677 840 1740 θείου
860 1673 991 1740 ἐκείνου
1010 1667 1075 1738 ἀν-

66 1793 90 1832 15
106 1771 203 1863 δρός.
235 1771 320 1841 ὅθεν
338 1771 394 1839 καὶ
412 1769 430 1841 ὁ
448 1772 589 1860 βέβηλος
600 1771 782 1853 Ἰουλιανός
797 1774 834 1843 έν
846 1771 894 1864 τῷ
912 1772 1076 1860 περὶτῶν

102 1871 289 1962 Καισάρων
312 1871 401 1966 λόγῳ
426 1869 532 1942 αύτού
556 1868 789 1942 ἀποσκώπτων
818 1871 931 1963 ὥσπερ
951 1878 998 1954 είς
1016 1872 1077 1942 τόν

101 1973 349 2062 εὐσεβέστατον
372 1974 508 2042 τουτονὶ
533 1976 671 2061 βασιλέα
695 1973 749 2042 διά
776 1974 814 2043 τό
832 1973 1076 2044 πολυδάπανον

101 2075 281 2146 πλάττεται
304 2073 365 2144 τόν
384 2073 508 2165 Ἑρμῆν
531 2073 770 2162 διαλεγόμενόν
788 2079 823 2142 ολ
838 2076 895 2142 καὶ
912 2082 947 2142 τί
962 2072 1006 2143 ἀν
1024 2085 1076 2162 εἴη

100 2177 280 2267 γνώρισμα
297 2177 459 2263 βασιλέως
474 2173 610 2262 ἀγαθοῦ
624 2173 900 2263 πυνθανόμενον,
918 2173 1077 2243 κάκείνου

60 2302 88 2343 εο
102 2277 193 2368 πρός
216 2277 254 2347 τό
280 2277 432 2366 έρωτημα
449 2279 590 2364 λέγοντα
608 2275 715 2346 πολλά
733 2280 914 2363 κεκτῆσθαι
931 2273 992 2344 τόν
1010 2269 1076 2343 αύ·

100 2379 294 2470 τοκράτορα
310 2383 432 2468 χρῆναι
449 2379 506 2446 καὶ
524 2375 719 2448 ἀναλίσκειν
737 2375 864 2446 πολλά·
890 2375 1020 2463 λέγεται
1038 2375 1076 2444 δὲ

100 2481 192 2571 μηδὲ
209 2479 319 2566 λόγοις
333 2479 532 2569 ἀνομίλητος
546 2477 646 2566 εἶναι,
662 2478 748 2549 ἀλλά
766 2479 823 2547 καὶ
840 2479 918 2569 περὶ
935 2476 1076 2560 τούτους

104 2583 354 2652 ἐσπουδακέναι
379 2577 454 2650 ούτι
481 2595 579 2670 μείου
606 2587 675 2651 τῶν
707 2581 833 2651 ὅπλων.
885 2578 1075 2649 κάντεῦθεν

103 2682 203 2776 αύτῷ
218 2679 281 2770 τὴν
298 2688 451 2769 γλῶτταν
468 2685 629 2769 γενέσθαι
643 2682 728 2771 πρός
742 2682 889 2765 διάλεξιν
904 2679 1074 2768 εύθικτον,
1084 2693 1178 2744 P1111
1272 2741 1274 2766 η

61 2811 89 2851 ει
104 2791 169 2854 καί
182 2811 276 2866 τινας
295 2793 416 2870 ίυγγας
434 2799 609 2872 προσείναι
632 2783 719 2872 αὐτῇ
745 2782 998 2872 κατακηλούσας
1015 2780 1075 2862 τάς
1087 2759 1112 2808 A
1272 2789 1274 2864 A

103 2891 177 2956 τῶν
195 2882 371 2974 ἀκροατῶν
389 2881 502 2965 ἀκοάς.
535 2883 784 2974 ἀναγέγραπται
802 2883 840 2952 δὲ
857 2882 913 2950 καὶ
932 2879 1077 2968 μισοπό-
1272 2903 1273 2910 ’

104 3014 209 3073 νηρος
223 2984 382 3054 εἶναικαὶ
396 2984 527 3066 είωθσδς
544 2987 655 3072 λέγειν
671 2982 816 3074 μηδενός
829 2988 900 3052 τοῖν
917 2979 1078 3050 ἁπάντων

104 3093 167 3174 τῆς
184 3092 254 3156 τῶν
270 3092 395 3157 κοινῶν
412 3085 618 3175 πραγμάτων
634 3083 866 3164 καταστάσεως
885 3085 999 3152 ἕνεκεν
1016 3079 1078 3151 τόν

105 3193 298 3277 κρατοῦντα
316 3193 496 3277 φείδεσθαι
518 3191 603 3276 δεῖν,
621 3184 701 3277 μηδ’
721 3180 837 3255 αύτιόν
854 3189 924 3254 τόν
941 3189 1077 3253 οίκείων

60 3321 89 3360 εο
106 3292 231 3377 μελοῖν.
263 3303 333 3368 τοῖς
352 3289 390 3358 δὲ
407 3291 708 3379 μεταβαλλομένοις
723 3289 759 3358 ἐκ
773 3293 937 3377 πονηρίας
953 3293 1076 3373 φιλαν-

179 3524 210 3571 15
225 3511 400 3588 Ἰουλιανός]
419 3537 445 3586 p.
464 3524 523 3586 336,
542 3521 574 3572 A.
