2562 3814
204 159 267 226 178
527 162 599 222 Lm.
612 162 689 214 vm.
709 160 787 214 οιΡ.
799 161 850 214 111.

202 297 507 388 ἀνανταγώνιστον.
552 297 756 391 στρατιώτας
778 327 815 370 τε
838 289 902 370 οὖν
919 299 1098 387 κατέλεγον
1115 299 1173 369 καὶ

176 409 178 412 ’
205 400 356 496 χρήματα
387 398 546 491 ἤθροιζον
569 399 740 491 φρουρούς
764 423 800 470 τε
824 403 858 482 ἐς
881 398 939 482 τὰς
963 405 1174 490 συμμαχίδας

205 502 321 586 πόλεις
340 504 536 593 διέπεμπον,
554 502 673 593 ἵναμή
692 504 749 573 καὶ
767 509 893 573 ἐκεῖναι
909 495 1098 590 άποστώσι,
1116 510 1175 572 καί

204 634 299 687 τινας
330 602 595 695 προαισθόμενοι
623 607 885 694 νεωτεριοῦντας
919 603 998 686 τούς
1021 600 1174 692 πρώτους

206 703 319 778 αὐτοῖν
344 702 517 778 ἐκόλασαν.
559 711 619 776 καί
638 733 729 787 τινες
758 711 828 776 τών
851 713 1107 795 Πραινεστίνων
1138 707 1199 786 ἐςε

172 808 271 897 Βτήν
289 804 417 897 Ῥώμην
447 803 608 898 ιἰχθέντες
638 809 717 897 περὶ
744 813 862 895 δείλην
890 803 994 892 ὁσίαν
1026 812 1073 888 είς
1098 802 1176 887 τούς

206 906 404 999 θησαυρούς
418 910 474 979 ἐπὶ
492 911 629 1000 φυλακή
648 905 901 1000 ἐνεβλήθησαν,
919 914 980 978 καί
993 935 1043 991 τις
1060 903 1176 988 αὐτοῖς

208 1015 246 1082 ἐκ
263 1008 386 1082 τούτου
400 1008 546 1101 χρησμὸς
561 1007 791 1100 ἐπεπλήρωτο·
821 1007 971 1100 ἐχρήσθη
984 1007 1048 1100 γάρ
1062 1006 1176 1090 αὐτοῖς

207 1138 289 1184 ποτε
312 1110 363 1183 ὅτι
380 1102 459 1194 ’τούς
483 1117 552 1182 τών
571 1106 742 1202 Ῥωμαίων
765 1113 947 1194 καθέξουσι
968 1108 1174 1201 θησαυρούς.

206 1215 264 1284 καὶ
290 1210 308 1284 ὁ
333 1213 398 1303 μὲν
418 1209 565 1305 χρησμός
588 1219 636 1295 είς
660 1219 757 1284 τοῦτο
780 1211 907 1302 άπέβη,
931 1216 1054 1284 ἐκείνοι
1078 1213 1118 1282 δέ
1137 1238 1176 1300 με
1189 1241 1215 1281 10

209 1311 394 1388 ἀπώλοντο.
628 1315 652 1370 Γ
924 1400 927 1410 Ι

288 1414 475 1508 Οὐαλέριον
506 1415 544 1486 δὲ
569 1422 756 1488 Λαουίνιον
786 1417 841 1486 ἐπὶ
870 1415 931 1487 τὸν
953 1413 1093 1506 Πύρρον
1120 1418 1177 1485 καὶ

197 1517 286 1599 Ιτοὺς
310 1522 538 1609 Ταραντίνους
564 1519 620 1586 καὶ
642 1517 721 1599 τούς
739 1513 861 1600 ἄλλους
882 1513 962 1600 τούς
977 1515 1044 1587 σὺν
1062 1514 1177 1598 αὐτοῖς

208 1615 454 1708 ἀπεστάλκασι,
481 1624 541 1690 καί
561 1646 593 1688 τι
616 1619 673 1688 καλ
699 1621 736 1692 ἐν
758 1623 806 1713 τῷ
829 1616 921 1689 ἄστει
943 1621 1004 1689 τοῦ
1021 1615 1177 1708 στρατιά·

209 1747 311 1811 ματος
337 1721 506 1811 κατέσχον.
550 1717 568 1790 ὁ
593 1722 679 1810 γοῦν
695 1726 877 1803 Λαονίνιος
901 1717 1007 1802 εὐθὺς
1025 1716 1177 1809 ἐξεστρά-
1192 1745 1216 1785 ιο

210 1843 348 1911 τευσεν,
379 1827 437 1892 ἰὐα
467 1819 669 1915 πορρωτάτω
699 1819 759 1892 τὸν
789 1817 936 1911 πόλεμον
965 1824 1024 1909 τῆς
1054 1826 1179 1901 οἰκείας

211 1921 410 2012 ποιήσηται·
437 1923 565 1994 καὶτὸν
578 1919 721 2014 Πύρρον
738 1920 960 2016 καταπλήξειν
976 1919 1130 2012 ήλπισεν,
1150 1928 1180 1994 εί

211 2021 329 2108 αὐτοῖς
360 2025 534 2097 ἐθελονταὶ
569 2026 713 2115 ἐπίοιεν,
744 2019 803 2108 οὓς
834 2017 960 2107 ἐκεῖνος
987 2033 1180 2116 πολιορκεῖν

111 2124 449 2217 Ρῐετιπροσεδόκησε.
493 2123 684 2198 nal-&mv
706 2133 832 2217 χοιρίον
852 2156 883 2198 τι
906 2129 975 2196 τών
993 2127 1179 2198 Λευκανών

211 2225 302 2300 εἷλεν
321 2225 462 2319 ίσχυρδν
479 2229 535 2298 καὶ
550 2230 736 2318 ἐπίκαιρον,
754 2229 810 2298 καὶ
828 2225 974 2319 δύναμίν
987 2255 1062 2298 τινα
1081 2228 1117 2296 ἐν
1134 2229 1175 2317 τή
1190 2249 1216 2294 ιο

145 2369 149 2378 -
209 2337 383 2441 Λευκανίμ
400 2329 596 2420 κατέλιπεν,
616 2335 793 2420 εἴρξουσαν
811 2327 932 2412 αὐτοὺς
944 2332 1006 2400 τοῦ
1019 2329 1179 2420 ἐπαρῆξαι

210 2444 282 2510 τοῖς
300 2433 473 2512 ἐναντίοις.

288 2533 356 2601 Καὶ
387 2527 568 2622 ὁΠάρρος
598 2527 721 2621 μαθών
744 2531 804 2602 τὸν
826 2538 1011 2604 Λαουίνιον
1040 2529 1180 2620 πλησιά-

212 2640 309 2716 ζοντα
322 2631 575 2723 προεξώρμησε,
594 2634 651 2704 καὶ
665 2631 1035 2725 στρατοπεδευσάμενος
1048 2641 1181 2723 τρίβειν

211 2729 316 2822 ήθελε
339 2732 400 2804 τὸν
422 2733 557 2824 καιρόν,
587 2731 766 2824 άναμέναν
788 2733 867 2818 τούς
892 2733 1179 2827 συμμαχήσοντας.
1192 2757 1218 2800 ιε

211 2836 269 2906 καὶ
284 2841 331 2929 τῷ
348 2842 523 2930 Λαουινίμ
542 2837 731 2908 ἐπέστειλεν
747 2833 992 2928 ὑπερηφάνως,
1017 2833 1062 2920 ώς
1079 2865 1183 2908 κατα-

212 2934 348 3028 πλήξειν
378 2933 497 3021 αὐτόν·
539 2934 607 3027 εἶχε
635 2937 672 3008 δέ
702 2932 860 3031 ήνραφή
885 2929 961 3010 ώδε.
993 2936 1012 2964 “
1021 2938 1182 3020 Βασιλεὺς

211 3036 349 3130 Πύρρος
380 3044 553 3134 Λαουινίςο
583 3045 722 3131 χαίρειν.
766 3037 991 3130 πυνθάνομαί
1018 3061 1056 3111 σε
1078 3037 1182 3130 στρά·

210 3165 317 3228 τευμα
341 3140 396 3210 ἐπὶ
418 3147 647 3230 Ταραντίνους
670 3137 773 3230 ἄνειν.
815 3138 853 3213 ιδ
870 3141 933 3233 μὲν
949 3133 1015 3213 οὖν
1031 3139 1182 3230 ἀπόπεμ-

211 3255 295 3330 ψον,
325 3236 424 3324 αὐτὸς
450 3242 487 3313 δὲ
504 3237 576 3332 μετ’
602 3240 726 3332 ὀλίγον
751 3233 812 3332 ήκε
833 3241 919 3335 πρὸς
944 3245 1017 3334 ἐμέ·
1053 3240 1181 3314 δικάσω
1194 3263 1220 3306 ω

211 3337 276 3430 γάρ
299 3336 382 3430 ὑμῖν
406 3340 470 3431 ἐγώ
496 3354 530 3414 ελ
542 3372 575 3414 τι
592 3341 745 3434 άλλήλοις
759 3347 946 3436 ἐγκαλεῖτε,
965 3347 1022 3416 καὶ
1039 3341 1182 3426 άιιοντας

177 3437 254 3512 Βτά
272 3447 386 3513 δίκαια
403 3458 514 3516 ποιεῖν
530 3441 740 3534 άναγκάσα.”
781 3453 964 3530 Λαουίνιος
982 3447 1019 3518 δὲ
1036 3443 1117 3518 τάδε
1134 3452 1182 3540 τῷ
