2566 3800
203 150 269 214 210
516 151 590 203 mn.
609 151 686 202 x111.
706 149 787 203 σει).
804 151 868 205 x11.

205 297 241 362 οί
257 289 540 381 προσυπήντησεν
557 288 579 380 ῆ
598 289 784 379 σύγκλητος
802 291 860 361 καὶ
877 288 895 361 ὁ
914 295 1019 380 δῆμος
1037 291 1093 360 καὶ
1111 290 1185 364 σύν
1282 320 1283 327 “

206 389 370 482 εύφήμοις
388 408 520 482 φωναῖς
538 399 712 484 προῆλθεν
730 398 778 474 είς
795 391 837 462 τά
854 399 1019 482 βασίλεια,
1043 393 1101 462 καὶ
1119 399 1183 482 τῆς

205 502 274 566 τῶν
291 499 416 565 κοινῶν
433 494 628 583 διοικήσεως
644 491 763 583 ῆιγατο.
797 492 836 564 τδ
854 494 894 564 δὲ
910 500 972 564 τού
989 503 1179 566 Κωνσταυ-

203 599 280 668 τίου
305 601 403 686 σῶμα
426 594 464 666 τδ
488 595 557 668 σύν
581 598 700 690 έκείνφ
723 593 960 687 στρατιωτικῶν
982 597 1041 666 καὶ
1064 601 1099 666 οί
1114 594 1183 686 ἀρ-

205 725 321 789 χοντες
346 694 400 768 ἐπ’
419 693 585 788 ὀχήματος
610 703 659 780 είς
675 695 1041 770 Κωνσταντινούπολιυ
1063 697 1208 768 διεκύ-ε

169 829 194 880 B
206 819 325 891 μισαν·
352 791 380 893 ᾦ
402 800 462 868 καὶ
485 798 503 870 δ
524 794 708 881 Ἰουλιανδς
725 798 986 891 προσυπῆιπησε
1001 799 1060 868 καὶ
1076 800 1183 891 προέ-

207 917 330 992 πεμψε,
357 900 594 991 περιελόμενος
617 901 678 990 τῆς
701 907 851 991 κεφαλῆς
873 899 911 970 τδ
928 901 1084 991 διάδημα.
1115 927 1181 972 κα-

207 1007 327 1091 τετέθη
345 999 417 1074 δὲὸ
436 1009 499 1072 τού
516 1002 778 1091 τελευτήσαντος
795 1001 916 1094 νεκρδς
933 997 1185 1094 αὐτοκράτορος

208 1109 246 1176 ἐν
262 1111 311 1198 τῷ
328 1109 399 1174 τῶν
410 1100 526 1192 ’ἁγίων
540 1101 753 1176 Ἀποστόλιον
769 1110 854 1198 ναῶ.
889 1104 1037 1186 πολλούς
1055 1103 1095 1174 δέ
1110 1109 1183 1174 τῶν

206 1207 285 1298 περὶ
308 1202 349 1274 τά
366 1212 520 1294 βασίλεια
537 1204 555 1277 ὁ
576 1203 761 1287 Ἰουλιανὸς
776 1204 858 1288 τούς
875 1204 938 1295 μὲν
955 1203 1081 1294 ἀνεῖλε,
1099 1203 1182 1288 τούς
1196 1236 1221 1276 ιε

207 1307 246 1378 δὲ
271 1305 460 1400 ὑπερώρισε
486 1307 543 1378 καί
565 1334 637 1378 τιιν
655 1303 783 1378 ούσιῶν
800 1304 1015 1398 ἀπεστέρησε.
1050 1321 1125 1388 ταῖς
1143 1307 1183 1378 δὲ

206 1419 343 1492 λοιπαῖς
373 1415 434 1498 τῆς
464 1413 636 1498 βασιλείας
666 1408 848 1497 διοικήσεσι
875 1409 934 1478 καί
962 1407 1001 1478 τδ
1036 1407 1184 1493 δικάζειν

206 1513 395 1582 συνέταττε.
431 1509 512 1580 ποτε
535 1515 623 1598 γοῦν
647 1509 791 1594 δικάζων
812 1511 882 1580 τινὶ
898 1510 1099 1600 κεκλοφέναι
1114 1536 1181 1579 κα-

205 1612 446 1704 τηγορουμένῳ
471 1610 615 1700 δημόσια
639 1611 790 1702 χρήματα
813 1613 871 1681 καί
887 1610 950 1700 τήν
966 1611 1098 1702 κλοπῆν
1116 1606 1182 1704 ἀρ-

205 1715 373 1807 νουμένῳ,
390 1709 471 1784 Ιἐπεὶ
496 1711 515 1782 ὁ
533 1711 718 1804 κατήγορος
730 1710 819 1795 “τίς”
839 1719 904 1803 ἔφη
926 1707 1103 1802 “βασιλεύ,
1122 1711 1179 1784 ἐπ’
1195 1740 1221 1782 ιε

207 1813 387 1904 ἐγκλήματι
413 1819 514 1901 δίκην
532 1810 682 1906 ύπύσχη,
701 1820 734 1885 εί
750 1817 783 1898 ἐξ
802 1811 975 1905 ἀρνήσεως
994 1812 1183 1905 ῶφελοῖντο

206 1921 242 1986 οί
257 1912 482 2003 αἰτιῶμενοι”;
502 1919 629 1998 ἐκεῖνος
643 1913 909 2007 ἀνταπεκρίνατο
925 1914 1003 1986 “nal
1022 1924 1074 1998 τίς
1088 1922 1183 1988 ἔσται

206 2011 367 2102 ἀναίτιος,
386 2023 419 2087 εί
435 2018 582 2108 ἐλέγχων
599 2016 684 2088 ἀνευ
701 2017 911 2089 πιστεύοιντο
924 2023 960 2088 οί
970 2016 1182 2109 κατήγοροι”ς
1281 2093 1282 2100 ς

171 2119 399 2210 Οίχρημάτιζε
429 2119 468 2190 δὲ
497 2121 555 2190 καὶ
584 2119 764 2211 πρέσβεσιν
795 2121 832 2189 ἐκ
858 2119 1034 2211 διαφόρων
1065 2123 1181 2190 ἐθνῶν
1280 2113 1282 2172 ί

206 2230 355 2293 σταλεῖσι
372 2220 457 2312 πρδς
469 2220 531 2292 τδν
543 2221 791 2292 Κωνστάντιον.
815 2220 931 2291 καὶτὰ
948 2221 1180 2310 στρατεύματα
1193 2247 1219 2290 ιο

207 2325 246 2394 δέ
271 2323 488 2394 ἐπεσκέπτετο
513 2323 570 2392 καὶ
588 2322 728 2411 ἐξήταζε,
753 2319 792 2392 τύ
810 2322 900 2392 πολύ
916 2349 952 2392 τε
969 2327 1030 2410 τῆς
1047 2330 1182 2411 βασιλι-

206 2430 268 2512 κῆς
285 2428 469 2514 θεραπείας
487 2419 717 2512 ἀπεπέμφατο.
752 2425 878 2515 κουρέα
893 2451 930 2494 τε
952 2423 1111 2513 ζητήσας,
1136 2421 1182 2506 ῶς
1271 2476 1278 2489 .

206 2521 403 2614 προσῆλθεν
427 2518 522 2617 αύτῷ
546 2527 616 2594 τῶν
633 2533 878 2596 Κωνσταντίου
903 2525 1050 2618 κουρεύς
1068 2533 1181 2596 πολυ-

204 2629 308 2705 τελῶς
327 2625 537 2714 ἐσταλμένος,
555 2627 681 2716 κουρέα
693 2633 802 2714 ζητεῖν
816 2625 922 2714 εἶπεν,
936 2622 1012 2697 ἀλλ’
1033 2622 1076 2696 ού
1091 2648 1180 2715 συγ-

204 2725 373 2815 κλητικύν,
398 2727 455 2796 καὶ
480 2724 587 2798 αύτδν
610 2724 840 2817 ἀπεπέμψατο.
876 2730 934 2798 καὶ
956 2727 1118 2820 μάγειρον
1142 2727 1219 2808 δὲςς

204 2833 275 2899 τῶν
291 2833 475 2916 βασιλικῶν
489 2831 527 2899 ἐν
545 2831 664 2918 ἐσθῆτι
680 2831 894 2923 λαμπροτέρα
910 2836 970 2919 τῆς
987 2828 1182 2922 ύπυυργίας

207 2929 317 3001 αύτού
333 2931 556 3021 θεασάμενος,
574 2929 709 3001 καὶτὸν
727 2933 850 3002 ἑαυτοῦ
867 2935 1100 3022 μετεπέμψατο
1116 2928 1181 3021 μύ-

207 3059 320 3124 γειρον
344 3031 429 3104 κατά
451 3032 612 3124 μάγειρον
638 3033 856 3121 ἐσταλμένον·
891 3035 950 3104 καὶ
972 3033 1072 3124 ήρετο
1095 3031 1181 3114 τούς
1276 3102 1279 3107 ,

208 3133 378 3225 παρέντας
396 3131 542 3225 πότερον
559 3133 672 3204 αὐτῶν
688 3142 836 3228 κρίνοιεν
852 3134 1022 3228 μάγειρον.
1053 3139 1124 3204 τῶν
1140 3132 1181 3203 δέ

170 3232 266 3311 ωτόν
297 3233 439 3318 εύτελῶς
467 3235 632 3308 είπόντων
664 3238 932 3327 ἐσκευασμένον,
962 3236 1179 3328 παρῃτήσατο
1194 3275 1220 3316 ,0

205 3333 266 3403 τὸν
290 3337 419 3407 λοιπόν.
455 3343 561 3408 ταῦτα
588 3336 620 3407 δ’
649 3341 754 3410 ἐποίει
777 3337 882 3422 δόξαν
903 3344 1023 3431 θηρῶν
1048 3341 1086 3408 έκ
1114 3340 1179 3407 τοῦ

207 3437 321 3504 δοκεῖν
346 3435 519 3527 ἀπέριττος
543 3441 600 3510 καὶ
623 3439 730 3522 ὄντως
753 3439 947 3532 φιλόσοφος.
981 3455 1054 3522 τοῖς
1071 3460 1179 3531 στρα-
