2562 3814
207 167 267 231 100
545 167 618 220 ιιι,
632 167 692 222 v11.
711 166 789 221 οΑΡ.
803 169 835 218 v.

207 335 267 396 μος
286 304 515 396 εὐφημοῦντες
533 309 589 375 καί
607 312 786 396 χαίροντες.
823 307 894 375 ἐπεὶ
914 305 952 376 δέ
970 307 1176 394 κατέστησαν

209 415 256 489 είς
273 407 335 496 τῆν
358 405 502 498 ἀγοράν,
529 409 813 498 ’προσφερομένων
838 401 930 500 αύτῷ
952 411 1021 477 τοῦν
1045 414 1177 494 βασιλι-

208 513 279 581 κῦν
295 509 515 599 παρασῆμων,
536 509 687 598 ἐπισχεῖν
705 509 863 591 κελεύσας
883 515 947 598 ἐφη
966 515 1102 579 δεῖσθαι
1119 511 1177 579 καί

207 617 293 682 θεοῦ
310 610 372 698 τῆν
391 618 566 698 βασιλείαν
583 613 807 698 ἐμπεδοῦντος
824 606 926 703 αύτῷ.
964 607 1094 681 ἄνεισιν
1113 599 1177 682 οῦν

209 721 255 794 είς
273 711 311 783 τῦ
328 709 560 800 Καπιτωλιον,
585 713 640 781 καί
660 706 788 801 θύσας,
810 708 898 781 οὕτω
916 739 952 782 τε
968 708 1030 799 τῆν
1048 719 1205 800 βασιλι-ι»

208 814 274 901 κῆν
291 811 472 902 ἀναλαβών
491 817 636 902 ἐσθῆτα,
654 815 840 901 κατέβαινε.
921 857 924 861 -

104 937 212 990 W1110
289 911 505 1004 Παραλαβοδν
530 915 567 985 δέ
589 914 653 1002 τὴν
676 911 783 1004 ἀρχῆν
806 919 940 1004 πρῶτον
963 914 1026 1002 μὲν
1047 914 1084 983 τδ
1108 917 1177 984 των

207 1023 408 1107 τριακοσίων
426 1019 560 1088 διέλυσε
579 1015 747 1105 σύστημα,
766 1007 825 1096 οῦς
844 1014 971 1103 περὶτὰ
991 1017 1086 1105 στῦμα
1099 1013 1178 1086 Ῥω-

208 1117 313 1210 μύλος
338 1119 427 1208 εἶχεν
451 1116 518 1189 ἀεί·
548 1116 589 1188 ού
606 1116 670 1207 γάρ
689 1123 764 1188 δεῖν
786 1113 940 1186 ἀπιστεῖν
962 1116 1180 1188 πιστεύουσιν

208 1228 339 1310 ἔλεγεν,
372 1216 455 1290 ούδέ
480 1218 674 1309 βασιλεύειν
702 1216 936 1288 ἀπιστούντων
964 1214 1074 1307 ῆξίου·
1106 1218 1178 1289 είτα
1192 1248 1220 1288 ιο

174 1320 271 1410 Βτῆν
288 1319 388 1392 πόλιν
414 1325 451 1392 ἐκ
474 1323 619 1412 σκληρᾶς
643 1323 699 1390 καί
724 1323 904 1410 πολεμικῆς
929 1322 1089 1409 ἐπεχείρει
1114 1349 1178 1410 μαό

209 1425 402 1512 λακωτίραν
419 1426 557 1511 ποιῆσαι
572 1424 628 1492 καί
643 1424 912 1512 είρηνικωιέραν.
940 1417 1179 1510 ἀνθρωποειδῆ

208 1553 244 1598 τε
273 1527 330 1594 καὶ
360 1522 555 1614 ζωόμορφον
586 1521 700 1594 εἰκόνα
730 1526 816 1594 θεοῦ
843 1520 982 1594 ἀνιστᾶν
1008 1521 1179 1613 Ῥωμαίοις
1224 1552 1227 1557 ·

208 1625 405 1716 ἀπείρηκεν·
435 1622 520 1695 ὅθεν
537 1621 614 1694 οὐδ’
635 1614 679 1712 ῆν
696 1622 776 1714 παρ’
798 1619 912 1707 αύτοϊς
935 1621 1012 1696 οῦτε
1029 1625 1179 1714 γραπτὸν

209 1727 286 1798 οῦτε
304 1723 451 1796 πλαστὸν
477 1725 564 1808 εἶδος
587 1731 689 1813 θεοῦ,
715 1729 751 1796 ἐν
770 1724 889 1797 ἑκατὸν
915 1727 953 1796 δέ
975 1725 1057 1816 πρὸς
1075 1729 1178 1814 ἑβδο-
1192 1755 1221 1796 15

209 1826 358 1917 μῆκοντα
377 1834 463 1897 ἔτεσι
480 1830 574 1898 ναοῦν
591 1823 704 1910 αὐτοῖς
722 1825 987 1918 ἀνεγειρομένων
1004 1823 1105 1898 ούδέν
1119 1835 1178 1917 ἔμ-

210 1957 342 2020 μορφον
369 1933 507 2000 ἐποίουν
530 1927 724 2019 ἀφίδρυμα,
750 1927 795 2010 ὡς
818 1926 896 1999 οῦτε
918 1925 1012 2002 ὅσιον
1034 1927 1179 2018 ἀφομοι-

209 2034 271 2100 οῦν
287 2047 357 2112 τοίς
374 2037 502 2121 χείροσι
519 2028 559 2100 τά
573 2037 730 2119 βελτίονα
747 2027 824 2101 οῦτε
843 2030 1052 2120 ἐφάπτεσθαι
1069 2028 1179 2113 ἄλλως

209 2135 295 2203 θεοῦ
313 2132 459 2204 δυνατὸν
476 2129 496 2221 ῆ
514 2130 637 2222 νοήσει.
679 2134 735 2204 καί
752 2131 810 2213 τάς
828 2139 952 2213 θυσίας
977 2133 1014 2202 δέ
1037 2130 1178 2221 ἀναιμά-

209 2263 307 2314 κτους
324 2247 497 2306 ποιεϊσθαι
522 2236 679 2305 ἐθέσπισε
705 2229 751 2303 δι’
771 2231 924 2322 ἀλφίτων
944 2261 980 2304 τε
998 2232 1054 2303 καὶ
1072 2255 1179 2304 σπον-
1193 2260 1222 2302 εο

211 2339 285 2425 δῆς·
312 2342 386 2406 δεῖν
402 2333 468 2426 γάρ
486 2335 562 2414 τοῦς
580 2335 698 2422 θεούς,
724 2333 858 2424 είρῆνης
882 2339 938 2404 καὶ
962 2333 1178 2424 δικαιοσύνης

210 2433 364 2522 φύλακας
394 2432 509 2525 ὄντας,
546 2433 654 2523 φόνου
685 2437 857 2526 καθαρούς
889 2437 990 2508 εἶναι·
1027 2436 1108 2526 μήτε
1140 2437 1180 2507 δὲ

177 2533 348 2606 Οάκούειν
371 2565 401 2606 τι
424 2543 492 2607 τοῦν
515 2544 623 2608 θείων
652 2536 736 2628 μῆτε
764 2536 849 2629 δρῦν
881 2542 917 2609 ἐν
940 2541 1095 2632 παρέργφ
1121 2542 1181 2608 καὶ

210 2637 357 2728 ἀμελῶς,
383 2633 467 2708 ἀλλά
490 2637 615 2729 σχολῆν
639 2635 781 2728 ἀγοντας
804 2636 870 2710 ἀπὸ
893 2643 962 2711 των
986 2641 1099 2711 ἀλλων
1121 2644 1180 2710 καὶ

210 2739 433 2830 προσέχοντας
451 2740 513 2829 τῆν
532 2740 686 2812 διάνοιαν
705 2739 749 2823 ύς
763 2740 881 2832 πράξει
893 2749 1033 2832 μεγίστη
1046 2744 1088 2832 τῆ
1099 2744 1180 2830 περὶ
1196 2767 1224 2810 ει

209 2840 272 2929 τῆν
290 2837 472 2932 εύσέβειαν.
517 2844 554 2911 ἐκ
577 2843 615 2912 δέ
632 2841 761 2914 τούτων
783 2846 840 2914 καὶ
863 2840 975 2914 ἀλλων
998 2841 1179 2933 πλειόνων,
1270 2869 1272 2876 ’

210 2937 231 3011 ἀ
251 2940 306 3012 διά
323 2941 359 3014 τὸ
377 2947 508 3032 πλῆθος
526 2941 735 3034 παρῆκαμεν,
755 2943 911 3015 διάθεσιν
928 2943 1010 3037 πρὸς
1028 2943 1065 3015 τδ
1079 2957 1181 3017 θεῖον

210 3061 280 3125 τοῖς
297 3042 371 3116 τότε
388 3040 583 3137 ἀνθρώποις
602 3048 635 3129 ἐξ
652 3049 794 3136 ἐθισμοῦ
810 3043 958 3136 ὁΝόμας
973 3049 1180 3136 ἐνεποίησεν.
1270 3139 1271 3144 ¹

211 3141 313 3216 αὐτὸν
332 3147 368 3216 δὲ
385 3145 474 3216 οὕτω
499 3147 604 3236 φασίν
623 3154 670 3230 είς
692 3147 729 3218 τὸ
751 3160 850 3220 θείου
872 3145 1084 3240 ἀνηρτῆσθαι
1104 3164 1182 3232 ταῖς
1269 3215 1271 3244 ,

212 3249 344 3318 ἐλπίσιν
367 3245 452 3318 ὥστε
469 3256 712 3338 προσαγγελίας
736 3248 828 3346 αύτῷ
845 3248 973 3322 θύουτί
991 3275 1071 3322 ποτε
1088 3279 1180 3340 γινο-
1196 3279 1223 3322 εο
1269 3271 1271 3336 f

194 3349 312 3435 Ιμε’νης
336 3344 381 3428 ὦς
401 3350 594 3440 ἐπέρχονται
616 3351 766 3440 πολέμιοι
794 3355 965 3441 μειδιᾶσαι
988 3353 1044 3424 καί
1069 3358 1181 3426 εἰπεῖν
1268 3345 1271 3386 ³

205 3443 295 3532 “ἐγιδ
313 3447 351 3516 δδ
363 3446 468 3519 θύω.”
499 3453 554 3522 καί
572 3449 635 3541 τῆν
651 3450 764 3544 χώραν
783 3453 820 3525 δέ
836 3447 880 3543 ῆν
898 3457 1001 3546 αίγμῆ
1013 3448 1181 3543 Ῥωμύλος
