2566 3800
230 183 293 247 172
559 181 867 265 12113.XI11.QAP.1;

125 335 231 455 W11118
311 323 409 396 Οὕτω
427 315 551 413 μὲν
507 352 589 411 ουν,
608 321 653 404 ώς
672 334 817 413 εἴρηται,
835 351 893 410 της
910 349 969 392 του
989 318 1113 410 πατρὸς
1131 327 1199 407 βα·
1271 373 1273 378 -

134 403 396 521 PHAltmlslag‘
380 453 398 496 ο
422 427 526 514 μέγας
543 435 801 506 Κωνσταντῑνος
826 423 977 513 διάδοχος
1001 421 1199 510 γέγονεν,ὁ

231 529 269 596 ἐν
293 525 536 615 βασιλευσιν’
517 555 557 596 αο
560 531 670 616 ίδιμος
687 554 744 595 και
733 527 800 595 ἐν
818 523 1050 616 ὀρθοδόξοις’
1032 523 1198 612 επισημό-

227 655 333 710 τατος.
376 625 414 709 ὃς
447 631 484 698 ἐκ
513 655 572 716 της
601 635 768 719 μακαρίας
794 626 928 715 Ἑλένης
957 627 1117 714 γεγένητο
1147 629 1199 718 τῷ

229 735 348 819 πατρί,
378 731 455 820 περὶ
486 721 527 818 ἧς
562 734 793 816 διαφωνοῦσιν
829 733 865 798 οί
893 741 1101 819 συγγραφεῖς
1139 728 1225 796 καὶὸ

228 825 311 920 παρ’
337 827 453 912 αὐτοῖς
480 829 521 900 τά
552 832 631 921 περὶ
665 830 788 918 ταύτης
811 827 872 918 οὐχ
901 824 1119 918 ώμολόγηται.
1163 835 1203 898 ολ

125 993 128 998 .
227 932 290 1020 μὲν
312 931 379 1021 γὰρ
401 938 450 1025 τῷ
474 930 672 1002 Κώνσταντι
696 930 791 1024 νόμῳ
821 929 930 1020 γάμου
953 931 1060 1019 φασὶν
1088 924 1201 1018 αάτὴν

229 1049 418 1122 συνοικεῖν,
442 1028 707 1123 ἀποπεμφθῆναι
731 1035 787 1121 δέ,
810 1037 871 1102 τοῦ
889 1034 1105 1121 Μαξιμιανοῦ
1119 1030 1201 1121 Ἑρ-

229 1141 389 1222 κουλίου,
414 1132 459 1217 ώς
484 1142 676 1226 ἔμπροσθεν
701 1145 844 1226 εἴρηται,
862 1133 925 1222 την
943 1139 1073 1203 οἰκείαν
1090 1138 1203 1202 παῖδα

228 1235 291 1326 τὴν
317 1236 500 1328 Θεοδώραν
522 1236 633 1330 τούτῳ
661 1235 951 1324 κατεγγυησαντος
974 1235 1032 1303 καὶ
1055 1228 1202 1304 ἀναδεί-
1216 1257 1239 1303 10

228 1341 346 1421 ξαντος
364 1345 536 1428 Καίσαρα·
564 1342 602 1406 oc
622 1337 661 1406 δὲ
678 1334 720 1406 οὐ
746 1335 895 1426 γαμετὴν
913 1333 1021 1424 αὐτὴν
1038 1337 1205 1422 γενέσθαι

229 1439 371 1529 νόμιμον
387 1445 449 1510 τοῦ
467 1438 690 1520 Κώνσταντος
709 1439 903 1530 ἱστόρησαν,
921 1434 1008 1506 ἀλλά
1026 1437 1203 1527 πάρεργον

194 1544 399 1632 Βέρωτικών
418 1544 618 1638 ἐπιθυμιῶν,
636 1541 692 1609 καὶ
711 1542 744 1623 ἐξ
763 1542 894 1609 ἐκείνου
911 1544 1032 1608 τοῦτον
1050 1537 1091 1626 δη
1111 1549 1200 1608 συλ-

229 1643 395 1730 λαβέσθαι
410 1640 469 1710 τὸν
482 1642 589 1729 μέγαν
601 1651 871 1712 Κωνσταντῖνον.
903 1639 1138 1728 διαδεξάμενος
1161 1641 1203 1710 δὲ

228 1744 291 1832 τὴν
301 1749 474 1831 βασιλείαν
485 1741 549 1829 τὴν
560 1741 725 1833 πατρικὴν
735 1735 818 1834 ἦρχε
829 1747 1079 1832 τῆςΒρετανίας
1087 1768 1124 1811 τε
1136 1743 1199 1812 καλ
1214 1767 1236 1808 ιε

229 1849 298 1913 τών
313 1841 469 1914 ’Ἄλπεων
491 1845 549 1913 καὶ
574 1845 629 1914 ἐπὶ
652 1844 788 1925 ταύταις
810 1849 880 1913 τών
898 1848 1069 1930 Γαλλιών,
1087 1849 1135 1912 ἔτι
1155 1849 1200 1934 τῇ

228 1951 298 2014 τών
311 1943 482 2034 Ἑλλήνων
500 1953 666 2038 θρησκείᾳ
689 1953 929 2036 προσκείμενος
951 1945 1009 2014 καὶ
1030 1959 1102 2025 τοῖς
1119 1973 1200 2036 χρι-

230 2060 377 2128 στιανοῑς
402 2044 649 2137 ἀντικείμενος,
674 2045 765 2136 παρὰ
792 2045 949 2128 Φαώστας
975 2052 1034 2134 τῆς
1051 2052 1200 2135 γαμετῆς

230 2155 278 2229 είς
309 2154 408 2238 ζῆλον
437 2154 496 2237 τῆς
526 2153 595 2218 τών
626 2148 777 2218 εἰδώλων
808 2153 903 2238 τιμῆς
940 2147 1199 2236 ἐκκαλούμενος.

228 2251 382 2339 θυγάτηρ
406 2247 439 2319 δ’
464 2243 509 2338 ἦν
532 2247 553 2338 ἡ
579 2249 717 2321 Φαύστα
745 2255 808 2319 τοῦ
831 2251 1060 2338 Μαξιμιανοῦ·
1092 2244 1201 2332 αὐτὸς
1214 2276 1239 2316 ιο

228 2351 294 2441 γάρ
318 2353 374 2420 καὶ
397 2347 415 2419 ὁ
439 2349 551 2441 πατὴρ
575 2349 739 2438 ἀδελφαῖς
763 2350 944 2444 συνώκανν
968 2355 1057 2420 δυσί,
1091 2357 1203 2440 τριών

229 2451 261 2520 δ’
289 2450 400 2520 ὅντων
423 2455 492 2519 τών
518 2453 701 2540 βασιλέων,
726 2449 835 2522 αὐτοῦ
852 2458 1114 2522 Κωνσταντίνου
1140 2454 1205 2520 καὶ

228 2557 381 2620 Λικινίου
405 2551 463 2618 καὶ
487 2554 699 2640 Μαξεντίου,
726 2551 763 2635 δς
788 2556 825 2623 ἐν
842 2558 884 2644 τῇ
897 2550 1004 2642 Ῥώμη
1022 2553 1079 2621 καὶ
1097 2553 1138 2621 ἐν
1158 2560 1205 2644 τῇ

224 2649 347 2744 Ἰταλίη
366 2649 504 2741 ἐκράτει,
523 2651 742 2736 ὁΜαξέντιος
759 2647 870 2742 οὗτος,
884 2652 946 2743 οὐχ
964 2651 1010 2734 ώς
1022 2655 1205 2743 βασιλεύς,

134 2762 220 2814 PII2
230 2747 306 2822 ἀλλ’
328 2751 374 2838 ώς
391 2752 557 2844 τύραννος
574 2749 733 2846 ἀντικρυς
750 2761 854 2844 διῆγε,
868 2765 1008 2826 πλεῖστα
1027 2754 1123 2824 δεινὰ
1143 2759 1208 2826 καὶ
1220 2782 1246 2822 ιε
1268 2801 1270 2812 ‹

193 2831 337 2925 Αἀτοπα
359 2870 430 2954 τοῖς
452 2853 514 2925 ὑπ’
535 2852 645 2926 αὐτοῦ
668 2857 953 2947 τυραννουμένοις
977 2857 1127 2944 ἐπάγων,
1157 2857 1209 2942 ώς

195 3007 197 3012 -
228 2955 294 3046 ἤδη
320 2984 376 3046 μοι
406 2955 666 3049 ἀναγέγραπται.
716 2955 738 3027 6
768 2958 813 3048 μὴ
844 2959 1004 3052 φέροντες
1028 2962 1063 3026 ολ
1087 2959 1128 3027 ἐν
1160 2967 1208 3051 τῇ
1267 3025 1269 3040 ,

223 3057 331 3148 Ῥώμη
349 3060 592 3147 διαπέμπονται
609 3058 694 3148 πρδς
711 3058 771 3129 τδν
789 3069 1064 3147 Κωνσταντῐνον,
1083 3056 1210 3130 ἀπαλ-
1267 3059 1269 3080 *

228 3158 324 3240 λάξαι
349 3165 439 3246 σφοῖς
463 3164 522 3247 τῆς
545 3165 748 3250 τυραννίδος
772 3167 834 3230 τοῦ
853 3163 1048 3243 Μαξεντίον
1074 3162 1210 3253 δεόμε-

227 3283 290 3325 νοι.
336 3260 496 3328 ἐντεῦθεν
524 3259 609 3349 πρὸς
633 3269 832 3352 καθαίρεσιν
855 3259 960 3332 αὐτοῦ
985 3266 1214 3336 διανίσταται
1227 3233 1269 3334 ιώ

229 3357 286 3421 καὶ
311 3359 484 3446 στρατεύει
508 3361 565 3428 καὶ
588 3361 672 3449 πρὸς
696 3362 758 3451 την
771 3361 900 3453 Ῥώμην
916 3377 1028 3454 χωρεῖ.
1064 3360 1150 3434 ὁδέ
1164 3395 1215 3455 γε

228 3457 415 3536 Μαξέντιος
440 3460 495 3526 ἐπὶ
518 3460 605 3530 πολι)
630 3463 693 3550 μὲν
717 3463 812 3547 ἐντὸς
835 3472 985 3556 καθῆστο
1002 3471 1139 3556 τειχῶν,
1156 3469 1216 3559 μὴ
1267 3479 1268 3484 ’

1224 3519 1268 3782 λ
