2538 3824
182 168 222 232 12
488 170 621 226 LIB.X1.
640 169 719 225 OAP.
730 171 781 228 111.
793 171 842 224 1v.

180 309 285 405 ψήφῳ
309 311 368 400 τής
392 308 582 400 συγκλήτου
605 312 662 380 καὶ
685 307 833 401 δόγματι.
882 307 1003 399 ταύτης
1026 301 1061 380 δ’
1087 300 1153 382 οῦν

181 411 402 503 ἀπωσαμένης
418 409 478 482 τὸν
495 414 651 502 περὶτοῦ
667 418 815 506 σοιτήρος
830 407 926 503 ήμών
943 409 1060 501 λόγον,
1091 408 1153 484 τὸν

188 515 360 606 Τιβέριον,
394 509 438 604 ήν
462 515 519 584 καὶ
543 511 661 610 πρώην
687 513 754 604 εἶχε
779 512 919 605 γνώμην
948 513 1152 604 τηρήσαντα,

102 645 105 650 ’
182 619 288 708 μηδὲν
317 613 443 687 ἀτοπον
473 614 557 685 κατά
587 620 646 705 τής
669 619 730 687 τοῦ
753 621 900 708 Χριστοῦ
933 621 1152 698 διδασκαλίας
1199 681 1202 686 .

183 722 368 807 έπιυοήσαι.
408 715 561 809 μάρτυρα
579 715 612 788 δ’
643 720 698 788 έπλ
714 717 844 800 τούτοις
861 715 1003 809 παράγει
1026 727 1179 807 stow-5

183 819 301 892 λιανὸν
317 817 335 890 ὁ
354 816 538 909 Εὐσέβιος,
562 813 672 911 ἀνδρα
692 814 852 910 Ῥωμαῖον
874 821 931 890 καί
950 823 1010 891 ἕνα
1026 822 1095 890 τών
1114 821 1152 890 έν

182 923 224 1012 τῇ
243 915 350 1013 Ῥώμη
374 923 554 1012 λαμπρών,
585 925 622 992 έν
646 925 826 1014 συγγραφῇ
849 950 916 994 τινι
938 917 1018 1012 παρ’
1046 918 1152 991 αὐτοῦ

184 1026 360 1114 ἐκτεθείση
380 1017 546 1114 Ροεμαίκη
563 1024 744 1117 διαλέκτῳ,
767 1027 1018 1114 μεταβληθείση
1043 1017 1076 1092 δ’
1102 1028 1153 1104 είς

182 1124 245 1247 τήν
270 1122 413 1196 Ελλάδα
443 1121 581 1214 φωνήν,
613 1126 753 1214 λέγοντα
782 1129 888 1196 ταῦτα
912 1121 1079 1194 “παλαιὸν
1108 1113 1154 1212 ἦν

185 1223 293 1316 δόγμα
310 1226 439 1316 μηδένα
455 1223 575 1297 θεόν’
556 1224 624 1296 υπό
641 1255 702 1298 του
719 1233 973 1349 καθιεροῦσθαι
986 1221 1102 1316 πρὶν
1083 1222 1151 1295 υπὸ
1166 1255 1195 1295 ιο

149 1331 242 1453 Βτής
266 1325 456 1417 συγκλήτου
482 1333 682 1420 δοκιμασθῇ.
717 1326 841 1416 dm&
840 1357 909 1419 ριος
931 1317 1010 1417 οῦν,
1035 1323 1091 1417 ἐφ’
1110 1317 1154 1398 οὗ

184 1431 221 1502 τὸ
239 1431 308 1501 τών
324 1433 537 1520 Χριστιανῶν
560 1425 665 1520 ὄνομα
690 1437 738 1512 είς
760 1430 820 1501 τὰν
837 1428 964 1520 κόσμον
981 1425 1153 1517 εἰσεληλύ-

184 1543 254 1621 θει,
272 1527 556 1622 ἀγγελθέντος’
514 1559 605 1624 αυτῳ
595 1535 657 1602 έκ
670 1538 897 1622 Παλαιστίνης
908 1559 969 1602 του
957 1529 1155 1620 δόγματος

184 1630 306 1704 τούτου
325 1639 411 1706 ἔνθα
428 1635 562 1721 πρώτον
578 1629 712 1723 ἤρξατο,
730 1639 772 1724 τῇ
786 1630 961 1728 συγκλήτῳ
971 1628 1155 1726 ἀνεκοινώ-

186 1755 284 1824 σατο,
309 1738 410 1824 δῆλος
435 1730 484 1805 ἀν
509 1738 649 1817 ἐκείνοις
674 1730 719 1818 ὥς
742 1739 790 1830 τῷ
810 1734 950 1826 δόγματι
966 1731 1152 1826 ἀρέσκεται.
1167 1758 1194 1803 ιι

185 1831 206 1926 ἡ
232 1836 269 1907 δὲ
293 1833 494 1927 σύγκλητος,
520 1839 591 1908 ἐπεὶ
614 1835 677 1908 ούκ
694 1833 780 1926 αὐτή
799 1834 1029 1928 δεδοκιμάκει,
1055 1841 1154 1908 τοῦτο

185 1935 351 2008 ἀπώσατο.
388 1935 406 2009 6
431 1938 469 2010 δὲ
492 1941 530 2010 έν
552 1944 593 2031 τῇ
616 1935 721 2011 αύτοῦ
743 1936 862 2032 γνώμη
885 1945 1032 2029 ἔμεινεν,
1059 1935 1155 2008 ἀπει-

186 2037 290 2129 λήσας
320 2038 472 2112 θάνατον
500 2055 570 2122 τοῖς
595 2047 664 2112 τῶν
687 2043 900 2131 Χριστιανών
928 2033 1152 2132 κατηγόροις.”

185 2143 291 2212 ταῦτα
315 2139 333 2212 ὁ
351 2138 515 2231 Εὐσέβιος
541 2147 667 2232 ίστορεῑ
681 2141 741 2214 τὸν
763 2145 918 2234 Τιβέριον
935 2145 1069 2231 ποιήσαι
1085 2167 1150 2230 μα·

185 2240 294 2315 θύντα
319 2245 396 2334 περὶ
413 2247 472 2333 τῆς
488 2241 648 2332 θεότητος
665 2249 727 2316 τοῦ
743 2247 892 2335 σωτήρος
908 2242 1075 2334 ἡμῶνκαὶ
1092 2243 1151 2330 τῆς
1163 2266 1192 2313 ιι

187 2349 224 2416 ἐκ
241 2347 372 2434 νεκρών
389 2342 493 2414 αὐτοῦ
510 2340 743 2436 ἀναστάσεως,
762 2350 800 2417 ἐκ
817 2353 876 2436 τῆς
894 2349 954 2418 τοῦ
977 2352 1153 2436 Τερτυλια·
1266 2365 1268 2404 ῑ

186 2451 248 2516 νοῦ
266 2447 465 2534 συγγραφῆς
482 2443 567 2517 αύτά
585 2445 807 2538 ἐκλεξάμενος,
1267 2459 1268 2468 ’

154 2548 177 2612 4
265 2547 333 2616 Καὶ
349 2540 367 2615 6
385 2546 448 2636 μὲν
470 2549 619 2641 Τιβέριος
636 2548 741 2632 οῦτοις
758 2545 906 2639 ἀπεβίοι,
931 2549 1099 2631 διεδέξατο
1117 2545 1155 2617 δὲ

188 2641 291 2718 αύτδν
307 2644 439 2731 ὁΓάιος
456 2646 474 2719 6
491 2655 551 2722 τοῦ
563 2655 774 2772 Γερμανικοῦ
791 2652 848 2722 καὶ
865 2655 924 2740 τῆς
936 2647 1156 2742 Ἀγριππίνης
1266 2727 1267 2732 1

83 2763 286 2840 ΡΙσοσπαίς,
310 2743 351 2821 δν
373 2752 430 2822 καὶ
446 2751 659 2880 Γερμανικὸν
676 2755 732 2823 καλ
750 2750 965 2841 Καλλιγόλαν
983 2748 1153 2840 έπωνόμα-
1166 2771 1192 2815 ιε
1266 2817 1267 2830 ,

188 2859 252 2936 ζον.
288 2857 321 2922 εί
342 2850 406 2977 γάρ
428 2853 525 2924 καλ
509 2883 527 2925 ο
551 2855 699 2945 Τιβέριος
722 2855 779 2925 καὶ
804 2882 849 2950 τρι
839 2857 946 2947 ἰδίω
965 2849 1154 2945 ίγγύνςο
1108 2879 1154 2974 τρι

192 2960 322 3048 Τιβερί
311 2982 337 3024 οι
354 2951 418 3044 τήν
435 2953 579 3046 αύταρηί
577 2985 619 3026 αν
637 2957 829 3046 κατέλιπεν,
848 2951 957 3027 ἀλλ’
942 2983 961 3024 ο
978 2951 1079 3036 Γάιος
1096 2949 1154 3034 τάς

188 3053 355 3145 διαθήκας
384 3051 490 3127 αῦτοῦ
514 3063 561 3141 είς
585 3057 621 3130 τὸ
646 3077 712 3183 σμν
714 3059 826 3148 έδριον
850 3052 1025 3149 πέμψας’
1006 3052 1154 3147 ακύρους
1265 3083 1267 3142 5

188 3153 420 3246 παρεσκεύασε
445 3159 607 3246 γενέσθαι
614 3213 625 3248 ,
656 3157 702 3242 ῦς
731 3157 1071 3251 παραφρονήσαντος,
1103 3149 1158 3228 οἷα
1265 3193 1267 3196 ·

187 3317 391 3330 ————--—

256 3417 441 3500 Ὶσννγραφή
459 3419 527 3485 τινι]
545 3421 600 3474 Ter
601 3424 710 3478 tulliani
700 3425 842 3493 1p.Aolog
862 3427 887 3478 5.

257 3482 326 3550 Cap
344 3488 369 3538 4.
405 3487 479 3539 Βιοιι
480 3488 667 3544 ἰιΗιιῐοιιιε
686 3493 867 3547 ΒοιιιοιιιεΙ.
885 3495 927 3558 59,
946 3507 970 3545 ο.
989 3494 1036 3543 1-
1039 3491 1064 3542 6.
