2562 3814
180 127 242 190 164
438 130 509 181 LIB.
522 129 584 180 v11.
604 127 682 179 οτι).
695 128 781 180 xxv.
793 129 894 181 xxv1.

180 265 330 356 Γαλάτης
344 275 384 358 τῇ
399 265 492 358 ίσχόι·
508 270 563 338 καὶ
577 274 618 358 τῇ
636 264 756 359 τόλμη·
777 269 832 337 ἐπὶ
843 269 945 338 πλέον
959 265 987 336 δ’
1001 271 1151 357 ἐθαυμα-

179 367 294 458 στάθη
305 367 353 440 ότι
365 377 411 464 τῷ
424 373 484 440 τοῦ
493 365 680 460 Οὐαλερίου
694 368 807 458 κράνει
820 366 919 459 κόραξ
931 367 1150 460 ἐφιπτάμενος
1275 377 1277 382 ’

179 475 235 542 καί
248 471 383 562 κράζων
397 478 444 554 είς
455 469 513 542 τὸν
526 469 699 561 βάρβαρον
712 474 955 562 ἐνεχρίμπτετο,
968 473 1024 542 καί
1038 469 1102 560 τη’ν
1113 499 1150 542 τε

180 571 260 658 ὄψιν
277 569 382 643 αὐτοῦ
402 571 605 662 ἐπετάρασσε
622 575 678 643 καί
695 571 757 661 τὴν
774 571 882 664 ὁρμὴν
897 573 1076 662 ἐνεπόδιζε,
1095 576 1150 664 με’·

179 705 249 764 χρις
267 703 308 745 ου
329 673 564 764 κατειργάσθη
604 671 654 744 διό
672 664 964 764 άγανακτήσαντες
989 680 1025 745 οί
1039 673 1148 746 Γαλά-
1162 705 1175 746 ι

101 836 103 839 .
178 805 231 846 ται
250 771 295 858 άς
312 775 381 848 ὑπὸ
399 775 536 866 ορνιθος
550 774 787 866 ἠλαττωμένον,
805 779 907 870 θυμῷ
920 775 1040 847 αὐτίκα
1054 781 1151 850 συνέ-

179 883 277 968 μιξαν
294 896 363 961 τοῖς
365 878 564 968 Ῥωμαίοις,
588 879 645 948 καί
667 905 778 960 κακως
796 875 1045 968 ἀπηλλάγησαν.
1090 877 1150 949 ὁδ’

79 995 176 1046 P1362
185 979 400 1071 οόαλέριος“
379 981 447 1051 υπὸ
461 985 520 1070 τῆς
533 1007 593 1070 του
609 978 749 1114 κόρακος
763 986 951 1070 συμμαχίας
963 979 1150 1071 Κορουίνος

181 1081 414 1173 ἐπωνομάσθη.

257 1187 436 1279 Είσεπειτα
461 1185 498 1254 δὲ
522 1186 591 1254 τῶν
620 1180 877 1275 στρατευμάτων
900 1180 1151 1254 στασιασάντων
1164 1213 1190 1254 ιο

180 1289 236 1358 καλ
255 1290 422 1376 ἐμφυλίου
440 1287 588 1375 πολέμου
604 1288 765 1374 γενέσθαι
781 1287 972 1374 μέλλοντος,
990 1284 1150 1373 κατηλλά-

181 1412 290 1479 χησαν
308 1395 342 1459 οί
357 1385 604 1476 στασιάσαντες,
622 1386 737 1477 νόμων
749 1387 918 1458 τεθίντων
935 1383 1005 1476 μήτ’
1026 1384 1152 1457 άκοντά
1186 1411 1190 1415 ·

180 1516 254 1563 τινα
280 1496 341 1560 τοῦ
360 1489 546 1578 καταλόγου
570 1487 818 1579 άπαλείφεσθοα
842 1486 924 1578 μήτε
946 1487 1005 1559 τὸν
1027 1495 1151 1579 χιλιαρ-

181 1591 330 1683 χήσαντα
348 1594 618 1682 ἑκατονταρχείν,
638 1591 694 1660 καί
712 1589 792 1672 τους
809 1587 1032 1672 ὑπάτουςκαί
1050 1586 1151 1679 άμφω

184 1693 259 1778 ἐξόν·
277 1692 436 1764 εἶναικαὶ
454 1697 490 1763 ἐκ
507 1693 570 1764 τοῦ
587 1689 740 1780 πλήθους
758 1697 986 1762 καθίστασθαι
1008 1692 1064 1762 καί
1089 1689 1150 1762 τόν
1163 1718 1191 1759 15

127 1829 132 1836 ·
184 1791 286 1866 αὐτὸν
303 1793 385 1884 μήτε
404 1793 466 1866 δύο
484 1791 553 1885 άμα
570 1793 672 1884 ἀρχάς
686 1792 768 1884 μήτε
785 1791 847 1884 τὴν
864 1789 971 1882 αὐτὴν
985 1794 1036 1875 δίς
1057 1789 1150 1874 ἐντός

185 1900 265 1967 δέκα
283 1893 397 1988 άρχειν
416 1901 507 1966 ἐτοῖν.

122 2007 165 2074 26
257 2009 397 2070 Λατῖνοι
411 1999 448 2068 θέ
462 2003 581 2087 καίπερ
595 2001 774 2067 ἔνσπονδοι
790 2011 859 2078 τοις
872 1995 1041 2086 Ῥωμαίοις
1059 1993 1153 2078 ὄντες

150 2099 375 2191 Βάπέστησαν
393 2101 449 2170 καὶ
468 2095 614 2188 πόλεμον
630 2095 771 2189 ἤραντο,
792 2101 828 2168 ἐν
846 2097 1033 2188 φρονήματι
1057 2125 1151 2186 χενο-

182 2204 275 2285 νότες
294 2199 342 2273 ὅτι
359 2230 395 2272 τε
414 2199 544 2289 νεότητι
562 2198 708 2290 ἤκμαζον
726 2202 782 2270 καί
799 2197 840 2268 τά
858 2197 1019 2290 πολεμικά
1038 2203 1074 2268 ίκ
1090 2205 1148 2288 τῆς
1162 2224 1192 2266 εο

182 2305 234 2376 αἰεί
259 2303 327 2387 τόν
348 2301 460 2384 αὐτοῖς
484 2309 657 2392 στρατείας
687 2299 833 2393 άκριβάς
862 2299 1015 2391 ἤσκηντο.
1057 2305 1092 2370 οί
1114 2301 1151 2370 δὲ

182 2408 282 2476 τοῦτο
299 2403 435 2494 γνόντες
455 2405 614 2494 ἐξῆλθον,
632 2401 761 2475 ὕπατον
778 2401 840 2474 τόν
860 2431 896 2474 τε
919 2400 1152 2494 Τουρκουάτου

183 2506 219 2578 τὸ
237 2512 351 2596 τρίτον
369 2503 538 2594 ἑλόμενοι
543 2507 599 2575 καλ
622 2501 681 2576 τόν
699 2508 839 2594 Δέκιον,
866 2507 922 2576 καὶ
950 2505 1151 2594 ἐμαχέσαντο
1276 2555 1277 2558 ,

184 2605 298 2690 αότοίς
322 2605 485 2698 κραταιάν
501 2605 628 2698 μάχην,
655 2615 765 2695 κρίσιν
787 2604 853 2696 τὴν
873 2605 1000 2696 ἡμέραν
1019 2610 1153 2694 ἐκείνην

186 2708 335 2798 ἑκάτεροι
345 2717 547 2836 νομίζοντες
569 2705 691 2800 άκριβη
717 2737 776 2798 της
798 2709 959 2799 σφετέρας
991 2705 1092 2832 τόχης
1115 2733 1196 2778 τινα

185 2815 241 2884 καί
260 2839 320 2903 της
336 2809 463 2902 άρετῆς.
503 2813 596 2894 ἔδοξε
615 2811 651 2882 δὲ
670 2808 970 2902 περιφανεστίρα
954 2839 973 2898 η
991 2808 1079 2900 μάχη
1096 2811 1154 2880 καὶ

186 2914 245 2986 ίιά
260 2943 293 2986 τι
311 2910 530 3004 συμβεβηκός.
555 2911 632 2996 τοὺς
650 2909 713 3002 γάρ
732 2921 898 2994 Λατίνους
912 2908 984 2982 οί”
960 2939 1083 2982 υπατοι
1097 2912 1152 2981 καί

185 3015 390 3106 ὁμοσκεόους
414 3018 469 3086 καί
499 3012 698 3105 ὁμοφώνους
724 3030 793 3098 τοίς
817 3013 986 3104 Ρωμαίοις
1009 3013 1170 3104 ὁρωντες·

185 3117 404 3210 ἐφοβήθησαν
427 3117 473 3208 μὴ
497 3120 565 3188 ταῖν
582 3121 793 3210 στρατιωτῶν
810 3141 899 3198 τινες
917 3123 1088 3206 σφαλῶσι,
1115 3113 1155 3203 τό

253 3385 320 3451 Cap.
338 3388 379 3438 26.
414 3384 512 3435 Dionis
531 3384 673 3436 Historiae
692 3385 833 3448 quanae
851 3385 918 3436 libri
936 3383 1051 3451 perditi:
1075 3383 1153 3450 frag·

125 3523 127 3528 Ι
185 3457 481 3520 ωευιυω35,θεοηη.
557 3465 560 3470 ·
638 3465 640 3469 ’
