2562 3814
369 120 373 123 ·
441 95 750 150 L1B.v111.cAP.11
1020 97 1082 162 175

108 243 323 327 ἐπιτηδείους
349 241 494 325 ἔπεμψε,
524 241 667 326 νομίζων
691 231 911 360 είρῆνηνέπί
932 259 999 308 τισι
1023 265 1080 327 με·

106 348 214 432 τρίοις
245 335 459 428 αἱρήσεσθαι.
507 342 544 408 οί
570 337 609 408 δέ
637 354 710 419 ταῖς
740 335 888 428 γνώμαις
925 334 1080 466 ἄλλῆλοις

106 437 388 530 ἠναντιώθησαν
414 441 469 509 καί
486 445 555 510 τών
571 439 610 528 με
612 469 633 509 ν
646 443 885 530 πρεσβυτέρων
903 443 959 510 καί
978 439 1183 513 thud-wll&

107 572 179 634 ρων
196 535 261 630 τῆν
280 538 422 631 εἰρήνην
440 538 675 629 σπευδόντων,
693 544 762 612 τών
780 538 812 611 δ’
835 544 872 612 ἐν
889 539 1002 635 ἡλικία
1025 545 1080 614 καὶ

67 675 81 716 ε
108 642 208 734 όλίχα
225 640 247 732 ῆ
264 642 372 733 μηδὲν
386 639 531 732 ἐχόντων
543 641 689 732 πόλεμον
703 644 925 734 αἱρουμένων,
945 644 1080 737 ἐκρότη-

111 769 179 817 σαν
196 751 229 814 οί
243 742 409 835 νεώτεροι.
445 741 650 833 φοβούμενοι
670 744 707 814 δὲ
730 741 834 835 ὅμως,
862 745 922 816 τὸν
940 745 1079 836 Πύρρον

4 915 6 918 .
112 845 174 917 τόν
183 842 396 936 Ἠπειρώτην
411 851 458 926 είς
472 851 664 935 συμμαχίαν
679 843 923 933 ἐβουλεύσαντο
936 870 1080 938 προσκα-

108 951 292 1036 λέσασθαι,
311 949 367 1017 καὶ
382 949 541 1036 πρέσβεις
559 945 650 1040 αὐτῷ
669 950 722 1017 καί
742 952 834 1038 δῶρα
852 946 1079 1039 πεπόμφασιν.

106 1057 267 1140 Αἰμίλιος
293 1049 329 1119 δὲ
353 1053 457 1118 ταῦτα
479 1045 601 1138 μαθών
626 1047 689 1136 τῆν
714 1047 826 1139 χώραν
850 1048 963 1122 αὐτοῖν
988 1055 1081 1140 ἐλεη-

69 1150 202 1223 πλάτει
219 1152 277 1222 καὶ
296 1155 467 1240 ἔφθειρεν.
492 1155 527 1219 ολ
543 1150 581 1219 δὲ
598 1152 785 1238 ἐπεξῆλθον
801 1153 876 1240 μέν,
894 1148 963 1222 ἄλλ’
984 1151 1081 1244 ἐτρώ-

104 1277 242 1344 πησαν,
267 1248 353 1322 ὥστε
376 1250 457 1334 τούς
477 1245 656 1340 Ῥωμαίους
681 1249 744 1339 τῆν
767 1278 804 1321 τε
828 1250 941 1343 χώραν
964 1253 1177 1325 αὐτώνΡΙοοο

105 1351 217 1437 ἀδεεῖς
235 1356 408 1444 πορθῆσαι
421 1359 481 1424 καί
489 1381 565 1424 τινα
578 1349 804 1442 χειρώσασθαι
818 1350 973 1443 φρούρια.
1002 1365 1080 1426 πολ-

106 1456 171 1547 λῆν
192 1456 232 1526 δὲ
248 1460 318 1526 τών
335 1452 488 1526 ἁλόντων
503 1457 566 1526 τοῦ
583 1461 744 1544 Αἰμιλίου
762 1453 979 1545 πεποιηκότος
997 1455 1081 1548 πρό-

104 1587 223 1646 νοιαν,
251 1566 311 1627 καί
327 1585 420 1638 τινας
439 1560 508 1626 τών
522 1559 763 1647 δυνατωτέρων
778 1556 1079 1649 ἐλευθερώσαντος,

68 1667 142 1732 ιεοί
163 1670 363 1750 Ταραντῖνοι
388 1655 451 1746 τῆν
472 1687 509 1728 τε
532 1665 794 1749 φιλανθρωπίαν
817 1657 922 1730 αὐτοῦ
944 1660 1080 1751 θαυμαί-

106 1787 239 1850 σαντες,
257 1762 365 1830 καίί
333 1767 381 1841 είς
400 1763 536 1840 ἐλπίδας
553 1763 779 1850 προαχθέντες
798 1765 973 1852 σπονδων,
985 1754 1079 1852 Αγιν

106 1879 177 1945 τοις
203 1861 375 1952 Ῥωμαίοις
407 1858 642 1948 ἐπιτῆδειον”
623 1891 704 1932 οντα
736 1867 864 1934 εἵλοντο
893 1863 1079 1955 στρατηγόν

110 1961 345 2094 αὐτοκράτορα.
382 1991 456 2050 αρτι
481 1960 513 2032 δ
535 1990 632 2044 ουτος
657 1962 905 2054 κεχειροτόνητο
935 1968 991 2035 καί
1014 1975 1078 2037 Κι-

110 2069 191 2147 νέας
211 2063 274 2137 ὑπὸ
304 2071 365 2135 τοῦ
389 2061 530 2154 Πυρρου
561 2067 794 2185 προπεμφθεὶς
826 2063 981 2153 ἐμποδών
1010 2083 1079 2145 τοῖς

69 2191 93 2232 2⁰
105 2169 347 2257 πραττομένοις
366 2163 548 2254 ἐγένετο.
534 2193 551 2236 ο
571 2193 634 2254 γαρ
643 2161 779 2254 Πυρρος
797 2169 855 2252 τῆς
873 2167 1133 2254 καλουμένης

103 2266 459 2359 βασιλεύωνἨπείρου
476 2263 610 2356 φύσεώς
626 2293 664 2336 τε
678 2262 838 2354 δεξιότητι
856 2267 912 2335 καὶ
925 2273 1079 2348 παιδείας

106 2370 202 2462 ίσχόε
219 2373 276 2440 καί
294 2375 447 2461 ἐμπειρίᾳ
464 2365 601 2438 πάντων
618 2369 795 2457 προίφερε,
814 2368 870 2438 καλ
888 2371 948 2438 τοῦ
961 2366 1078 2459 Ελλη-

103 2477 204 2544 νικοῦ
236 2470 272 2542 τό
299 2479 457 2542 πλείστου
486 2468 522 2540 τὸ
548 2469 611 2559 μὲν
638 2465 811 2557 εὖποιίαις,
837 2468 874 2540 τό
903 2471 940 2541 δὲ
966 2468 1075 2568 φόβω,

103 2583 381 2697 προσεπεαοίητο.
423 2562 520 2652 οὗτος
543 2577 660 2642 τοίνυν
683 2586 753 2653 τοῖς
769 2577 837 2642 τών
861 2579 1113 2665 ΤαραντίνωνΒ

70 2697 93 2738 2⁵
104 2677 326 2765 πρέσβισθ’
309 2671 469 2764 εντυχών,
489 2676 626 2764 ἕρμαιον
638 2673 700 2762 τῆν
713 2680 905 2764 συμμαχίαν
919 2669 1075 2764 ῆχῆσατο,

106 2782 143 2849 ἐκ
166 2783 322 2858 πλείονος
344 2782 403 2864 τῆς
428 2781 586 2856 Σικελίας
609 2776 665 2844 καὶ
693 2779 751 2863 τῆς
776 2773 992 2866 Καρχηδόνος
1020 2779 1077 2846 καὶ

103 2885 164 2969 τῆς
182 2883 341 2966 Σαρδοῦς
360 2873 578 2966 ἐφιέμενος,’
563 2881 675 2947 οκνών
694 2873 766 2946 δ’“
747 2904 836 2965 ομως
853 2882 977 2968 ἔχθρας
994 2875 1078 2966 πρὸς

100 2979 284 3106 Ρωμαίμυς
319 2976 419 3062 αὐτὸς
455 2975 766 3069 προκατάρξασθαι·
803 2979 858 3046 καί
888 2973 1078 3066 βοηθήσειν

103 3084 168 3172 μὲν
184 3080 300 3165 αυτοῖς
324 3085 559 3170 ἐπηγγείλατο,
581 3085 639 3151 λ’να
663 3079 702 3150 δδ
724 3107 770 3169 μη
759 3071 1016 3169 νποπτευθείη
1034 3075 1075 3151 δι’

67 3205 92 3247 ³⁰
103 3182 190 3277 ὅπερ
210 3195 357 3277 εἴρηται,
375 3188 491 3253 οἴκαδε
508 3179 628 3254 αὐτίκα
645 3177 980 3272 ἆνακομισθῆσεσθαι
997 3189 1077 3274 ἔφη,

10 3287 12 3300 '
104 3290 162 3358 καλ
180 3290 219 3358 ἐν
236 3301 309 3368 ταῖς
328 3282 516 3376 συνθήκαις
533 3287 761 3380 προστεθῆναι
785 3289 946 3374 πεποίηκε
967 3281 1005 3355 τό
1029 3281 1079 3374 μῆ

103 3390 291 3484 περαιτέρω
308 3391 367 3478 τῆς
384 3394 496 3478 χρείας
511 3389 548 3458 ἐν
564 3393 606 3478 τῆ
620 3381 741 3480 Ἰταλίᾳ
758 3382 833 3477 παρ’
848 3381 962 3460 αὐτῶν
975 3413 1078 3458 κατα-
