2510 3834
196 162 249 230 ,ηρ
535 163 607 216 σεε.
620 161 667 212 v1.
687 161 766 212 σεε.
778 162 842 214 vn.

206 309 384 392 Καίσαρος.
416 303 472 371 καὶ
490 301 572 390 ταχύ
591 303 628 371 ἐν
646 303 759 393 ἐνδείᾳ
778 291 917 388 ἐγένετο
946 296 1114 381 θανόντος
1132 299 1171 372 δὲ

206 409 266 476 τοῦ
284 410 362 476 υίοῦ
385 409 559 492 Τιβερίου,
577 399 759 491 ἀπείρηκεν
778 407 825 482 είς
837 397 915 485 όψιν
929 398 1034 472 αὐτοῦ
1049 407 1171 490 φοιτᾶν

206 505 283 588 τοῦς
301 503 460 595 συνήθεις
477 501 555 588 τοῦς
572 506 633 574 τοῦ
649 501 779 589 παιδός,
796 506 853 572 ’ίνα
871 501 916 592 μη
931 498 977 573 δι’
994 499 1105 574 αύτεόν
1124 509 1171 586 είς

207 605 395 697 ἀνάμνησιν
413 611 486 684 ἐκεί
483 611 578 676 νουί
564 603 627 676 ίάν
647 611 694 685 είς
712 601 823 692 λύπην
840 601 1081 693 άνερεθίζηται.
1115 601 1172 674 διά

207 737 243 782 τε
260 715 344 797 γοῦν
368 714 466 780 τοῦτο
484 703 583 778 καδ”
564 735 615 778 οτι
632 703 814 828 χρημάτων
828 701 998 797 ἠπόρησεν
1023 711 1070 787 είς
1091 701 1197 777 ’λου-ε

208 817 309 882 δαίαν
335 813 505 898 ἐπανῆλθε
528 813 758 931 κακρπραγιῦγ.
795 802 950 878 ἀποτῖσαι
975 807 1013 878 δὲ
1030 809 1178 890 καὶτοῖς

208 917 398 1010 δανεισταῖς
415 909 473 993 τάς
490 906 627 1000 ὀφειλάς
645 908 835 998 βιαζόμενος
853 917 987 991 πολλοῖς
1004 897 1096 996 ούσι,
1115 911 1172 980 καὶ

173 1011 255 1136 Βμχ
272 1021 409 1103 ἔχωυ,ε
394 1019 441 1094 είς
459 1019 594 1084 ἒνυοιαν
610 1002 718 1100 ἦλθεν
736 1007 953 1102 αὐτοχειρίας.
989 1016 1115 1133 συγῆκε
1132 1010 1172 1080 δὲ

208 1113 244 1186 τό
270 1111 456 1204 ἐννόημα“
437 1142 463 1202 η
483 1110 571 1208 γυνη
594 1109 705 1182 αὐτοῦ
721 1111 876 1200 Κύπρος,
905 1107 927 1200 6
952 1109 1108 1202 θυγάτηρ
1131 1102 1175 1202 ἦν

210 1214 392 1304 Φασαήλου
409 1243 469 1286 του
457 1212 733 1304 άδελφοπαιδος
749 1241 809 1283 του
794 1213 987 1300 βασιλέως
1006 1211 1172 1303 Ἡράδου,
1187 1245 1213 1284 10

209 1321 246 1397 ἐκ
271 1321 488 1406 Σαλαμψιοῦς
511 1311 602 1410 αύτῷ
625 1327 830 1404 γεννηθεῐσα
852 1320 910 1403 τῆς
930 1312 1082 1405 Ἡριόδου
1104 1327 1174 1384 θυ-

209 1417 346 1509 γατρός,
364 1414 408 1506 ἢν
425 1425 521 1508 ἔσχεν
539 1421 575 1488 ἐκ
594 1413 734 1506 Μαριάμ
747 1419 804 1505 τῆς
821 1411 883 1490 ἀπ’
899 1418 1030 1486 ἐκείνου
1046 1411 1173 1507 ἀνηρη-

208 1523 328 1609 μένης,
354 1515 398 1602 άς
419 1517 619 1610 δεδιηγηται.
657 1514 742 1606 αῦτη
760 1523 843 1606 γοῦν
860 1511 881 1606 6
899 1515 1039 1608 Κύπρος
1056 1539 1174 1589 συνοι-

209 1625 314 1692 κοῦσα
344 1627 390 1714 τῷ
417 1616 600 1714 Ἀγρίππα,
632 1622 688 1689 καὶ
715 1622 900 1708 αἰσθομένη
925 1616 962 1690 τό
988 1616 1173 1709 βούλευμα,
1251 1687 1253 1692 ,

209 1719 348 1810 ἀπεῖργε
365 1725 484 1792 τοῦτον
495 1718 613 1809 αύτοῦ,
634 1723 851 1810 διαπέμπεται
863 1721 901 1791 δὲ
913 1720 997 1813 πρός
1011 1716 1173 1812 Ἡρωδιά-
1187 1749 1214 1790 15

210 1829 253 1893 δα
274 1823 337 1912 την
352 1827 397 1916 τῷ
411 1821 573 1914 τετράρχη
589 1825 815 1894 συνοικοῦσαν
829 1820 981 1913 Ἡράδη,
1006 1817 1174 1912 Ἀγρίππα

208 1921 441 2014 τυγχάνουσαν
454 1921 617 2012 ἀδελφήν,
635 1927 783 2013 δηλοῦσα
796 1922 858 2013 τὴν
872 1931 1007 1994 ἔννοιαν
1019 1929 1079 1994 τοῦ
1092 1944 1175 2011 συγ·

208 2023 329 2115 γόνου,
355 2027 410 2096 καί
428 2033 571 2114 βοηθεῖν
594 2021 732 2108 ἀξιοῦσα
755 2029 811 2098 καὶ
835 2025 894 2097 τόν
916 2032 1041 2096 οίκεϊου
1064 2022 1175 2116 ἀνδρα

208 2127 291 2215 πρός
309 2131 506 2217 ἐπικουρίαν
522 2137 738 2218 παρακαλεῖν.
769 2131 804 2197 οί
820 2129 857 2197 δὲ
873 2124 1123 2214 μετεπέμψαντό
1136 2153 1176 2195 τε

208 2227 313 2300 αὐτὸν
330 2232 386 2300 καὶ
403 2228 595 2318 οἰκητήριον
621 2227 682 2318 την
706 2225 888 2315 Τιβεριάδα
906 2223 1091 2346 δεδράκασι,
1115 2236 1180 2298 καί
1189 2254 1217 2296 εο

177 2349 240 2400 οτι
265 2326 373 2400 ταδ’
353 2327 518 2454 αργύριον
547 2327 713 2410 ἀπέταξαν
744 2330 836 2396 αὐτοῦ
867 2333 914 2406 είς
940 2323 1003 2413 τὴν
1028 2331 1174 2400 δίαιταν.

208 2429 289 2518 μετά
314 2429 431 2519 καιρόν
454 2431 491 2500 δὲ
516 2431 678 2518 διαφοράς
699 2397 879 2516 γενομίνης
897 2424 1031 2518 Ηρύδη
1057 2455 1092 2498 τε
1116 2432 1177 2499 καὶ

204 2528 381 2622 Ἀγρίππᾳ,
400 2529 482 2622 πρὸς
492 2527 650 2604 Φλάκκον
663 2535 795 2651 Συρίας
806 2526 993 2618 ἡγούμενον
1010 2527 1028 2598 6
1038 2526 1176 2618 Ἀγρίπ-

208 2657 272 2712 πας
296 2637 511 2720 μεθίσταται,
534 2638 653 2720 φιλίως
671 2626 729 2701 ἐκ
725 2628 843 2720 Ράμης
867 2628 949 2722 πρός
972 2625 1076 2700 αὐτόν
1101 2635 1176 2700 δια-

208 2739 379 2821 κείμενον,
410 2727 510 2804 κάκελ
522 2733 681 2854 διέτριβε
712 2738 769 2816 δεξ
752 2735 896 2822 ξαμευου
919 2735 979 2804 τοῦ
1004 2729 1174 2804 Φλάκκου.
1190 2759 1217 2800 ει

168 2839 170 2842 ’
209 2827 258 2905 τόν
282 2834 320 2904 δὲ
344 2835 415 2904 ἐκεῖ
436 2827 533 2904 καδό
553 2829 719 2923 Ἀγρίππα
741 2830 890 2924 ἀδελφός
910 2829 1176 2957 Ἀριστόβουλος,

210 2932 449 3028 διαφερόμενός
473 2961 509 3006 τε
526 2937 573 3028 τςό
595 2933 747 3030 ἀδελφῷ,
773 2942 944 3025 διαβολαῖς
968 2930 1073 3006 αύτόυ
1090 2933 1178 3026 πρὸς

209 3036 267 3108 τόν
299 3035 455 3109 Φλάκκον
486 3003 621 3121 ἐξεάολί
618 3056 724 3126 μεισε
756 3039 813 3108 καὶ
842 3040 1015 3122 ἐξωθεῖται
1040 3038 1179 3108 ἐκεῖθεν

204 3135 397 3229 Ἀγρίππας.
438 3137 456 3209 ὁ
481 3139 529 3210 66
544 3145 590 3222 είς
615 3137 757 3230 ἐσχάτην
780 3135 936 3230 περιττάς
959 3133 1103 3229 ἀπορίαν
1125 3143 1178 3220 είς

206 3235 347 3310 Ἰταλίαν
371 3243 506 3312 ἐκτελεῖν
529 3237 701 3330 ἐβούλετο,
724 3243 782 3312 καὶ
804 3238 899 3330 ἠξίου
917 3235 1089 3329 Μαρσύαν
1114 3237 1177 3310 αῦ-
1191 3265 1223 3310 ιο
1249 3239 1251 3272 “

208 3347 268 3410 τοῦ
291 3336 523 3435 ἀπελεύθερον
545 3339 695 3434 χρήματά
713 3347 748 3414 oc
768 3351 903 3432 πορίσαι
926 3341 1034 3414 ποθὲν
1059 3347 1177 3412 δανει-

208 3440 363 3532 σάμενον.
406 3447 532 3527 ἐκεῖνος
555 3444 592 3515 δὲ
615 3446 735 3539 Πέτρῳ
758 3442 932 3535 πρόσεισιν
954 3439 1177 3538 ἀπελευθέρῳ
1202 3472 1204 3476 ’
