2566 3812
190 107 255 172 224
387 133 400 139 -
483 103 906 162 LIB.V111.CAP..XVI11.'
979 86 981 90 ’

190 247 343 338 ὕστερον
347 243 415 318 δέ
397 277 418 335 η
431 245 524 339 μέν’
506 253 628 339 αρχαία
641 245 735 328 πόλις
751 245 830 329 είς”
782 276 887 338 ςορος
903 246 1048 338 έρυμνὸν
1062 251 1156 338 ίδρυ-
1236 248 1240 254 “

190 354 274 441 μένη
288 347 492 439 κατεσκάφη,
509 351 635 472 ετέρα
619 347 649 418 6
667 346 869 443 ᾠκοδομήθη
885 345 1054 472 εόέηοδος.
1078 345 1156 438 μετά

193 453 231 523 δὲ
248 455 346 522 τοῦτο
366 453 574 574 ἐπολέμησαν
589 440 695 532 αὖθις
711 453 878 541 πολέμους
901 449 984 541 πρός
1002 479 1037 520 τε
1051 461 1156 522 Βοου-

192 563 265 676 ίους
290 554 346 622 καί
370 549 453 642 πρός
477 550 628 633 Γαλάτας
657 555 797 634 έκείνοις
826 549 1081 642 πλησιοχώρους
1104 555 1155 622 καὶ

191 652 274 745 πρός
292 654 430 776 Λιχόων
448 651 551 736 τινάς.
588 650 665 777 τράς
688 653 751 743 μὲν
768 643 832 724 066
848 661 978 742 Λίγυας
996 651 1154 744 Σεμπρά
1168 683 1180 724 ι

192 784 262 838 νιος
276 753 426 848 Γράκχος
440 754 527 846 μάχη
541 753 681 843 νικήσας
696 752 828 843 ἐκάκου,
843 757 899 825 καὶ
912 770 981 836 τολς
996 752 1157 836 Γαλάταις

75 890 78 894 ·
191 854 364 940 Πούπλιος
390 854 571 948 Οὐαλέριος
598 855 781 946 συμβαλών
804 853 841 926 τό
864 857 927 946 μέν
950 862 1083 976 πρῶτον
1105 855 1158 946 ήτ·

191 957 328 1085 τήθη,ε
313 957 384 1028 εἶτα
401 957 593 1080 πυθόμευρς
612 963 659 1040 είς
678 954 933 1080 ἐπικουρίαν’
891 961 996 1029 αυτοῦ
1012 986 1105 1040 τινας
1122 962 1158 1028 ἐκ

94 1089 115 1138 Ρ
122 1089 253 1149 Ιλοοτης
271 1058 395 1150 Ράμης
412 1055 526 1184 ήκειν,
550 1055 652 1148 ὁμόσε
675 1047 776 1140 αὖθις
800 1074 869 1141 τοϊς
893 1057 1058 1143 Γαλάταις
1082 1057 1157 1178 ἔχω’-

192 1183 313 1289 ρησεν,
338 1159 385 1232 ἵν’
407 1157 528 1250 ήκαθ’
550 1157 669 1231 έαότὸν
686 1159 807 1252 νικήση
826 1155 847 1250 3
866 1156 1039 1252 άποθάνη·
1063 1165 1157 1232 τοῦτο
1170 1189 1194 1229 ιο

191 1265 257 1354 γάρ
281 1258 446 1353 μάλλονή
471 1268 535 1347 ζάν
559 1260 723 1357 αἰσχύνην
746 1259 866 1353 όφλειν
889 1269 1077 1352 προείλετο
1103 1268 1161 1333 καί

192 1393 262 1448 πως
279 1363 363 1435 κατά
381 1361 486 1453 τάχην
505 1361 672 1452 ἐκράτησε.

274 1464 355 1538 Τότε
372 1493 435 1555 μεν
452 1455 514 1536 οὖν
531 1461 633 1536 6666'
653 1461 758 1548 οὕτως
770 1479 839 1546 τοῖς
853 1459 1024 1554 Ρωμαίοις
1037 1462 1158 1554 συνήν-

192 1590 316 1657 τησαν,
343 1571 399 1636 καί
417 1565 543 1654 Σαρδιό
567 1563 657 1659 παρά
679 1571 748 1637 τῶν
771 1562 1060 1658 Καρχηδονίων’
1040 1568 1158 1656 αμαχει

91 1688 194 1739 W1166
199 1697 350 1760 χρηματα
367 1697 403 1739 τε
422 1657 523 1750 αὖθις
541 1674 676 1758 ἔλαβον,
695 1671 931 1792 ἐγκαλέσαντες
949 1665 1062 1748 αὐτοῖς
1080 1666 1159 1757 βλά-
1171 1693 1196 1734 ιι

192 1798 288 1842 πτειν
305 1776 402 1859 σφῶν
419 1769 496 1851 τούς
513 1773 690 1852 πλέοντας
716 1765 811 1840 οὕτω
834 1767 898 1860 γάρ
916 1772 1208 1861 κρατυνθέντες

194 1877 229 1944 οί
244 1869 520 1963 Καρχηδόνιοι
486 1900 544 1953 τας
568 1867 704 1953 άπειλάς
723 1868 839 1942 αὐτῶν
859 1875 1088 1942 ἐδεδοίκεσαν·
1114 1874 1161 1965 τῷ
1268 1947 1269 1966 2

193 1971 228 2043 6'
250 1976 323 2064 έξής
337 1981 403 2044 έτει
416 1971 561 2054 Λοάκιος
577 1975 763 2056 Λέντουλος
776 1975 831 2042 καὶ
846 1971 993 2055 Κόιντος
1008 1973 1159 2054 Φλάκκος
1266 1973 1269 2064 ή

197 2077 251 2146 ἐπὶ
268 2075 346 2158 τοὺς
364 2074 515 2156 Γαλάτας
534 2073 807 2165 στρατεύσαντες,
826 2078 889 2158 ἕως
906 2074 969 2164 μέν
985 2069 1070 2163 όμοῦ
1089 2078 1159 2162 διή-

192 2205 265 2267 γον,
284 2169 371 2266 ήσαν
384 2173 679 2300 ρἰνανταγάνιστοι,
699 2177 770 2247 ἐπεὶ
789 2176 826 2246 δε
841 2182 917 2267 διχῇ
930 2187 1073 2265 πορθεῖν
1086 2203 1161 2246 τινα
1173 2199 1199 2240 ιο

161 2276 400 2370 Βήρξαντο,
377 2307 422 2360 ως
446 2273 534 2348 οὕτω
558 2285 662 2348 πλείω
686 2284 781 2348 λείαν
805 2277 1102 2380 περιβαλοόμενοι,
1112 2281 1161 2358 ές

195 2387 360 2450 κίνδυνον
394 2378 431 2448 τό
467 2383 526 2448 τοῦ
559 2378 717 2504 Φλάκκοη
747 2381 888 2469 κατέστη
923 2378 1160 2471 στρατόπεδον,

192 2479 315 2602 νυκτὸς
339 2481 525 2550 κυκλωθέν.
569 2476 654 2550 άλλά
677 2479 751 2552 τότε
774 2511 797 2571 μ
800 2482 872 2552 νο
874 2476 1105 2571 ίβάρβαροι’
1086 2507 1161 2550 ανε-

194 2579 368 2708 κόπησιρυ,
390 2579 713 2672 προσλαβόμενοιδέ
731 2582 925 2674 συμμάχους
949 2585 1034 2674 χειρὶ
1054 2585 1164 2704 πολλή

197 2685 250 2752 έπλ
268 2681 347 2766 τοὺς
360 2681 539 2773 Ρωμαίους
558 2673 658 2766 αὖθις
678 2683 858 2808 ἐχάρησαν.
895 2681 1164 2774 ἀπαντησάντων
1177 2706 1204 2748 25

195 2785 234 2855 δε
251 2790 347 2908 σηιίσι
367 2793 545 2856 Πουπλίου
563 2813 600 2856 τε
624 2784 812 2857 Λεντοόλου
825 2815 881 2856 και
870 2787 1051 2857 Λικινίου
1069 2780 1163 2856 Οάά-
1263 2865 1265 2871 ¹

194 2915 257 2979 ρου
275 2884 420 2976 ἤλπισαν
438 2885 561 2969 αὐτοός
586 2885 692 2957 διά
659 2916 695 2959 το
719 2891 849 2976 πλήθος
867 2918 903 2960 το
892 2887 1086 2979 σφέτερον
1105 2889 1164 2957 καὶ

193 2985 276 3060 άνευ
290 2987 395 3079 μάχης
405 2987 641 3078 καταπλήξειν·
655 2991 712 3061 καὶ
727 2991 916 3079 πέμψαντες
923 2987 985 3078 τήν
998 3017 1034 3061 τε
1048 2987 1165 3080 χάραν
1239 3043 1242 3050 -

193 3091 256 3178 τήν
279 3092 354 3180 περὶ
378 3088 414 3161 τό
436 3088 608 3180 Ἀρίμινον
631 3087 784 3183 άπήτονν
807 3093 864 3162 καὶ
887 3096 947 3182 τής
971 3090 1099 3174 πόλεως
1118 3089 1166 3174 63

195 3187 308 3260 αὐτῶν
331 3190 432 3282 οάσης
457 3196 683 3284 έξοικισθήναι
715 3195 877 3264 ἐκέλευον.
921 3197 956 3265 οί
980 3191 1010 3262 6’
1037 3189 1167 3264 όπατοι
1180 3212 1209 3254 ³0

194 3289 286 3379 μήτε
301 3299 486 3381 συμβαλεῖν
515 3297 723 3387 θαρροῦντες
747 3291 794 3366 δι’
820 3291 994 3386 ὀλιγότητα
1023 3292 1106 3384 μήτε
1132 3322 1167 3365 τι

194 3393 358 3480 προέσθαι
392 3397 576 3482 τολμωντες
606 3391 728 3488 άνοχάς
759 3400 925 3490 ἔπραξαν,
962 3391 1007 3478 63
1038 3399 1071 3478 ές
1099 3396 1169 3486 τήν
