2510 3834
384 179 388 182 ’
420 186 492 238 τω.
503 189 553 240 v1.
572 186 739 239 cAP.v111.
1022 187 1063 252 23

96 323 294 418 τοκρῶτορος
318 321 423 395 αύτὸν
446 327 693 416 ἐπιτρέποντος,
717 328 774 396 καί
797 323 883 396 οὕτω
906 323 965 396 τὸν
986 333 1065 416 βίον

98 425 260 516 διήνυσεν
286 421 331 508 ῶς
349 428 404 495 καί
424 432 603 517 λοιδοριῶν
625 425 781 518 ἀνωτέρω
803 430 970 516 γενέσθαι.
1007 428 1063 499 διδι

97 529 136 619 δὴ
153 531 261 599 ταῦτα
278 534 326 621 τῶ
350 535 493 622 Τιβερίῳ
510 537 662 620 τετίμητο
685 530 741 599 καὶ
758 525 882 600 ὅτικαὶ
900 525 1063 618 εὐεργέτις

97 628 201 700 αὐτοῦ
218 633 378 720 μέμονεν,
400 629 584 719 ἐπιβουλὴν
607 627 697 721 παρὰ
720 633 855 702 πολλῶν
878 633 933 702 καὶ
958 637 1063 703 δυνα-

75 738 168 802 ετῶν
186 733 356 801 συστᾶσαν
373 728 561 820 μηνύοντα.
596 727 663 802 δπδ
682 729 803 821 ταύτης
826 722 890 802 οὖν
908 729 1062 824 ἀξιούμε-

103 859 161 913 νος
182 829 327 914 ἐξετάσαι
349 831 409 902 τὸν
432 829 597 922 Εὔτυχον,
629 840 696 922 ἔφη
722 828 892 904 “ίστωσαν
919 839 954 904 oc
972 841 1062 923 θεοί,

100 929 272 1022 Ἀντωνία,
297 930 348 1003 ὅτι
366 929 407 1003 ού
431 933 514 1004 κατὰ
537 932 675 1024 γνώμην
702 931 785 1024 ἐμὴν
808 935 848 1004 τὰ
871 933 1063 1024 πραχθησό-

95 1062 179 1124 μενα
197 1041 351 1123 ἔσονται,
375 1037 412 1105 ἐκ
431 1037 472 1105 δέ
486 1063 524 1124 γε
549 1059 609 1124 σης
627 1032 895 1161 παρακλήσεωςῗ
931 1034 1039 1107 καὶ
1005 1065 1064 1107 τον

97 1133 252 1226 Εὔτυχον
269 1134 417 1226 αχθηναι
435 1134 575 1208 κελεύει.
617 1139 673 1208 καὶ
690 1137 861 1228 παραστὰς
884 1136 1041 1227 ἔλεγεν
1016 1167 1062 1221 ως

58 1269 84 1308 ιο
92 1233 217 1317 Τάιός
240 1264 277 1308 τε
301 1239 359 1308 καὶ
378 1232 579 1329 Ἀγρίππας,
603 1267 630 1308 ω
617 1227 810 1328 δέσποτα,
835 1246 1061 1329 σννωμίλουν,

96 1341 152 1408 καὶ
173 1334 270 1461 Ἀχρί
268 1365 357 1420 ππας
381 1347 464 1428 ἔφη,
492 1346 524 1410 εί
546 1338 610 1428 χδιρ
633 1338 785 1428 ἀφίκοιτό
807 1366 888 1410 ποτε
909 1339 1016 1462 ἡμέρα
1038 1331 1094 1430 ᾖΒ

94 1437 260 1529 μεταστὰς
280 1430 377 1522 οὗτος
393 1469 412 1510 ο
399 1438 539 1564 ’γέρων
561 1446 765 1530 χειροτονοίη
788 1461 826 1510 σε
843 1439 988 1529 ημεμόνα
1006 1444 1063 1529 τῆς

97 1543 322 1629 οίκονμένηςὰ,
332 1539 490 1612 οὐδὲν
451 1571 514 1632 ναρ
533 1549 624 1613 ἔσται
642 1537 723 1632 ημῖν
742 1541 897 1632 ἐμποδῶν
914 1543 1062 1633 Τιβέριος

98 1640 118 1711 ὁ
135 1636 239 1712 αὐτον
228 1640 429 1732 υίωνός,ε
410 1643 477 1713 υπδ
495 1649 557 1714 σοῦ
574 1637 747 1714 τελευτῶν.
783 1640 880 1716 καὶ“
857 1672 879 1731 η
896 1673 931 1714 τε
948 1650 1062 1714 οίκου-

56 1744 180 1832 ιεμένη
197 1738 363 1831 γένοιτ’”
343 1773 386 1814 αν
402 1752 560 1836 μακαρία,
574 1747 629 1815 καί
647 1744 711 1832 πρὸ
728 1743 850 1833 ταύτης
869 1740 963 1834 έμῶ.”
1004 1757 1062 1816 Τι-
1156 1831 1160 1844 Ι

96 1851 201 1938 βερίω
220 1845 312 1914 δὲί
277 1873 295 1914 ο
297 1843 456 1934 ίλόχοι“
434 1873 558 1935 ημηντο
575 1841 769 1937 ῶληθείς·“
747 1875 817 1938 αμα
834 1847 870 1918 δέ
887 1849 1004 1918 καί
960 1875 1062 1936 μηνιν

91 1943 260 2037 Ἀγρίππα
271 1949 389 2034 τηρῶν
412 1941 462 2016 ὅτι
479 1947 525 2036 μὴ
541 1945 602 2019 τὸν
618 1948 745 2018 νίωνόν
768 1945 875 2018 αὐτοῦ
890 1945 1062 2038 θεραπεύ-

96 2074 147 2119 ειν
165 2052 287 2134 είλετο,
305 2044 380 2129 ὅλος
398 2048 436 2118 δέ
448 2049 609 2138 μετέπεσε
623 2049 707 2134 πρὸς
723 2046 782 2118 τὸν
795 2045 911 2134 Γοὶιον,
930 2051 980 2117 ἑνὶ
994 2051 1062 2118 τῶν

96 2146 356 2237 παρεστηκότων
375 2151 473 2237 δῆσαι
496 2146 601 2220 αὐτὸν
620 2150 783 2217 ἐκέλευσε.
820 2144 913 2215 καὶ”
892 2173 992 2234 ηγετο
1009 2149 1064 2216 δέ-

57 2277 86 2318 εο
98 2271 193 2339 σμιος
211 2251 251 2320 ἐν
267 2245 517 2340 πορφυρίσιν”
491 2279 540 2322 ων
559 2256 626 2349 έτιΖ
642 2250 698 2318 καὶ
716 2245 780 2338 πρὸ
797 2273 858 2318 του
844 2250 1166 2334 βασιλείουσῐινσ

97 2347 245 2439 εἱστήκει
269 2347 442 2445 δένδρμ’
423 2379 470 2422 υπ
507 2303 657 2440 ἀθυμίας
681 2353 874 2432 ἐπικλιθείς.
916 2337 1003 2438 ἦσαν
1029 2339 1061 2418 δ’

4 2477 5 2480 ’
96 2456 168 2522 ε’τιεῑ
183 2453 281 2521 καδ“
261 2478 367 2542 ετεροι
386 2454 422 2522 ίν
441 2458 585 2542 δεσμοῖς.
620 2481 677 2522 και
665 2450 813 2542 ὀρνέου
830 2449 913 2539 πρὸς
929 2478 965 2519 το
955 2446 1063 2522 δέν-
1074 2467 1096 2520 c

96 2557 181 2644 δρον
200 2555 309 2624 έκεῖνο
327 2550 598 2644 καταπταμένου,
622 2551 829 2641 βουβῶνα
798 2581 856 2622 τον
872 2548 968 2640 ὄρνιν
984 2549 1063 2622 Ῥω-

94 2669 190 2743 μαῖοι
209 2658 364 2744 καλοῦσι,
387 2657 455 2726 τῶν
474 2659 654 2744 δεσμωτῶν
671 2683 719 2736 τις
737 2651 945 2746 θεασάμενος
964 2650 1063 2743 ἤρετο

56 2753 157 2825 ειτόν
179 2752 285 2826 αὐτὸν
307 2759 473 2848 τηροῦντα
501 2755 704 2847 στρατιώτην
732 2750 822 2838 ὅστις
845 2765 898 2843 εἴη
920 2749 939 2824 6
963 2757 999 2823 έν
1022 2757 1064 2844 τῇ

94 2861 301 2980 πρρφυρίδι·
336 2859 393 2928 καὶ
423 2856 547 2947 μαθῶν
575 2855 697 2946 ἠξίωσε
728 2854 788 2927 τὸν
817 2857 1065 2976 συνδεδεμένον

95 2955 190 3028 αύτῶ
220 2955 424 3049 στρατιώτην
454 2965 598 3048 πλησίον
629 2961 753 3029 ἐλθεῖν.
794 2958 852 3027 καὶ
879 2953 991 3044 τυχῶν
1015 2945 1064 3026 “ῶ

96 3054 242 3130 νεανία”
262 3057 411 3183 ρηοίν,”
413 3054 636 3148 ’ἀπαλλαγήν
644 3061 684 3129 τέ
698 3079 751 3128 σοι
772 3060 843 3128 τῶν
860 3059 993 3146 δεσμῶν
1009 3084 1063 3128 τα

6 3241 7 3246 ¹
96 3165 217 3249 χίστην
247 3157 498 3250 εὐαγγελίζομαι
527 3162 583 3232 καὶ
613 3157 787 3250 προκοπὴν
818 3161 872 3228 ἐπὶ
905 3155 1065 3248 μήκιστον

59 3257 286 3350 τοᾶξιῶματος
311 3264 369 3332 καὶ
393 3259 583 3351 δυνάμεως,
607 3259 705 3332 καί
682 3289 726 3342 ως
750 3257 891 3348 ζηλωτὸς
914 3265 973 3352 έση
997 3275 1065 3340 τοῖς

97 3358 174 3452 ἄρτι
192 3364 425 3451 οἰκτιζομένοις
443 3384 492 3452 σε,
511 3365 618 3434 καὶέν
633 3357 830 3450 εὐδαιμονία
846 3357 1066 3444 τελευτησεις,

100 3461 253 3534 παισὶ
218 3491 279 3534 τον
301 3461 404 3552 ὄλβον
427 3461 544 3534 λιπών
580 3459 635 3532 ὅτε
660 3457 692 3530 δ’
714 3464 867 3538 είσαῦθις
891 3456 949 3524 τὸν
972 3451 1068 3537 ὄρνιν
