2580 3816
191 178 253 244 306
497 178 658 232 L113.x1v.
679 133 756 230 σεε.
775 179 833 230 xv.

190 329 294 412 βαρος
313 317 377 389 ούκ
394 315 588 390 ἀνένευσεν.
613 316 732 406 ἡσθεὶς
746 311 809 389 οάν
827 317 845 389 6
863 318 1021 406 βασιλεύς
1041 321 1159 408 ἐξῆλθε

190 427 248 510 τῆς
266 420 415 508 πόλεως,
441 421 499 493 καὶ
522 423 586 504 ἔξω
603 426 665 490 τού
684 423 832 511 Μακρού
849 427 980 510 τείχους
998 418 1159 509 ηὐλίσατο

190 522 273 612 μετά
290 529 349 610 τῆς
367 528 538 610 βασιλικῆς
556 528 773 604 πολυτελείας
790 523 847 593 καὶ
870 527 1081 614 δορυφορίας
1104 523 1159 592 καί

191 623 372 715 χρημάτων
389 629 537 711 πολλῶν,
563 619 585 692 ἀ
602 628 649 716 τῷ
668 624 815 718 Χαγάυφ
833 628 929 716 δῶρα
947 623 1105 714 ἐκόμιζεν.
1124 621 1157 694 ’ὁ

80 747 81 752 ’
160 735 162 738 ’
191 725 230 796 δὲ
254 725 433 815 βάρβαρος
446 723 615 812 ἀλογήσας
636 731 708 794 τεόν
730 725 843 816 όρκιον
860 752 896 796 τε
912 726 1056 797 καὶτῶν
1073 745 1184 796 συν-5

86 833 312 917 ΡΙΙεεθηκῶυ
338 825 472 918 ὥρμησε
495 825 556 896 τόν
582 827 720 923 βασιλέα
747 842 896 916 συσχείν.
932 823 1019 896 ἀλλά
1037 827 1158 898 τούτου

153 911 254 1020 Αμέν
279 923 344 998 ούκ
372 929 551 1016 ἐπέτυχεν,
578 933 669 1016 ἔφθη
693 927 759 1019 γάρ
783 927 942 1019 διαδράς,
961 928 1031 1017 τὴν
1047 929 1159 1017 μέντοι

189 1028 362 1118 βασιλικὴν
381 1027 575 1118 ἀποσκευὴν
591 1025 724 1117 καλιὴν
742 1035 968 1120 δορυφορίαν,
987 1027 1072 1099 ἀλλά
1090 1027 1158 1118 μὴν

188 1133 245 1202 καὶ
274 1129 314 1200 τά
338 1129 490 1221 χρήματα
523 1131 580 1200 καὶ
610 1131 826 1220 δοριαλώτου
856 1131 1006 1220 χιλιάδας
1033 1129 1158 1212 πολλάς
1281 1162 1282 1165 ’

189 1231 272 1302 κατά
291 1237 404 1302 πᾶσαν
422 1231 540 1304 ἀδειαν
553 1232 711 1322 εἰληφώς,
729 1231 951 1324 ὑπέστρεψεν.
974 1225 1076 1314 αὖθις
1094 1224 1159 1302 ούυ
1173 1254 1200 1294 10

189 1333 418 1425 ὀἩράκλειος
444 1339 626 1424 πρεσβείαν
650 1339 749 1404 ἔθετο
775 1333 859 1426 πρός
878 1332 994 1422 αύτόυ,
1014 1337 1156 1422 ἐπεγκα·
1289 1328 1290 1337 “

189 1442 260 1506 λῶν
284 1434 379 1529 αύτῷ
405 1433 565 1504 ἀπιστίαν
589 1435 646 1504 καί
671 1435 757 1526 πρός
775 1435 915 1526 εἰρήνην
931 1433 1035 1504 αύτόν
1054 1437 1158 1524 ε’φελ-

188 1537 346 1626 κόμενος·
374 1533 392 1607 6
412 1535 451 1606 δέ
469 1537 655 1606 σπένδεται.
691 1538 750 1606 καὶ
768 1535 786 1608 ό
805 1536 963 1625 βασιλεύς
980 1541 1038 1625 τῆς
1057 1543 1157 1624 βασι-

189 1639 355 1727 λενούσης
378 1635 512 1730 ἀπάρας
536 1642 606 1708 τάν
629 1637 762 1709 πόλεων
786 1634 926 1728 ἀφίκετο
951 1643 999 1719 είς
1023 1637 1160 1720 Καισά-

190 1766 300 1830 ρειαν,
337 1747 424 1810 ἔνθα
458 1739 515 1808 καὶ
550 1735 568 1808 ὁ
603 1743 757 1830 Κρίσπος
790 1733 835 1828 ἦν
869 1744 1083 1830 στρατηγῶν·
1115 1729 1158 1809 οὗ
1173 1757 1199 1800 1⁵

188 1847 372 1921 νοσοῦντος
405 1837 428 1928 ἢ
459 1845 559 1909 τούτο
598 1845 893 1931 προσποιουμένου
925 1839 1018 1933 Υπρός
1054 1839 1159 1911 αύτόν

188 1939 288 2032 ἀπῄει
305 1939 323 2011 6
341 1939 512 2029 βασιλεύς,
540 1941 801 2032 ἐπισκεψόμενος
817 1943 875 2012 καὶ
891 1939 1158 2032 βουλευσόμενος

89 2055 203 2110 W11168
210 2043 289 2134 περὶ
305 2049 375 2113 τῶν
393 2043 577 2134 πρακτέων.
614 2041 632 2113 6
650 2043 690 2113 δὲ
707 2039 815 2114 αύτόν
828 2041 999 2136 ὀλιγώρως
1018 2043 1158 2132 ἐδέχετο,

192 2144 274 2235 μήτε
292 2151 543 2238 προσυπαντιόυ
555 2143 636 2234 μήτε
648 2143 716 2234 μὴν
732 2149 792 2233 τῆς
809 2152 927 2234 κλίνης
947 2143 1160 2234 ἐξανιστάμε-

156 2262 248 2330 Βνος
275 2245 339 2318 κάν
360 2263 436 2330 ταῖς
450 2244 605 2336 ’ὁμιλίαις
623 2241 903 2336 ἀλαζονικάτερόυ
920 2272 991 2328 πως
1004 2247 1161 2316 ’διατιθέ-
1172 2259 1201 2304 ²⁰

190 2372 301 2438 μενος.
334 2347 527 2440 Ἡράκλειος
551 2347 590 2418 δέ
614 2355 725 2418 συνίει
748 2347 812 2438 μὲν
834 2345 870 2418 τό
891 2347 1083 2437 γινόμενον,
1100 2349 1158 2416 καὶ

189 2449 507 2539 καταφρονούμενος
525 2447 659 2539 ἤχθετο,
682 2446 883 2540 ὑπεκρίνετο
900 2449 939 2519 δέ
956 2447 1033 2539 μήτ’
1053 2445 1161 2538 ἀχθε·

189 2560 270 2620 σθαι
292 2549 375 2638 μήτε
402 2551 554 2620 συνιέναι
570 2553 628 2640 τῆς
646 2548 826 2640 ὀλιγωρίας
843 2557 906 2621 τού
923 2557 1081 2642 Κρίσπον
1099 2553 1161 2638 τῆς

188 2648 265 2720 κατ’
281 2648 397 2720 αύτού.
424 2653 462 2721 έν
478 2648 589 2747 τούτῳ
607 2649 803 2740 ἀγγέλλεται
820 2649 915 2746 αύτῷ
932 2651 953 2742 ἡ
970 2649 1162 2739 1κίύγούστα

188 2757 333 2823 τεκοῦσα
360 2751 448 2825 υίόν.
484 2753 600 2823 καὶτὰ
617 2753 681 2844 μὲν
698 2752 930 2845 στρατεύματα
947 2757 994 2848 τῷ
1014 2759 1204 2847 Κρίσπφεε

188 2863 430 2943 καταλελοίπει,
449 2849 553 2936 αύτός
571 2853 607 2924 δ’
628 2858 823 2944 ἐπανῆλθεν
841 2862 890 2937 είς
906 2853 944 2926 τό
962 2854 1160 2939 Βυζάντιον.
1288 2864 1289 2867 ’

188 2963 251 3028 τού
270 2956 400 3046 Νικήτα
417 2959 531 3046 μέντοι
547 2961 609 3026 τού
627 2961 708 3027 υίού
725 2962 788 3027 τού
806 2963 982 3048 πατρικίου
999 2961 1161 3048 Γρηγορά

190 3057 447 3147 εἰσεληλυθότος
466 3065 514 3140 είς
531 3057 594 3147 τὴν
611 3063 681 3129 τεόν
699 3057 831 3130 πόλεων
853 3055 1112 3146 βασιλεύουσαν,
1140 3055 1159 3127 ὁ

189 3157 349 3244 βασιλεύς
373 3157 479 3230 αὐτόν
502 3162 541 3229 έν
564 3164 645 3250 τιμῇ
662 3159 793 3250 μεγάλη
811 3165 985 3250 πεποίητο,
1002 3154 1161 3247 ἀδελφόν

189 3257 297 3328 αύτόν
314 3256 496 3350 ὀνομάζων.
533 3262 728 3346 έπαυέζευξε
752 3261 792 3330 δὲ
815 3261 873 3331 καὶ
896 3259 915 3332 6
938 3267 1092 3352 Κρίσπος
1119 3261 1159 3328 ἐκ
1173 3292 1208 3337 ³0

188 3363 247 3442 τῆς
261 3368 447 3449 στρατείας.
484 3361 653 3450 συλλόγου
671 3369 791 3434 τοίνυν
807 3367 867 3452 τῆς
886 3361 1078 3450 συγκλήτου
1096 3386 1157 3448 γε·

189 3457 348 3544 νομένου,
372 3462 431 3529 καί
445 3468 509 3532 τού
527 3462 733 3556 πατριάρχου
752 3463 930 3556 παρόντος,
950 3461 995 3545 ιός
1012 3464 1159 3552 μέλλον-
