2510 3834
194 174 236 238 42
522 173 593 228 LIB.
606 172 653 224 VI.
673 169 752 224 CAP.
764 171 838 222 XIV.

195 312 364 406 ήθροιστο.
406 318 465 382 ’ίυα
488 314 574 399 γοῦν
596 309 643 400 μή
666 339 698 381 τι
722 318 962 400 νεωτερισθείη
985 307 1075 401 παρὰ
1096 313 1164 380 τού

196 415 349 505 πλήθους
377 412 472 496 όντος
502 419 648 502 πολλοῦ,
678 409 879 503 στρατιώτας
911 409 1072 494 ἐνόπλους
1107 413 1163 482 ἐπὶ
1232 422 1234 427 “

195 521 263 589 των
286 523 346 588 τού
372 520 464 605 ίεροῦ
488 521 597 586 στοάν
619 512 637 584 ό
662 511 840 604 Κούμαυος
864 520 981 605 ἔστησε
1005 533 1162 584 καταστε-
1235 510 1238 513 ’

99 623 342 703 ΡΙεθθλοάυτας
367 615 428 689 τόν
454 614 624 708 θόρυβον,
654 612 714 686 ἐάν
739 618 890 705 γένηται·
918 621 1016 686 τούτο
1042 615 1079 686 δέ
1105 618 1163 684 καί
1225 625 1227 630 ’

196 725 231 792 οἱ
245 719 310 812 πρό
334 718 440 790 αὐτοῦ
465 721 611 789 ἐποίουν.
654 715 793 808 τετάρτῃ
819 713 853 787 δ’
872 711 979 809 ήμίρρι
1004 723 1063 805 τής
1088 717 1191 807 ευρ-5

196 830 254 912 τής
275 819 476 914 στρατιώτης
493 826 562 890 τεόν
580 824 618 890 ἐν
634 835 707 902 ταῖς
732 836 845 902 στοαῖς
862 815 1163 908 ἀνακαθηράμενος
1249 887 1252 910 ἰ

196 923 258 1014 τήν
281 927 368 996 αίδω
397 938 466 1004 τοῖς
489 920 657 1011 πλήθεσιν
689 924 914 992 ἐπεδείκνυεν.
958 927 994 991 οί
1021 915 1056 992 δ’
1083 923 1162 991 έθυ·

195 1031 320 1116 μούντο
339 1025 383 1108 ὡς
402 1031 449 1108 είς
466 1021 525 1095 τόν
541 1021 627 1094 θεόν
643 1028 704 1094 τοῦ
720 1020 925 1114 στρατιώτου
947 1020 1162 1111 ήσεβητιότος,

196 1130 253 1198 καὶ
270 1134 306 1198 οί
310 1125 522 1252 θρασύτεροι
539 1125 598 1196 τόν
615 1123 796 1215 Κούμανον
822 1121 1069 1214 ἐβλασφήμουν.
1106 1125 1162 1194 καὶ
1250 1175 1252 1184 x

114 1253 121 1266 ¹
196 1225 232 1311 ός
256 1227 339 1320 πρός
362 1228 421 1312 τάς
443 1235 656 1318 βλασφημίας
679 1227 855 1351 ἠρέθιστο,
887 1228 943 1298 καὶ
973 1223 1102 1296 κελεύει
1124 1225 1163 1296 τό
1178 1257 1205 1296 ιο

196 1329 384 1421 στράτευμα
402 1337 470 1402 πᾶν
487 1327 582 1418 ήκειν
600 1335 647 1412 είς
664 1326 727 1418 τήν
740 1324 924 1400 Ἀντωυίαν
942 1327 979 1398 τό
972 1325 1163 1453 φρούριον

195 1439 241 1526 τῷ
265 1437 347 1527 ίερῷ
370 1433 588 1520 ἐπικείμενον.
630 1428 666 1502 τό
689 1433 819 1519 πλῆθος
841 1418 907 1500 οάν
923 1429 1001 1511 τούς
1024 1423 1163 1510 ὁπλίτας

195 1533 408 1624 θεασάμενον
428 1539 474 1615 είς
492 1529 608 1655 φυγήν
621 1530 766 1622 άρμησε,
785 1532 842 1601 καί
858 1535 927 1601 των
946 1529 1071 1614 ἐξόδων
1088 1551 1162 1600 στε-

196 1638 267 1705 νων
289 1631 403 1705 νόσων
425 1631 684 1723 συνωθούμενοι
707 1631 790 1704 κατά
813 1632 876 1723 τήν
900 1629 1015 1722 φυγήν
1042 1634 1161 1702 πολλοὶ
1249 1661 1254 1716 j

195 1730 255 1804 ὑπ’
276 1732 432 1824 άλλήλωυ
450 1732 713 1824 συνθλιβόμενοι
730 1737 785 1806 καί
804 1731 1075 1824 συμπατούμενοι
1094 1739 1161 1804 διε·
1176 1761 1202 1803 ω
1252 1767 1254 1826 3

196 1833 397 1929 φθάρησαν,
417 1831 461 1918 ὡς
481 1833 543 1907 δύο
561 1833 728 1927 μυριάδας
746 1832 979 1926 ἀριθμηθῆναι
994 1834 1074 1918 τούς
1086 1831 1162 1906 τότε
1252 1873 1254 1910 2

196 1940 461 2030 διαφθαρέντας·
488 1939 604 2008 καλέ
555 1963 585 2007 ιτ
587 1939 687 2019 ένθος
705 1928 749 2026 ήν
766 1933 842 2008 άντὶ
862 1934 1091 2028 πανηγύρεως.

163 2059 187 2110 Β
279 2036 386 2112 Οάπω
411 2037 448 2110 τὸ
472 2040 599 2122 πένθος
622 2043 720 2110 τοῦτο
726 2035 953 2164 κατηύναστο
978 2040 1036 2109 καὶ
1059 2035 1165 2108 κακόν
1253 2103 1254 2108 ,

195 2143 452 2233 προσιιθεται“
431 2169 553 2232 ετερου.
590 2140 734 2223 τινές
694 2169 759 2231 γαρ
775 2143 847 2212 τάν
857 2142 911 2212 ἐπὶ
926 2154 1162 2231 νεωτερισμοῖς

194 2237 370 2334 ἡδομένων
383 2239 562 2331 Στέφανόν
579 2270 654 2313 τινα
673 2245 796 2313 δοῦλον
812 2246 874 2313 τοι]
885 2249 1055 2334 Καίσαρος
1071 2239 1159 2312 δδοι·
1174 2267 1200 2311 ιο

195 2349 363 2435 ποροῦυτα
384 2341 627 2434 λῃστεύσαντες
655 2340 791 2414 ἅπασαν
821 2342 927 2414 αὐτοῦ
955 2342 1019 2432 τήν
1042 2345 1161 2432 κτήσιν

194 2441 387 2535 ἁρπάζουσι
424 2443 477 2514 διὸ
490 2447 612 2535 πέμπει
630 2443 831 2536 στρατιώτας
850 2443 868 2516 ὁ
888 2443 1082 2535 Κούμανος,
1106 2473 1161 2516 κε·
1254 2454 1255 2457 ’

195 2543 320 2626 λεύσας
349 2539 464 2627 αὐτοῖς
492 2543 550 2631 τάς
580 2553 724 2636 πλησίον
754 2545 863 2646 χώρας
892 2553 1074 2636 ληίσασθαι
1103 2549 1161 2616 καί

193 2643 271 2728 τούς
290 2644 630 2769 έπιφαυεστάτους’
588 2651 700 2719 αυττόν
719 2654 876 2738 δεσμίους
895 2646 945 2718 ἐπ’
963 2644 1067 2719 αύτόν
1080 2643 1160 2736 άγα

194 2763 276 2836 μείν.
313 2754 372 2836 τῆς
391 2748 428 2818 δδ
445 2752 515 2820 τεόν
536 2757 669 2842 χωρίων
693 2753 833 2822 ἐκείνων
849 2747 1046 2841 πορθήσεως
1063 2777 1152 2838 νινο-
1173 2775 1201 2816 τε
1254 2788 1255 2791 ¹

193 2853 295 2940 μένης
312 2857 449 2932 νεανίας
466 2879 516 2932 τις
533 2854 602 2922 των
619 2859 831 2942 στρατιωτῶν
854 2849 988 2943 θρασύς
1005 2847 1098 2925 κάλ’
1079 2849 1161 2922 ατά-
1253 2931 1254 2936 1

194 2962 319 3034 σθαλος
336 2968 406 3034 τοίς
424 2954 600 3035 Μωυσέως
618 2951 830 3044 έντυχόν’
790 2983 904 3044 νομοις
922 2960 959 3024 έν
982 2982 1046 3024 τινι
1063 2949 1159 3044 κόμη

193 3059 381 3142 σεβασμίως
398 3055 559 3143 κειμένοις
578 3053 630 3124 ἐπ’
645 3052 742 3140 όηηεσι
759 3058 898 3127 πολλῶν
914 3052 1142 3146 διέρρηξεν’
1100 3083 1160 3126 αυ·

192 3154 271 3236 τούς
288 3161 497 3245 βλασφημεῖν
520 3157 576 3227 καί
600 3161 864 3248 κατακερτομῶν.
900 3163 1080 3249 προσίασιν
1096 3145 1161 3228 οάν

192 3259 238 3348 τά
266 3256 431 3350 Κουμάνω
462 3263 498 3328 ολ
512 3255 692 3380 Ἰουδαῖοι,
722 3257 928 3342 ἱκετεύοντες
951 3256 998 3349 μή
1021 3253 1159 3348 αὐτούς,
1176 3285 1204 3326 so

193 3352 327 3426 ἀλλά
293 3384 352 3428 τον
368 3358 465 3446 θεόν,
482 3347 589 3452 οόπερ
607 3365 642 3430 οί
656 3355 752 3450 νόμοι
765 3367 1052 3486 καθυβρίσθησαν
1070 3361 1160 3430 ἐκδι-

160 3459 301 3544 Οκήσαι.
337 3455 426 3528 καὶ
411 3486 428 3526 ο
446 3457 624 3550 Κοάμανος
648 3466 762 3544 δείσας
785 3460 831 3552 μή
853 3461 890 3534 τό
909 3465 1038 3552 πλῆθος
1055 3458 1161 3532 πάλιν
