<?xml version="1.0" encoding="UTF-8"?>
<!DOCTYPE html PUBLIC "-//W3C//DTD XHTML 1.0 Transitional//EN"
    "http://www.w3.org/TR/xhtml1/DTD/xhtml1-transitional.dtd">
<html xmlns="http://www.w3.org/1999/xhtml" xml:lang="en" lang="en">
 <head>
  <title>
</title>
<meta http-equiv="Content-Type" content="text/html;charset=utf-8" />
  <meta name='ocr-system' content='tesseract 3.04.00' />
  <meta name='ocr-capabilities' content='ocr_page ocr_carea ocr_par ocr_line ocrx_word'/>
</head>
<body>
  <div class='ocr_page' id='page_1' title='image "./iannoutouznapae01canggoog_0489.png"; bbox 0 0 2538 3824; ppageno 0'>
   <div class='ocr_carea' id='block_1_1' title="bbox 153 123 793 190">
    <p class='ocr_par' dir='ltr' id='par_1_1' title="bbox 153 123 793 190">
     <span class='ocr_line' id='line_1_1' title="bbox 153 123 793 190; baseline 0 -16"><span class='ocrx_word' id='word_1_1' title='bbox 153 125 176 190; x_wconf 86' lang='lat'>4</span> <span class='ocrx_word' id='word_1_2' title='bbox 478 124 612 175; x_wconf 77' lang='lat' dir='ltr'><strong>L13.x1.</strong></span> <span class='ocrx_word' id='word_1_3' title='bbox 631 123 743 178; x_wconf 74' lang='lat' dir='ltr'>CARI.</span> <span class='ocrx_word' id='word_1_4' title='bbox 756 123 793 176; x_wconf 91' lang='lat'><strong><em>11.</em></strong></span> 
     </span>
    </p>
   </div>
   <div class='ocr_carea' id='block_1_2' title="bbox 44 263 1168 3206">
    <p class='ocr_par' dir='ltr' id='par_1_2' title="bbox 157 263 1124 355">
     <span class='ocr_line' id='line_1_2' title="bbox 157 263 1124 355; baseline -0.004 -17"><span class='ocrx_word' id='word_1_5' title='bbox 157 265 391 353; x_wconf 78' lang='grc' dir='ltr'><strong><em>ἐπεσκέπτετο,</em></strong></span> <span class='ocrx_word' id='word_1_6' title='bbox 422 269 590 354; x_wconf 77' lang='grc' dir='ltr'><strong><em>μηδεμίαν</em></strong></span> <span class='ocrx_word' id='word_1_7' title='bbox 620 263 774 355; x_wconf 78' lang='grc' dir='ltr'><strong><em>φρουρὰν</em></strong></span> <span class='ocrx_word' id='word_1_8' title='bbox 805 263 1020 354; x_wconf 75' lang='grc' dir='ltr'><strong><em>ἐπαγόμενος·</em></strong></span> <span class='ocrx_word' id='word_1_9' title='bbox 1067 266 1124 335; x_wconf 82' lang='grc' dir='ltr'><strong><em>καὶ</em></strong></span> 
     </span>
    </p>

    <p class='ocr_par' dir='ltr' id='par_1_3' title="bbox 107 361 1125 562">
     <span class='ocr_line' id='line_1_3' title="bbox 107 361 1124 456; baseline 0 -19"><span class='ocrx_word' id='word_1_10' title='bbox 107 433 109 437; x_wconf 81' lang='grc'>,</span> <span class='ocrx_word' id='word_1_11' title='bbox 157 371 214 440; x_wconf 88' lang='grc' dir='ltr'><strong><em>ἐπί</em></strong></span> <span class='ocrx_word' id='word_1_12' title='bbox 234 397 300 438; x_wconf 90' lang='grc' dir='ltr'><strong><em>τινι</em></strong></span> <span class='ocrx_word' id='word_1_13' title='bbox 326 364 439 438; x_wconf 79' lang='grc' dir='ltr'><strong><em>αὐτῶν</em></strong></span> <span class='ocrx_word' id='word_1_14' title='bbox 456 362 691 456; x_wconf 80' lang='grc' dir='ltr'><strong><em>τελευτήσαντι</em></strong></span> <span class='ocrx_word' id='word_1_15' title='bbox 710 361 811 448; x_wconf 78' lang='grc' dir='ltr'><strong><em>αὐτὸς</em></strong></span> <span class='ocrx_word' id='word_1_16' title='bbox 828 363 959 455; x_wconf 79' lang='grc' dir='ltr'><strong><em>ἆνέγυιο</em></strong></span> <span class='ocrx_word' id='word_1_17' title='bbox 977 363 1036 437; x_wconf 86' lang='grc' dir='ltr'><strong><em>τὸν</em></strong></span> <span class='ocrx_word' id='word_1_18' title='bbox 1055 369 1124 437; x_wconf 82' lang='grc' dir='ltr'><strong><em>ἐπι-</em></strong></span> 
     </span>
     <span class='ocr_line' id='line_1_4' title="bbox 155 462 1125 562; baseline -0.002 -21"><span class='ocrx_word' id='word_1_19' title='bbox 155 467 286 562; x_wconf 80' lang='grc' dir='ltr'><strong><em>τάφιον.</em></strong></span> <span class='ocrx_word' id='word_1_20' title='bbox 321 471 378 540; x_wconf 84' lang='grc' dir='ltr'><strong><em>καὶ</em></strong></span> <span class='ocrx_word' id='word_1_21' title='bbox 396 467 458 558; x_wconf 82' lang='grc' dir='ltr'><strong><em>τήν</em></strong></span> <span class='ocrx_word' id='word_1_22' title='bbox 475 469 601 559; x_wconf 90' lang='grc' dir='ltr'><strong><em>μητέρα</em></strong></span> <span class='ocrx_word' id='word_1_23' title='bbox 617 467 680 556; x_wconf 83' lang='grc' dir='ltr'><strong><em>τήν</em></strong></span> <span class='ocrx_word' id='word_1_24' title='bbox 697 473 823 557; x_wconf 79' lang='grc' dir='ltr'><strong><em>Λιβίαν</em></strong></span> <span class='ocrx_word' id='word_1_25' title='bbox 839 462 961 557; x_wconf 83' lang='grc' dir='ltr'><strong><em>ὁμοίως</em></strong></span> <span class='ocrx_word' id='word_1_26' title='bbox 978 470 1125 560; x_wconf 83' lang='grc' dir='ltr'><strong><em>προσφέ-</em></strong></span> 
     </span>
    </p>

    <p class='ocr_par' dir='ltr' id='par_1_4' title="bbox 56 566 1128 664">
     <span class='ocr_line' id='line_1_5' title="bbox 56 566 1128 664; baseline -0.009 -14"><span class='ocrx_word' id='word_1_27' title='bbox 56 583 308 664; x_wconf 70' lang='grc' dir='ltr'><strong><em>ισΠῙσερεσθαι</em></strong></span> <span class='ocrx_word' id='word_1_28' title='bbox 325 577 430 643; x_wconf 81' lang='grc' dir='ltr'><strong><em>πᾶσιν</em></strong></span> <span class='ocrx_word' id='word_1_29' title='bbox 448 571 611 641; x_wconf 80' lang='grc' dir='ltr'><strong><em>ἐκέλευεν.</em></strong></span> <span class='ocrx_word' id='word_1_30' title='bbox 648 566 669 658; x_wconf 81' lang='grc' dir='ltr'><em>ἡ</em></span> <span class='ocrx_word' id='word_1_31' title='bbox 689 569 725 640; x_wconf 78' lang='grc' dir='ltr'><strong><em>δέ</em></strong></span> <span class='ocrx_word' id='word_1_32' title='bbox 743 569 834 642; x_wconf 76' lang='grc' dir='ltr'><strong><em>πάνυ</em></strong></span> <span class='ocrx_word' id='word_1_33' title='bbox 853 566 1000 660; x_wconf 75' lang='grc' dir='ltr'><strong><em>ὐμκωτο,</em></strong></span> <span class='ocrx_word' id='word_1_34' title='bbox 1019 572 1128 640; x_wconf 78' lang='grc' dir='ltr'><strong><em>καλαί</em></strong></span> 
     </span>
    </p>

    <p class='ocr_par' dir='ltr' id='par_1_5' title="bbox 123 670 1167 1780">
     <span class='ocr_line' id='line_1_6' title="bbox 123 670 1164 764; baseline -0.007 -15"><span class='ocrx_word' id='word_1_35' title='bbox 123 676 220 749; x_wconf 75' lang='grc' dir='ltr'><strong><em>0τού</em></strong></span> <span class='ocrx_word' id='word_1_36' title='bbox 242 677 397 764; x_wconf 81' lang='grc' dir='ltr'><em>Τιβερίου</em></span> <span class='ocrx_word' id='word_1_37' title='bbox 422 673 593 742; x_wconf 79' lang='grc' dir='ltr'><strong><em>ἐπιστολαὶ</em></strong></span> <span class='ocrx_word' id='word_1_38' title='bbox 615 671 738 762; x_wconf 86' lang='grc' dir='ltr'><strong><em>χρόνον</em></strong></span> <span class='ocrx_word' id='word_1_39' title='bbox 759 671 835 742; x_wconf 79' lang='grc' dir='ltr'><strong><em>τινὰ</em></strong></span> <span class='ocrx_word' id='word_1_40' title='bbox 857 673 915 742; x_wconf 83' lang='grc' dir='ltr'><strong><em>καὶ</em></strong></span> <span class='ocrx_word' id='word_1_41' title='bbox 936 670 973 742; x_wconf 87' lang='grc' dir='ltr'><strong><em>τὸ</em></strong></span> <span class='ocrx_word' id='word_1_42' title='bbox 994 675 1124 762; x_wconf 75' lang='grc' dir='ltr'><strong><em>ἐκείνης</em></strong></span> <span class='ocrx_word' id='word_1_43' title='bbox 1151 701 1164 742; x_wconf 85' lang='lat'>5</span> 
     </span>
     <span class='ocr_line' id='line_1_7' title="bbox 156 767 1125 866; baseline -0.003 -19"><span class='ocrx_word' id='word_1_44' title='bbox 156 775 261 866; x_wconf 83' lang='grc' dir='ltr'><strong><em>ὄνομα</em></strong></span> <span class='ocrx_word' id='word_1_45' title='bbox 280 773 387 866; x_wconf 87' lang='grc' dir='ltr'><strong><em>εἶχον,</em></strong></span> <span class='ocrx_word' id='word_1_46' title='bbox 408 771 449 844; x_wconf 86' lang='grc' dir='ltr'><strong><em>ια’</em></strong></span> <span class='ocrx_word' id='word_1_47' title='bbox 466 802 502 844; x_wconf 91' lang='grc' dir='ltr'><strong><em>τε</em></strong></span> <span class='ocrx_word' id='word_1_48' title='bbox 519 770 604 843; x_wconf 80' lang='grc' dir='ltr'><strong><em>ἄλλα</em></strong></span> <span class='ocrx_word' id='word_1_49' title='bbox 622 770 731 844; x_wconf 79' lang='grc' dir='ltr'><strong><em>πάντα</em></strong></span> <span class='ocrx_word' id='word_1_50' title='bbox 749 767 794 854; x_wconf 77' lang='grc' dir='ltr'><strong><em>ὥς</em></strong></span> <span class='ocrx_word' id='word_1_51' title='bbox 813 768 1026 865; x_wconf 85' lang='grc' dir='ltr'><strong><em>αὐταρχοῦσα</em></strong></span> <span class='ocrx_word' id='word_1_52' title='bbox 1045 780 1125 844; x_wconf 81' lang='grc' dir='ltr'><strong><em>διοι-</em></strong></span> 
     </span>
     <span class='ocr_line' id='line_1_8' title="bbox 158 871 1125 968; baseline -0.006 -18"><span class='ocrx_word' id='word_1_53' title='bbox 158 892 232 950; x_wconf 83' lang='grc' dir='ltr'><strong><em>κεῖν</em></strong></span> <span class='ocrx_word' id='word_1_54' title='bbox 256 879 435 968; x_wconf 78' lang='grc' dir='ltr'><strong><em>ἐπεχείρει,</em></strong></span> <span class='ocrx_word' id='word_1_55' title='bbox 467 877 523 946; x_wconf 77' lang='grc' dir='ltr'><strong><em>καὶ</em></strong></span> <span class='ocrx_word' id='word_1_56' title='bbox 554 871 617 946; x_wconf 87' lang='grc' dir='ltr'><strong><em>οὐκ</em></strong></span> <span class='ocrx_word' id='word_1_57' title='bbox 642 877 675 960; x_wconf 81' lang='grc' dir='ltr'><strong><em>ἐξ</em></strong></span> <span class='ocrx_word' id='word_1_58' title='bbox 699 884 774 946; x_wconf 82' lang='grc' dir='ltr'><strong><em>λσου</em></strong></span> <span class='ocrx_word' id='word_1_59' title='bbox 798 871 931 965; x_wconf 75' lang='grc' dir='ltr'><strong><em>ἄρχειν,</em></strong></span> <span class='ocrx_word' id='word_1_60' title='bbox 957 872 1042 945; x_wconf 79' lang='grc' dir='ltr'><strong><em>ἀλλὰ</em></strong></span> <span class='ocrx_word' id='word_1_61' title='bbox 1069 877 1125 946; x_wconf 87' lang='grc' dir='ltr'><strong><em>καὶ</em></strong></span> 
     </span>
     <span class='ocr_line' id='line_1_9' title="bbox 157 972 1125 1104; baseline -0.005 -53"><span class='ocrx_word' id='word_1_62' title='bbox 157 977 361 1104; x_wconf 77' lang='grc' dir='ltr'><strong><em>πρεσβεύειν</em></strong></span> <span class='ocrx_word' id='word_1_63' title='bbox 392 975 497 1048; x_wconf 84' lang='grc' dir='ltr'><strong><em>αὐτού</em></strong></span> <span class='ocrx_word' id='word_1_64' title='bbox 526 972 668 1066; x_wconf 76' lang='grc' dir='ltr'><strong><em>ἤθελεν,</em></strong></span> <span class='ocrx_word' id='word_1_65' title='bbox 701 973 787 1065; x_wconf 81' lang='grc' dir='ltr'><strong><em>αὐτή</em></strong></span> <span class='ocrx_word' id='word_1_66' title='bbox 813 981 948 1065; x_wconf 82' lang='grc' dir='ltr'><strong><em>ποιήσαι</em></strong></span> <span class='ocrx_word' id='word_1_67' title='bbox 974 973 1125 1067; x_wconf 87' lang='grc' dir='ltr'><strong><em>αὐχούσα</em></strong></span> 
     </span>
     <span class='ocr_line' id='line_1_10' title="bbox 157 1075 1126 1205; baseline -0.004 -53"><span class='ocrx_word' id='word_1_68' title='bbox 157 1077 261 1153; x_wconf 88' lang='grc' dir='ltr'><strong><em>αὐτὸν</em></strong></span> <span class='ocrx_word' id='word_1_69' title='bbox 278 1077 515 1171; x_wconf 82' lang='grc' dir='ltr'><strong><em>αὐτοκράτορα.</em></strong></span> <span class='ocrx_word' id='word_1_70' title='bbox 552 1107 570 1205; x_wconf 81' lang='grc' dir='ltr'><strong><em>ρ</em></strong></span> <span class='ocrx_word' id='word_1_71' title='bbox 558 1075 666 1148; x_wconf 69' lang='grc' dir='ltr'><strong><em>Ἣέ</em></strong></span> <span class='ocrx_word' id='word_1_72' title='bbox 645 1089 767 1168; x_wconf 87' lang='grc' dir='ltr'><strong><em>ηχθετο</em></strong></span> <span class='ocrx_word' id='word_1_73' title='bbox 780 1082 913 1170; x_wconf 76' lang='grc' dir='ltr'><strong><em>πρῶτον</em></strong></span> <span class='ocrx_word' id='word_1_74' title='bbox 926 1075 1026 1170; x_wconf 76' lang='grc' dir='ltr'><strong><em>αὐτῇ</em></strong></span> <span class='ocrx_word' id='word_1_75' title='bbox 1055 1079 1126 1150; x_wconf 83' lang='grc' dir='ltr'><strong><em>εἶτα</em></strong></span> 
     </span>
     <span class='ocr_line' id='line_1_11' title="bbox 157 1175 1166 1303; baseline -0.003 -50"><span class='ocrx_word' id='word_1_76' title='bbox 157 1187 226 1255; x_wconf 65' lang='grc' dir='ltr'><strong><em>τούν</em></strong></span> <span class='ocrx_word' id='word_1_77' title='bbox 249 1183 312 1272; x_wconf 72' lang='grc' dir='ltr'><strong><em>μὲν</em></strong></span> <span class='ocrx_word' id='word_1_78' title='bbox 336 1187 507 1273; x_wconf 78' lang='grc' dir='ltr'><strong><em>δημοσίων</em></strong></span> <span class='ocrx_word' id='word_1_79' title='bbox 529 1178 637 1303; x_wconf 74' lang='grc' dir='ltr'><strong><em>αὐτήν</em></strong></span> <span class='ocrx_word' id='word_1_80' title='bbox 660 1187 802 1270; x_wconf 87' lang='grc' dir='ltr'><strong><em>ἐπαυσε,</em></strong></span> <span class='ocrx_word' id='word_1_81' title='bbox 827 1175 919 1250; x_wconf 75' lang='grc' dir='ltr'><strong><em>ταδ’</em></strong></span> <span class='ocrx_word' id='word_1_82' title='bbox 939 1190 1026 1251; x_wconf 90' lang='grc' dir='ltr'><strong><em>οίκοι</em></strong></span> <span class='ocrx_word' id='word_1_83' title='bbox 1045 1186 1126 1251; x_wconf 79' lang='grc' dir='ltr'><strong><em>ὄιοι-</em></strong></span> <span class='ocrx_word' id='word_1_84' title='bbox 1140 1210 1166 1250; x_wconf 90' lang='lat'><strong><em>10</em></strong></span> 
     </span>
     <span class='ocr_line' id='line_1_12' title="bbox 157 1271 1126 1406; baseline -0.002 -52"><span class='ocrx_word' id='word_1_85' title='bbox 157 1301 232 1356; x_wconf 82' lang='grc' dir='ltr'><strong><em>κεῖν</em></strong></span> <span class='ocrx_word' id='word_1_86' title='bbox 254 1282 400 1374; x_wconf 76' lang='grc' dir='ltr'><strong><em>ἀφῆκεν</em></strong></span> <span class='ocrx_word' id='word_1_87' title='bbox 441 1281 486 1365; x_wconf 77' lang='grc' dir='ltr'><strong><em>ὡς</em></strong></span> <span class='ocrx_word' id='word_1_88' title='bbox 511 1277 606 1352; x_wconf 68' lang='grc' dir='ltr'><strong><em>δὲ’</em></strong></span> <span class='ocrx_word' id='word_1_89' title='bbox 566 1309 630 1354; x_wconf 90' lang='grc' dir='ltr'><strong><em>καν</em></strong></span> <span class='ocrx_word' id='word_1_90' title='bbox 647 1279 775 1364; x_wconf 86' lang='grc' dir='ltr'><strong><em>τούτοις</em></strong></span> <span class='ocrx_word' id='word_1_91' title='bbox 793 1271 836 1371; x_wconf 77' lang='grc' dir='ltr'><strong><em>ἦν</em></strong></span> <span class='ocrx_word' id='word_1_92' title='bbox 854 1280 1061 1406; x_wconf 83' lang='grc' dir='ltr'><strong><em>ἐπαχθής,’</em></strong></span> <span class='ocrx_word' id='word_1_93' title='bbox 1044 1309 1126 1353; x_wconf 86' lang='grc' dir='ltr'><strong><em>απε-</em></strong></span> 
     </span>
     <span class='ocr_line' id='line_1_13' title="bbox 159 1379 1127 1476; baseline -0.003 -19"><span class='ocrx_word' id='word_1_94' title='bbox 159 1384 257 1476; x_wconf 78' lang='grc' dir='ltr'><strong><em>θήμει</em></strong></span> <span class='ocrx_word' id='word_1_95' title='bbox 274 1387 330 1456; x_wconf 78' lang='grc' dir='ltr'><strong><em>καὶ</em></strong></span> <span class='ocrx_word' id='word_1_96' title='bbox 349 1379 453 1473; x_wconf 81' lang='grc' dir='ltr'><strong><em>αὐτῆς</em></strong></span> <span class='ocrx_word' id='word_1_97' title='bbox 472 1386 630 1468; x_wconf 77' lang='grc' dir='ltr'><strong><em>ἐξίστατο.</em></strong></span> <span class='ocrx_word' id='word_1_98' title='bbox 676 1382 934 1475; x_wconf 80' lang='grc' dir='ltr'><strong><em>σωφρονεστατα</em></strong></span> <span class='ocrx_word' id='word_1_99' title='bbox 951 1411 987 1454; x_wconf 88' lang='grc' dir='ltr'><strong><em>τε</em></strong></span> <span class='ocrx_word' id='word_1_100' title='bbox 1004 1382 1127 1474; x_wconf 85' lang='grc' dir='ltr'><strong><em>χρόνον</em></strong></span> 
     </span>
     <span class='ocr_line' id='line_1_14' title="bbox 157 1480 1126 1577; baseline -0.002 -19"><span class='ocrx_word' id='word_1_101' title='bbox 157 1486 233 1560; x_wconf 80' lang='grc' dir='ltr'><strong><em>τινὰ</em></strong></span> <span class='ocrx_word' id='word_1_102' title='bbox 252 1493 363 1577; x_wconf 79' lang='grc' dir='ltr'><strong><em>διῆγε,</em></strong></span> <span class='ocrx_word' id='word_1_103' title='bbox 390 1489 447 1556; x_wconf 85' lang='grc' dir='ltr'><strong><em>καὶ</em></strong></span> <span class='ocrx_word' id='word_1_104' title='bbox 469 1482 592 1568; x_wconf 75' lang='grc' dir='ltr'><strong><em>ἄλλους</em></strong></span> <span class='ocrx_word' id='word_1_105' title='bbox 617 1481 649 1556; x_wconf 81' lang='grc' dir='ltr'><strong><em>θ’</em></strong></span> <span class='ocrx_word' id='word_1_106' title='bbox 677 1482 831 1570; x_wconf 80' lang='grc' dir='ltr'><strong><em>ἐκόλαζεν</em></strong></span> <span class='ocrx_word' id='word_1_107' title='bbox 854 1480 996 1574; x_wconf 82' lang='grc' dir='ltr'><strong><em>ἄσελχαί</em></strong></span> <span class='ocrx_word' id='word_1_108' title='bbox 993 1513 1126 1573; x_wconf 82' lang='grc' dir='ltr'><strong><em>νοντας,</em></strong></span> 
     </span>
     <span class='ocr_line' id='line_1_15' title="bbox 158 1583 1127 1681; baseline -0.002 -21"><span class='ocrx_word' id='word_1_109' title='bbox 158 1591 215 1660; x_wconf 80' lang='grc' dir='ltr'><strong><em>καί</em></strong></span> <span class='ocrx_word' id='word_1_110' title='bbox 238 1591 287 1681; x_wconf 79' lang='grc' dir='ltr'><strong><em>τρῖ</em></strong></span> <span class='ocrx_word' id='word_1_111' title='bbox 311 1584 458 1681; x_wconf 78' lang='grc' dir='ltr'><strong><em>Δρούσῳ</em></strong></span> <span class='ocrx_word' id='word_1_112' title='bbox 486 1587 523 1656; x_wconf 78' lang='grc' dir='ltr'><strong><em>δέ</em></strong></span> <span class='ocrx_word' id='word_1_113' title='bbox 548 1593 595 1680; x_wconf 76' lang='grc' dir='ltr'><strong><em>τῷ</em></strong></span> <span class='ocrx_word' id='word_1_114' title='bbox 618 1591 700 1681; x_wconf 77' lang='grc' dir='ltr'><strong><em>υἱῷ,</em></strong></span> <span class='ocrx_word' id='word_1_115' title='bbox 727 1583 768 1658; x_wconf 80' lang='grc' dir='ltr'><strong><em>ὃν</em></strong></span> <span class='ocrx_word' id='word_1_116' title='bbox 786 1591 819 1671; x_wconf 78' lang='grc' dir='ltr'><strong><em>ἐξ</em></strong></span> <span class='ocrx_word' id='word_1_117' title='bbox 832 1584 1051 1680; x_wconf 77' lang='grc' dir='ltr'><strong><em>Ἀγριππίνης</em></strong></span> <span class='ocrx_word' id='word_1_118' title='bbox 1068 1591 1127 1676; x_wconf 79' lang='grc' dir='ltr'><strong><em>τῆς</em></strong></span> 
     </span>
     <span class='ocr_line' id='line_1_16' title="bbox 160 1684 1167 1780; baseline -0.004 -20"><span class='ocrx_word' id='word_1_119' title='bbox 160 1692 322 1780; x_wconf 78' lang='grc' dir='ltr'><strong><em>προτέρας</em></strong></span> <span class='ocrx_word' id='word_1_120' title='bbox 340 1684 446 1759; x_wconf 84' lang='grc' dir='ltr'><strong><em>αὐτοῦ</em></strong></span> <span class='ocrx_word' id='word_1_121' title='bbox 463 1686 622 1778; x_wconf 87' lang='grc' dir='ltr'><strong><em>χυναικὸς</em></strong></span> <span class='ocrx_word' id='word_1_122' title='bbox 640 1695 771 1779; x_wconf 79' lang='grc' dir='ltr'><strong><em>ἔσχηκε,</em></strong></span> <span class='ocrx_word' id='word_1_123' title='bbox 789 1690 846 1759; x_wconf 80' lang='grc' dir='ltr'><strong><em>καὶ</em></strong></span> <span class='ocrx_word' id='word_1_124' title='bbox 858 1685 1126 1779; x_wconf 83' lang='grc' dir='ltr'><strong><em>ὐσελχείτυχχιί-</em></strong></span> <span class='ocrx_word' id='word_1_125' title='bbox 1141 1716 1167 1756; x_wconf 86' lang='lat'><strong><em>15</em></strong></span> 
     </span>
    </p>

    <p class='ocr_par' dir='ltr' id='par_1_6' title="bbox 126 1788 1128 2086">
     <span class='ocr_line' id='line_1_17' title="bbox 126 1788 1127 1886; baseline -0.001 -23"><span class='ocrx_word' id='word_1_126' title='bbox 126 1814 255 1864; x_wconf 76' lang='grc' dir='ltr'><strong><em>ονοντι</em></strong></span> <span class='ocrx_word' id='word_1_127' title='bbox 273 1793 329 1862; x_wconf 79' lang='grc' dir='ltr'><strong><em>καὶ</em></strong></span> <span class='ocrx_word' id='word_1_128' title='bbox 347 1788 444 1884; x_wconf 74' lang='grc' dir='ltr'><strong><em>ὠμῷ,</em></strong></span> <span class='ocrx_word' id='word_1_129' title='bbox 464 1794 602 1881; x_wconf 83' lang='grc' dir='ltr'><strong><em>ἐπετίμα</em></strong></span> <span class='ocrx_word' id='word_1_130' title='bbox 620 1793 675 1860; x_wconf 83' lang='grc' dir='ltr'><strong><em>καὶ</em></strong></span> <span class='ocrx_word' id='word_1_131' title='bbox 693 1788 825 1880; x_wconf 79' lang='grc' dir='ltr'><strong><em>ἤχθετο.</em></strong></span> <span class='ocrx_word' id='word_1_132' title='bbox 863 1797 923 1861; x_wconf 87' lang='grc' dir='ltr'><strong><em>καί</em></strong></span> <span class='ocrx_word' id='word_1_133' title='bbox 937 1815 1018 1862; x_wconf 89' lang='grc' dir='ltr'><strong><em>ποτε</em></strong></span> <span class='ocrx_word' id='word_1_134' title='bbox 1036 1789 1127 1886; x_wconf 78' lang='grc' dir='ltr'><strong><em>αὐτῷ</em></strong></span> 
     </span>
     <span class='ocr_line' id='line_1_18' title="bbox 160 1887 1128 1983; baseline 0 -21"><span class='ocrx_word' id='word_1_135' title='bbox 160 1892 254 1964; x_wconf 87' lang='grc' dir='ltr'><strong><em>είπεν</em></strong></span> <span class='ocrx_word' id='word_1_136' title='bbox 266 1887 469 1976; x_wconf 74' lang='grc' dir='ltr'><strong><em>ὅτι“ζα5ντος</em></strong></span> <span class='ocrx_word' id='word_1_137' title='bbox 484 1894 566 1982; x_wconf 85' lang='grc' dir='ltr'><strong><em>ἐμού</em></strong></span> <span class='ocrx_word' id='word_1_138' title='bbox 577 1892 655 1963; x_wconf 85' lang='grc' dir='ltr'><strong><em>οὐτε</em></strong></span> <span class='ocrx_word' id='word_1_139' title='bbox 668 1898 781 1982; x_wconf 85' lang='grc' dir='ltr'><strong><em>βίαιον</em></strong></span> <span class='ocrx_word' id='word_1_140' title='bbox 794 1887 872 1964; x_wconf 82' lang='grc' dir='ltr'><strong><em>οὐθ’</em></strong></span> <span class='ocrx_word' id='word_1_141' title='bbox 889 1889 1084 1983; x_wconf 79' lang='grc' dir='ltr'><strong><em>ὑβριστικόν</em></strong></span> <span class='ocrx_word' id='word_1_142' title='bbox 1096 1920 1128 1962; x_wconf 89' lang='grc' dir='ltr'><strong><em>τι</em></strong></span> 
     </span>
     <span class='ocr_line' id='line_1_19' title="bbox 159 1987 1127 2086; baseline 0.001 -22"><span class='ocrx_word' id='word_1_143' title='bbox 159 1992 308 2086; x_wconf 74' lang='grc' dir='ltr'><strong><em>πράξεις’</em></strong></span> <span class='ocrx_word' id='word_1_144' title='bbox 335 1990 378 2065; x_wconf 80' lang='grc' dir='ltr'><strong><em>ὐν</em></strong></span> <span class='ocrx_word' id='word_1_145' title='bbox 393 1996 434 2066; x_wconf 79' lang='grc' dir='ltr'><strong><em>δέ</em></strong></span> <span class='ocrx_word' id='word_1_146' title='bbox 443 2023 474 2064; x_wconf 91' lang='grc' dir='ltr'><strong><em>τι</em></strong></span> <span class='ocrx_word' id='word_1_147' title='bbox 488 1996 543 2064; x_wconf 84' lang='grc' dir='ltr'><strong><em>καὶ</em></strong></span> <span class='ocrx_word' id='word_1_148' title='bbox 556 1991 733 2085; x_wconf 76' lang='grc' dir='ltr'><strong><em>τολμήσῃς,</em></strong></span> <span class='ocrx_word' id='word_1_149' title='bbox 747 1992 829 2066; x_wconf 72' lang='grc' dir='ltr'><strong><em>οὐδὲ</em></strong></span> <span class='ocrx_word' id='word_1_150' title='bbox 841 1987 1127 2083; x_wconf 84' lang='grc' dir='ltr'><strong><em>τελευτήσαντος.”</em></strong></span> 
     </span>
    </p>

    <p class='ocr_par' dir='ltr' id='par_1_7' title="bbox 127 2092 1168 2798">
     <span class='ocr_line' id='line_1_20' title="bbox 127 2092 1125 2188; baseline 0 -23"><span class='ocrx_word' id='word_1_151' title='bbox 127 2099 148 2165; x_wconf 87' lang='grc'><strong><em>2</em></strong></span> <span class='ocrx_word' id='word_1_152' title='bbox 240 2093 337 2169; x_wconf 80' lang='grc' dir='ltr'><strong><em>Οὕτω</em></strong></span> <span class='ocrx_word' id='word_1_153' title='bbox 361 2102 466 2167; x_wconf 84' lang='grc' dir='ltr'><strong><em>ταῦτα</em></strong></span> <span class='ocrx_word' id='word_1_154' title='bbox 490 2097 546 2167; x_wconf 84' lang='grc' dir='ltr'><strong><em>καὶ</em></strong></span> <span class='ocrx_word' id='word_1_155' title='bbox 563 2092 667 2167; x_wconf 72' lang='grc' dir='ltr'><strong><em>τᾶλλα</em></strong></span> <span class='ocrx_word' id='word_1_156' title='bbox 684 2097 797 2187; x_wconf 78' lang='grc' dir='ltr'><strong><em>μέχρις</em></strong></span> <span class='ocrx_word' id='word_1_157' title='bbox 814 2095 832 2167; x_wconf 88' lang='grc' dir='ltr'>ὁ</span> <span class='ocrx_word' id='word_1_158' title='bbox 849 2093 1055 2188; x_wconf 82' lang='grc' dir='ltr'><strong><em>Γερμανικὸς</em></strong></span> <span class='ocrx_word' id='word_1_159' title='bbox 1072 2102 1125 2184; x_wconf 79' lang='grc' dir='ltr'><strong><em>ἔζη</em></strong></span> 
     </span>
     <span class='ocr_line' id='line_1_21' title="bbox 160 2195 1168 2289; baseline -0.003 -21"><span class='ocrx_word' id='word_1_160' title='bbox 160 2201 279 2270; x_wconf 84' lang='grc' dir='ltr'><strong><em>ἐποίει·</em></strong></span> <span class='ocrx_word' id='word_1_161' title='bbox 324 2198 406 2289; x_wconf 81' lang='grc' dir='ltr'><strong><em>μετὰ</em></strong></span> <span class='ocrx_word' id='word_1_162' title='bbox 440 2198 479 2268; x_wconf 71' lang='grc' dir='ltr'><strong><em>δὲ</em></strong></span> <span class='ocrx_word' id='word_1_163' title='bbox 512 2202 609 2270; x_wconf 87' lang='grc' dir='ltr'><strong><em>τοῦτο</em></strong></span> <span class='ocrx_word' id='word_1_164' title='bbox 643 2196 751 2288; x_wconf 74' lang='grc' dir='ltr'><strong><em>συχνὰ</em></strong></span> <span class='ocrx_word' id='word_1_165' title='bbox 779 2195 908 2270; x_wconf 81' lang='grc' dir='ltr'><strong><em>τούτων</em></strong></span> <span class='ocrx_word' id='word_1_166' title='bbox 937 2195 1122 2288; x_wconf 80' lang='grc' dir='ltr'><strong><em>μετήλλαξε.</em></strong></span> <span class='ocrx_word' id='word_1_167' title='bbox 1139 2225 1168 2265; x_wconf 72' lang='grc' dir='ltr'><strong><em>νο</em></strong></span> 
     </span>
     <span class='ocr_line' id='line_1_22' title="bbox 159 2295 1128 2424; baseline -0.001 -53"><span class='ocrx_word' id='word_1_168' title='bbox 159 2297 259 2389; x_wconf 83' lang='grc' dir='ltr'><strong><em>μήπω</em></strong></span> <span class='ocrx_word' id='word_1_169' title='bbox 277 2299 341 2390; x_wconf 82' lang='grc' dir='ltr'><strong><em>χύρ</em></strong></span> <span class='ocrx_word' id='word_1_170' title='bbox 359 2305 427 2369; x_wconf 80' lang='grc' dir='ltr'><strong><em>τῶν</em></strong></span> <span class='ocrx_word' id='word_1_171' title='bbox 444 2297 535 2389; x_wconf 81' lang='grc' dir='ltr'><strong><em>παρὰ</em></strong></span> <span class='ocrx_word' id='word_1_172' title='bbox 551 2302 613 2370; x_wconf 84' lang='grc' dir='ltr'><strong><em>τού</em></strong></span> <span class='ocrx_word' id='word_1_173' title='bbox 629 2295 832 2389; x_wconf 78' lang='grc' dir='ltr'><strong><em>Αὐγούστου</em></strong></span> <span class='ocrx_word' id='word_1_174' title='bbox 848 2305 895 2394; x_wconf 80' lang='grc' dir='ltr'><strong><em>τῷ</em></strong></span> <span class='ocrx_word' id='word_1_175' title='bbox 913 2299 1026 2424; x_wconf 77' lang='grc' dir='ltr'><strong><em>δήμῳ</em></strong></span> <span class='ocrx_word' id='word_1_176' title='bbox 1025 2327 1128 2370; x_wconf 86' lang='grc' dir='ltr'><strong><em>κατα-</em></strong></span> 
     </span>
     <span class='ocr_line' id='line_1_23' title="bbox 159 2371 1129 2494; baseline 0.001 -24"><span class='ocrx_word' id='word_1_177' title='bbox 159 2405 386 2490; x_wconf 82' lang='grc' dir='ltr'><strong><em>λελειμμένων</em></strong></span> <span class='ocrx_word' id='word_1_178' title='bbox 405 2401 595 2490; x_wconf 75' lang='grc' dir='ltr'><strong><em>δοθέντων,</em></strong></span> <span class='ocrx_word' id='word_1_179' title='bbox 620 2403 693 2472; x_wconf 77' lang='grc' dir='ltr'><strong><em>ἐπεὶ</em></strong></span> <span class='ocrx_word' id='word_1_180' title='bbox 715 2401 833 2494; x_wconf 84' lang='grc' dir='ltr'><strong><em>νεκρὸς</em></strong></span> <span class='ocrx_word' id='word_1_181' title='bbox 857 2371 972 2472; x_wconf 76' lang='grc' dir='ltr'><strong><em>ίιᾶ</em></strong></span> <span class='ocrx_word' id='word_1_182' title='bbox 930 2430 989 2491; x_wconf 90' lang='grc' dir='ltr'><strong><em>της</em></strong></span> <span class='ocrx_word' id='word_1_183' title='bbox 1005 2398 1129 2493; x_wconf 84' lang='grc' dir='ltr'><strong><em>αχορᾶς</em></strong></span> 
     </span>
     <span class='ocr_line' id='line_1_24' title="bbox 160 2494 1126 2598; baseline 0.003 -28"><span class='ocrx_word' id='word_1_184' title='bbox 160 2503 350 2592; x_wconf 78' lang='grc' dir='ltr'><strong><em>ἐξεφέρετο,</em></strong></span> <span class='ocrx_word' id='word_1_185' title='bbox 376 2503 433 2572; x_wconf 83' lang='grc' dir='ltr'><strong><em>καὶ</em></strong></span> <span class='ocrx_word' id='word_1_186' title='bbox 455 2501 656 2594; x_wconf 75' lang='grc' dir='ltr'><strong><em>προσελθών</em></strong></span> <span class='ocrx_word' id='word_1_187' title='bbox 677 2531 727 2586; x_wconf 89' lang='grc' dir='ltr'><strong><em>τις</em></strong></span> <span class='ocrx_word' id='word_1_188' title='bbox 751 2499 850 2586; x_wconf 88' lang='grc' dir='ltr'><strong><em>εἰς</em></strong></span> <span class='ocrx_word' id='word_1_189' title='bbox 815 2533 851 2575; x_wconf 93' lang='grc' dir='ltr'><strong><em>το</em></strong></span> <span class='ocrx_word' id='word_1_190' title='bbox 870 2494 929 2586; x_wconf 85' lang='grc' dir='ltr'><strong><em>οὐς</em></strong></span> <span class='ocrx_word' id='word_1_191' title='bbox 946 2502 1037 2598; x_wconf 79' lang='grc' dir='ltr'><strong><em>αὐτρι</em></strong></span> <span class='ocrx_word' id='word_1_192' title='bbox 1022 2507 1126 2587; x_wconf 78' lang='grc' dir='ltr'><strong><em>ἐψι-</em></strong></span> 
     </span>
     <span class='ocr_line' id='line_1_25' title="bbox 159 2597 1128 2698; baseline 0.003 -25"><span class='ocrx_word' id='word_1_193' title='bbox 159 2597 294 2694; x_wconf 87' lang='grc' dir='ltr'><strong><em>θύρισε,</em></strong></span> <span class='ocrx_word' id='word_1_194' title='bbox 321 2603 377 2673; x_wconf 84' lang='grc' dir='ltr'><strong><em>καλ</em></strong></span> <span class='ocrx_word' id='word_1_195' title='bbox 396 2601 624 2696; x_wconf 46' lang='grc' dir='ltr'><strong><em>ἐρωτηθεὶςᾞ</em></strong></span> <span class='ocrx_word' id='word_1_196' title='bbox 594 2634 612 2676; x_wconf 94' lang='grc' dir='ltr'><strong><em>ο</em></strong></span> <span class='ocrx_word' id='word_1_197' title='bbox 627 2633 658 2676; x_wconf 94' lang='grc' dir='ltr'><strong><em>τι</em></strong></span> <span class='ocrx_word' id='word_1_198' title='bbox 676 2634 692 2676; x_wconf 90' lang='grc' dir='ltr'><strong><em>ε</em></strong></span> <span class='ocrx_word' id='word_1_199' title='bbox 695 2616 821 2698; x_wconf 84' lang='grc' dir='ltr'><strong><em>ίρηκεν,</em></strong></span> <span class='ocrx_word' id='word_1_200' title='bbox 849 2604 1046 2677; x_wconf 74' lang='grc' dir='ltr'><strong><em>ἐντετάλθαι</em></strong></span> <span class='ocrx_word' id='word_1_201' title='bbox 1064 2611 1128 2695; x_wconf 76' lang='grc' dir='ltr'><strong><em>ἔφη</em></strong></span> 
     </span>
     <span class='ocr_line' id='line_1_26' title="bbox 159 2699 1168 2878; baseline -0.001 -104"><span class='ocrx_word' id='word_1_202' title='bbox 159 2706 207 2798; x_wconf 74' lang='grc' dir='ltr'><strong><em>τῷ</em></strong></span> <span class='ocrx_word' id='word_1_203' title='bbox 224 2699 411 2878; x_wconf 78' lang='grc' dir='ltr'><strong><em>Αὐγούστῳ</em></strong></span> <span class='ocrx_word' id='word_1_204' title='bbox 436 2703 586 2778; x_wconf 78' lang='grc' dir='ltr'><strong><em>είπεῑν“</em></strong></span> <span class='ocrx_word' id='word_1_205' title='bbox 567 2736 618 2778; x_wconf 90' lang='grc' dir='ltr'><strong><em>οτι</em></strong></span> <span class='ocrx_word' id='word_1_206' title='bbox 640 2705 775 2778; x_wconf 81' lang='grc' dir='ltr'><strong><em>οὐθέπιο</em></strong></span> <span class='ocrx_word' id='word_1_207' title='bbox 798 2703 901 2779; x_wconf 66' lang='grc' dir='ltr'><strong><em>οὐδὲν</em></strong></span> <span class='ocrx_word' id='word_1_208' title='bbox 919 2711 1128 2798; x_wconf 86' lang='grc' dir='ltr'><strong><em>ἐκομίσαντο,</em></strong></span> <span class='ocrx_word' id='word_1_209' title='bbox 1141 2733 1168 2774; x_wconf 81' lang='grc' dir='ltr'><strong><em>ει</em></strong></span> 
     </span>
    </p>

    <p class='ocr_par' dir='ltr' id='par_1_8' title="bbox 44 2803 1129 3206">
     <span class='ocr_line' id='line_1_27' title="bbox 58 2803 1127 2898; baseline -0.001 -17"><span class='ocrx_word' id='word_1_210' title='bbox 58 2804 219 2883; x_wconf 73' lang='grc' dir='ltr'><strong><em>ΡΙεεετόν</em></strong></span> <span class='ocrx_word' id='word_1_211' title='bbox 235 2804 357 2898; x_wconf 77' lang='grc' dir='ltr'><strong><em>μέν’</em></strong></span> <span class='ocrx_word' id='word_1_212' title='bbox 316 2836 380 2878; x_wconf 89' lang='grc' dir='ltr'><strong><em>αυτ</em></strong></span> <span class='ocrx_word' id='word_1_213' title='bbox 382 2814 438 2878; x_wconf 89' lang='grc' dir='ltr'><strong><em>ίκα</em></strong></span> <span class='ocrx_word' id='word_1_214' title='bbox 455 2803 641 2898; x_wconf 81' lang='grc' dir='ltr'><strong><em>ίιιέκτεινε,</em></strong></span> <span class='ocrx_word' id='word_1_215' title='bbox 660 2810 716 2880; x_wconf 83' lang='grc' dir='ltr'><strong><em>καλ</em></strong></span> <span class='ocrx_word' id='word_1_216' title='bbox 731 2807 862 2882; x_wconf 77' lang='grc' dir='ltr'><strong><em>εἶπεν</em></strong></span> <span class='ocrx_word' id='word_1_217' title='bbox 839 2839 883 2892; x_wconf 86' lang='grc' dir='ltr'><strong><em>υς</em></strong></span> <span class='ocrx_word' id='word_1_218' title='bbox 897 2806 1127 2897; x_wconf 76' lang='grc' dir='ltr'><strong><em>ἐπισκώπτων,</em></strong></span> 
     </span>
     <span class='ocr_line' id='line_1_28' title="bbox 160 2903 1129 3004; baseline 0.002 -25"><span class='ocrx_word' id='word_1_219' title='bbox 160 2903 214 2980; x_wconf 80' lang='grc' dir='ltr'><strong><em>ἵν’</em></strong></span> <span class='ocrx_word' id='word_1_220' title='bbox 232 2905 438 2998; x_wconf 75' lang='grc' dir='ltr'><strong><em>αὐτάγγελος</em></strong></span> <span class='ocrx_word' id='word_1_221' title='bbox 456 2905 547 3004; x_wconf 75' lang='grc' dir='ltr'><strong><em>αὐτῷ</em></strong></span> <span class='ocrx_word' id='word_1_222' title='bbox 565 2912 719 3000; x_wconf 86' lang='grc' dir='ltr'><strong><em>χένηται,</em></strong></span> <span class='ocrx_word' id='word_1_223' title='bbox 737 2928 808 2995; x_wconf 82' lang='grc' dir='ltr'><strong><em>τοῖς</em></strong></span> <span class='ocrx_word' id='word_1_224' title='bbox 827 2907 860 2982; x_wconf 77' lang='grc' dir='ltr'><strong><em>θ’</em></strong></span> <span class='ocrx_word' id='word_1_225' title='bbox 879 2908 992 2994; x_wconf 74' lang='grc' dir='ltr'><strong><em>ἄλλοις</em></strong></span> <span class='ocrx_word' id='word_1_226' title='bbox 1009 2907 1050 2982; x_wconf 78' lang='grc' dir='ltr'><strong><em>τύ</em></strong></span> <span class='ocrx_word' id='word_1_227' title='bbox 1067 2940 1129 2982; x_wconf 89' lang='grc' dir='ltr'><strong><em>κα-</em></strong></span> 
     </span>
     <span class='ocr_line' id='line_1_29' title="bbox 44 3007 1129 3104; baseline 0.003 -24"><span class='ocrx_word' id='word_1_228' title='bbox 44 3050 46 3060; x_wconf 48' lang='lat'><em>1</em></span> <span class='ocrx_word' id='word_1_229' title='bbox 160 3011 399 3102; x_wconf 89' lang='grc' dir='ltr'><strong><em>ταλελειμμένα</em></strong></span> <span class='ocrx_word' id='word_1_230' title='bbox 417 3014 569 3102; x_wconf 81' lang='grc' dir='ltr'><strong><em>ὃιέυειμε.</em></strong></span> <span class='ocrx_word' id='word_1_231' title='bbox 605 3015 667 3084; x_wconf 85' lang='grc' dir='ltr'><strong><em>τού</em></strong></span> <span class='ocrx_word' id='word_1_232' title='bbox 684 3009 717 3084; x_wconf 83' lang='grc' dir='ltr'><strong><em>θ’</em></strong></span> <span class='ocrx_word' id='word_1_233' title='bbox 738 3012 879 3104; x_wconf 82' lang='grc' dir='ltr'><strong><em>ἐχχόνου</em></strong></span> <span class='ocrx_word' id='word_1_234' title='bbox 897 3010 1014 3104; x_wconf 81' lang='grc' dir='ltr'><strong><em>αὐτοῦ,</em></strong></span> <span class='ocrx_word' id='word_1_235' title='bbox 1032 3007 1074 3084; x_wconf 76' lang='grc' dir='ltr'><strong><em>ὃν</em></strong></span> <span class='ocrx_word' id='word_1_236' title='bbox 1091 3016 1129 3083; x_wconf 88' lang='grc' dir='ltr'><strong><em>ἐκ</em></strong></span> 
     </span>
     <span class='ocr_line' id='line_1_30' title="bbox 159 3109 1129 3206; baseline 0.005 -25"><span class='ocrx_word' id='word_1_237' title='bbox 159 3113 221 3182; x_wconf 87' lang='grc' dir='ltr'><strong><em>τού</em></strong></span> <span class='ocrx_word' id='word_1_238' title='bbox 236 3109 396 3203; x_wconf 87' lang='grc' dir='ltr'><strong><em>Δρούσου</em></strong></span> <span class='ocrx_word' id='word_1_239' title='bbox 414 3113 493 3203; x_wconf 75' lang='grc' dir='ltr'><strong><em>εἶχε,</em></strong></span> <span class='ocrx_word' id='word_1_240' title='bbox 510 3111 687 3206; x_wconf 78' lang='grc' dir='ltr'><strong><em>θανόντος,</em></strong></span> <span class='ocrx_word' id='word_1_241' title='bbox 705 3110 863 3206; x_wconf 76' lang='grc' dir='ltr'><strong><em>οὐδεμιᾶς</em></strong></span> <span class='ocrx_word' id='word_1_242' title='bbox 879 3119 947 3188; x_wconf 79' lang='grc' dir='ltr'><strong><em>τῶν</em></strong></span> <span class='ocrx_word' id='word_1_243' title='bbox 964 3111 1129 3205; x_wconf 85' lang='grc' dir='ltr'><strong><em>συνήθων</em></strong></span> 
     </span>
    </p>
   </div>
   <div class='ocr_carea' id='block_1_3' title="bbox 230 3305 1127 3381">
    <p class='ocr_par' dir='ltr' id='par_1_9' title="bbox 230 3305 1127 3381">
     <span class='ocr_line' id='line_1_31' title="bbox 230 3305 1127 3381; baseline 0.008 -23"><span class='ocrx_word' id='word_1_244' title='bbox 230 3305 290 3374; x_wconf 77' lang='lat' dir='ltr'><strong><em>Gap</em></strong></span> <span class='ocrx_word' id='word_1_245' title='bbox 294 3313 334 3362; x_wconf 96' lang='grc'><strong><em>..2</em></strong></span> <span class='ocrx_word' id='word_1_246' title='bbox 351 3311 835 3381; x_wconf 71' lang='lat' dir='ltr'><strong>onmsH1stor1aeRomanael57,</strong></span> <span class='ocrx_word' id='word_1_247' title='bbox 847 3331 870 3368; x_wconf 87' lang='grc' dir='ltr'><strong><em>ο.</em></strong></span> <span class='ocrx_word' id='word_1_248' title='bbox 882 3315 1037 3380; x_wconf 81' lang='lat'><strong>13-158</strong></span> <span class='ocrx_word' id='word_1_249' title='bbox 1051 3316 1127 3366; x_wconf 75' lang='lat'><strong><em>015</em></strong></span> 
     </span>
    </p>
   </div>
   <div class='ocr_carea' id='block_1_4' title="bbox 147 3325 1128 3495">
    <p class='ocr_par' dir='ltr' id='par_1_10' title="bbox 147 3325 1128 3495">
     <span class='ocr_line' id='line_1_32' title="bbox 147 3325 1128 3495; baseline 0.011 -73"><span class='ocrx_word' id='word_1_250' title='bbox 147 3325 300 3495; x_wconf 39' lang='lat' dir='ltr'>§amssa</span> <span class='ocrx_word' id='word_1_251' title='bbox 322 3379 443 3430; x_wconf 75' lang='lat' dir='ltr'><strong>Zonaras</strong></span> <span class='ocrx_word' id='word_1_252' title='bbox 466 3374 551 3430; x_wconf 81' lang='lat' dir='ltr'>habet</span> <span class='ocrx_word' id='word_1_253' title='bbox 573 3393 645 3445; x_wconf 81' lang='lat' dir='ltr'><strong>quae</strong></span> <span class='ocrx_word' id='word_1_254' title='bbox 669 3384 698 3434; x_wconf 86' lang='lat' dir='ltr'><strong><em>in</em></strong></span> <span class='ocrx_word' id='word_1_255' title='bbox 720 3353 835 3436; x_wconf 80' lang='grc' dir='ltr'><strong><em>Βίουίε</em></strong></span> <span class='ocrx_word' id='word_1_256' title='bbox 847 3385 991 3436; x_wconf 81' lang='lat' dir='ltr'><strong>codicibus</strong></span> <span class='ocrx_word' id='word_1_257' title='bbox 1018 3354 1128 3435; x_wconf 68' lang='lat' dir='ltr'>d&#39;eside·</span> 
     </span>
    </p>
   </div>
   <div class='ocr_carea' id='block_1_5' title="bbox 0 0 1280 3824">
    <p class='ocr_par' dir='ltr' id='par_1_11' title="bbox 0 0 1280 3824">
     <span class='ocr_line' id='line_1_33' title="bbox 0 0 1280 3824; baseline 0 0"><span class='ocrx_word' id='word_1_258' title='bbox 0 0 1280 3824; x_wconf 95' lang='lat' dir='ltr'><strong><em> </em></strong></span> 
     </span>
    </p>
   </div>
  </div>
 </body>
</html>
