2510 3834
415 170 748 226 L1ss.v1.cAP.1x.x
1019 169 1058 234 27

85 312 144 384 τὸν
162 306 272 381 Γάιον
298 311 336 378 ἐν
352 315 469 391 Βαίαις
494 316 654 432 πολιχνίῳ
677 315 735 399 τῆς
752 307 1016 400 Καμπανίας.”
994 339 1062 399 αμα

86 441 121 483 τε
143 414 195 505 τῷ
212 407 351 501 Ἡροόδῃ
378 416 425 491 είς
456 408 536 494 ὄψιν
558 401 640 500 ἧκεν
662 409 680 480 ὁ
706 410 808 492 Γάιος
833 409 935 482 nav
914 441 980 500 αμα
1002 441 1060 494 τας

83 483 274 638 Ἀγρίππου
302 508 476 592 ἐπιστολάς
506 511 619 604 ἐπῄει,
649 509 898 602 κατηγορούσας
928 515 1059 583 ἐκείνου

89 614 175 706 πρὸς
193 609 347 702 Σηιανὸν
369 611 551 702 ὁμολογίαν
573 611 657 684 κατά
680 616 738 702 τῆς
762 611 960 705 Τιβερίον’
942 620 1057 738 αρχῆς,

66 718 154 786 εκαὶ
178 714 256 837 πρὸς
277 709 485 804 Ἀρτάβανον
510 705 610 796 αὖθις
634 714 693 786 τόν
710 712 855 804 Πάρθον
877 713 950 786 τότε
975 713 1059 786 κατά

99 821 159 904 τῆς
181 811 279 886 αὐτοῦ
303 823 419 886 Γαΐου.
455 842 634 905 τεκμηριον
658 812 691 892 δ
711 819 853 886 ἐποιεῖτο
875 819 935 888 τοῦ
957 815 1059 906 λόγον

98 915 204 987 ὅπλων
220 913 389 987 ἀπόθεσιν
405 919 442 988 ἐν
454 934 527 998 ταῖς
539 911 744 1006 ὁπλοθήκαις
758 915 922 1008 Ἡρώδου,
940 915 1057 1008 μυριά·
1067 940 1092 990 1)

91 1041 145 1090 σιν
162 1014 312 1088 ὁπλιτῶν
328 1013 525 1108 ἀρκούντων
550 1018 642 1096 ἑπτά.
680 1023 821 1090 ἐκινείτο
847 1017 880 1088 δ’
899 1013 966 1088 ὁπὸ
992 1025 1060 1090 των

91 1122 347 1208 ἐπεσταλμένων
370 1114 524 1207 ὁΓάιος,
555 1122 611 1189 καὶ
633 1118 747 1210 ἠρώτα
770 1117 829 1190 τόν
850 1117 1006 1209 Ἡρώδην
1030 1127 1060 1192 εί

51 1251 76 1292 ιι
89 1218 222 1310 άληθὴς
239 1215 258 1290 ὁ
277 1222 354 1310 περὶ
372 1227 441 1292 τῶν
457 1218 572 1290 ὅπλων
594 1219 699 1308 λόγος.
736 1227 797 1299 τοῦ
820 1221 858 1290 δὲ
875 1225 1058 1310 καταθεμέ·

88 1353 170 1410 νον,
195 1320 379 1402 πιστεύσας
397 1327 438 1413 τῇ
454 1315 636 1392 ἀποστάσει
654 1319 760 1395 αὐτοῦ
782 1320 846 1409 τὴν
862 1329 1059 1412 τετραρχίαν

87 1423 287 1514 ἀφαιρεῖται
309 1425 366 1493 καὶ
390 1430 432 1513 τῇ
455 1428 610 1513 βασιλεία
634 1428 693 1491 τοῦ
717 1417 901 1510 Ἀγρίππου
923 1429 1058 1511 προστί-

88 1539 188 1612 θησι,
205 1527 261 1593 καλ
279 1521 319 1594 τά
336 1522 488 1615 χρήματα
506 1519 597 1617 αὐτῷ
614 1517 736 1613 ὁμοίως
754 1529 926 1611 δωρεῖται,
945 1525 1003 1592 τὸν
1021 1524 1058 1596 δὲ

85 1621 412 1718 Ἡράδηνάειφυγίμ
422 1627 623 1715 κατέκρινεν.
639 1622 820 1715 Ἡρωδιάδι
831 1625 868 1694 δὲ
878 1619 1057 1716 ὁςἈγρίπ-

51 1755 77 1798 ιε
93 1754 162 1797 πον
176 1721 334 1816 όμαίμονι
346 1725 387 1795 τά
402 1754 439 1797 τε
455 1725 606 1817 χρήματα
618 1725 681 1796 ὅσα
700 1729 810 1817 ἐκείνῃ
825 1727 979 1816 διέφερεν
992 1730 1059 1798 ἐδί-

94 1835 174 1917 δου,
198 1830 257 1898 καί
274 1828 360 1917 μηδὲ
379 1842 555 1898 κοινωνεῖν
572 1830 704 1900 ἐκέλευε
727 1833 785 1916 τῆς
803 1831 913 1917 φυγῆς
937 1834 983 1921 τῷ
1000 1824 1059 1898 άν-

95 1935 166 2020 δρί,
184 1929 243 1999 διά
260 1925 320 1998 τόν
338 1925 535 2020 Ἀγρίππαν.
571 1924 592 2017 ἡ
613 1929 649 1999 δὲ
667 1922 802 2018 χάριτας
819 1929 881 2018 μὲν
898 1924 1060 2018 ὁμολόγει

92 2038 204 2124 Γαίῳ,
234 2025 277 2100 οὗ
300 2035 431 2100 δίκαιον
455 2026 487 2100 δ’
514 2037 629 2118 ἔλεγεν
653 2030 739 2100 εἶναι
761 2033 819 2116 τῆς
845 2025 1059 2117 εὐδαιμονίας

93 2139 140 2223 τῷ
158 2128 262 2220 ἀνδρί
286 2129 543 2220 κοινωνήσασαν
562 2133 795 2218 ἐγκαταλιπεῖν
813 2130 868 2198 ἐπὶ
885 2145 957 2209 ταῖς
976 2135 1161 2198 δυσ-ΡΙιιι

51 2261 80 2302 m
92 2240 251 2322 πραγίαις
269 2229 381 2302 αὐτόν.

165 2333 201 2404 Ὁ
224 2336 339 2422 μέντοι
365 2329 465 2414 Γάιος
494 2331 553 2404 τὸν
582 2331 646 2422 μὲν
670 2333 804 2421 πρῶτον
823 2325 983 2400 -ἑνιαυτὸν
1005 2331 1061 2400 καὶ

91 2433 153 2506 τὸν
166 2436 284 2524 ἐφεξῆς
296 2431 518 2523 μετριωτερον
530 2436 646 2524 ἐχρῆτο
657 2447 727 2514 τοῖς
737 2429 919 2522 πράγμασι,
933 2428 1060 2522 προλιὸν

7 2589 8 2594 1
94 2536 134 2606 δὲ
158 2539 346 2620 ἐξεθείαζον
371 2533 492 2606 ἑαυτὸν
515 2536 571 2604 καί
594 2538 701 2605 θεοῦν
727 2536 837 2622 ίπεχεί
836 2562 896 2625 ρει.
936 2535 993 2602 καὶ
1018 2531 1060 2620 δὴ

92 2635 242 2718 στάσεως
264 2641 442 2724 γεγονυίας
470 2651 539 2717 τοῖς
565 2639 602 2706 ίν
628 2635 862 2726 Ἀλεξανδρείᾳ
888 2630 1060 2714 Ἰουδαίοις

54 2766 81 2807 π
94 2739 153 2808 καὶ
186 2734 325 2826 Ἕλλησι
356 2753 444 2829 τρεῖς
474 2733 533 2826 ἀφ’
567 2739 726 2827 εκατέρον
755 2738 877 2826 μέρους
905 2739 1067 2830 παρῆσαν

93 2839 178 2928 πρός
195 2839 258 2910 τὸν
269 2835 373 2910 Γάιον
390 2845 603 2929 πρεσβευταί
635 2836 760 2910 Ἀπίων
779 2837 896 2907 δδτῶν
909 2834 1024 2918 Ἀλεξα
1004 2864 1061 2904 α-ν
1076 2837 1116 2902 10

97 2943 209 3032 δρίαν
225 2942 401 3030 πρέσβεων
415 2936 497 3022 εἷς’
476 2947 560 3010 αλλα
573 2967 609 3010 τε
622 2937 797 3029 κατηγόρει
808 2966 877 3008 των
890 2932 1063 3008 Ἰουδαίων

94 3040 194 3114 καῖ’
169 3070 217 3122 ως
234 3039 372 3114 πάντων
388 3044 457 3112 τῶν
473 3039 539 3110 ὁπὸ
559 3035 683 3166 Ρωμαί
681 3068 739 3122 ους
758 3035 939 3138 βωμοὸς
907 3063 954 3106 τω
941 3039 1062 3162 Γαίῳ

95 3146 153 3214 ταί
171 3139 276 3223 ναοὸς
294 3139 510 3213 ἀνιστάντων
532 3140 630 3212 ual‘
606 3171 651 3224 ως
673 3139 758 3212 θεὸν
780 3167 953 3229 τιμωντων
970 3129 1063 3212 οὗτοι

58 3270 84 3314 ει
94 3243 196 3334 μόνοι
211 3239 379 3356 άδοξον”
356 3271 497 3332 ηγηνται
514 3239 671 3334 ἀνδριᾶσι
693 3243 792 3330 τιμάν
809 3237 915 3313 αὐτόν
930 3238 1023 3312 aaz*
1004 3271 1063 3332 ορ-

167 3477 237 3543 Gap.
253 3480 293 3530 10.
318 3475 432 3542 Iosephi
444 3475 510 3526 Ant.
523 3477 569 3536 18,
581 3476 610 3534 8,
623 3475 648 3536 ἕ.
661 3474 758 3536 1-19,
772 3475 801 3536 5,
814 3473 838 3534 5.
852 3477 876 3524 1.
