2580 3816
452 129 523 184 ιιε.
537 128 610 184 ιιιτ.
629 127 707 180 ειν.
718 120 780 182 x11.
1025 127 1089 194 295

115 279 183 348 τοῖς
202 266 412 356 σκώμμασιν.
443 267 495 336 ὅτι
520 267 559 337 δὲ
577 276 649 348 τοῖς
666 273 812 358 παροῦσι
828 269 915 357 μέγα
931 284 1087 360 φρονεῖς,

116 365 262 438 άκονσον
285 375 321 438 τί
336 373 420 456 δητα
443 383 513 450 τοῖς
531 378 626 450 θεοῖς
645 368 725 450 53⁰
700 392 845 495 νστερον
861 371 1085 464 μεμελέτηται.

117 467 427 559 άντιιιοιταρρεύσει,
454 461 494 538 εύ
515 480 602 556 ἰσθι,
628 475 676 555 εἰς
699 467 777 550 τούς
797 468 1016 559 Ρωμαίονς
995 477 1085 558 υμάς

116 570 219 640 δεινά.
254 573 363 652 ἕξεται
387 569 481 640 δὲ
445 597 483 640 το
504 569 726 658 Βαβυλώνιον
743 575 912 659 φῦλον
872 599 931 660 της
944 569 1085 660 Ρωμαῖ-

86 677 175 760 ειιῆς
198 670 309 762 χώρας
339 670 472 761 τριττὴν
501 671 755 763 κυκλοφορικὴν.
785 672 953 760 ἑβδομάδα
984 675 1118 755 ἐπώνΒ

104 771 193 862 μετά
217 772 255 842 δὲ
280 776 379 844 τούτο
403 779 593 861 πεμπταίαυ
618 771 789 862 ἑβδομάδα
815 775 900 844 έτών
927 771 1079 862 Ῥωμαῖοι

113 874 248 964 Πέρσας
273 869 576 962 δονλαγοιγήσετε.”
627 873 756 944 τούτων
781 873 819 942 δὲ
845 876 1093 972 διηνυσμένωυ·

8 1017 10 1021 ν
112 974 175 1062 τὴν
197 973 385 1066 άνέσπερον
401 972 529 1064 ἡμέραν
548 977 731 1064 ἐνδημῆσαι
747 973 954 1064 άνθρώποτς
993 975 1078 1044 άλλά

25 1155 28 1160 Γ
112 1081 219 1146 ταῦτα
244 1073 308 1164 μδυ
331 1073 447 1199 ταύτχ.
483 1073 618 1146 ὁδδ’
576 1075 805 1166 αυτοκράτοτρ
810 1083 1001 1166 Μαυρίαιος
1018 1067 1079 1146 τὸν

72 1199 99 1239 ιο
112 1175 193 1246 υἰδν
212 1173 429 1248 Θεοδόσιον’
409 1176 621 1265 ανηγύρευσε
638 1177 788 1264 βασιλέα,
807 1175 891 1246 κατά
908 1175 946 1246 τδ
964 1177 1079 1301 πάσχα
1112 1221 1114 1226 -

50 1316 58 1334 ·
111 1275 343 1366 στεφθέντΓ
322 1275 389 1348 υπὸ
412 1283 473 1347 τοῦ
498 1276 704 1366 πατριάρχου
727 1275 898 1348 Ἰωάννου.
935 1279 992 1346 καὶ
1017 1279 1078 1348 τδν

110 1377 197 1449 ναδν
227 1384 296 1448 τών
326 1375 433 1464 άχίωυ
462 1377 711 1501 τεσσαράκοντα
741 1378 922 1471 μαρτύρων
957 1379 1076 1471 πρώην

2 1515 3 1519 “
111 1477 282 1569 άρχθέντα
304 1485 472 1562 κτιζεσθαι
495 1478 585 1568 παρά
610 1485 777 1569 Τιβερίου,
797 1477 897 1580 άτελη
916 1479 954 1549 δὲ
972 1507 1076 1549 κατα·
1130 1565 1135 1573 ⁴

12 1619 16 1622 ·
105 1581 309 1708 λειμθέντα,
335 1577 437 1660 αύτδς
467 1577 715 1668 ἀνεπλήρωσεν.
751 1575 886 1668 εἰρήνης
912 1580 949 1650 δὲ
976 1608 1076 1668 γεχο

68 1707 97 1748 τι
112 1687 209 1762 νυίας
234 1677 318 1766 πρὸς
337 1681 483 1770 Πέρσας,
508 1679 567 1762 τάς
593 1680 751 1770 δυνάμεις
777 1683 853 1763 ἐξ
836 1680 921 1774 εώας
943 1681 1050 1750 ἐπὶ
1015 1709 1077 1769 την

113 1781 251 1872 Θρηίκην
271 1780 470 1870 μετήνεγκε,
494 1781 551 1849 καί
576 1777 679 1862 αύτδς
697 1784 874 1870 ἐξῆλθε
835 1809 893 1870 της
911 1788 1080 1866 Βυζαντί-Δ

112 1888 169 1963 δος
193 1881 234 1950 τά
257 1879 324 1951 ύπδ
349 1880 622 1970 τῶνβαρβάρων
647 1884 919 1972 κατεστραμμένα
944 1883 1074 1954 θεάσα-

2 2042 5 2062 ‚
112 1993 201 2054 σθαι.
236 1981 292 2052 ὅτε
310 1983 366 2050 καὶ
384 1979 402 2052 ὁ
421 1981 513 2070 ἥλιος
534 1981 706 2070 ἐσκιάσθη,
733 1985 789 2051 καὶ
807 1984 897 2072 γυνή
913 2010 961 2066 τις
981 1986 1019 2053 έν
1037 1989 1116 2072 τῇο

2 2086 3 2092 '
113 2083 228 2174 Θράκη
254 2087 390 2154 παιδίον
415 2089 526 2154 ἔτεκεν
560 2079 639 2158 οὕτε
670 2081 882 2171 ὀφθαλμούς,
900 2083 980 2154 οὔτε
1003 2085 1083 2170 βλέ·
1115 2113 1117 2119 ·

2 2187 13 2270 s
68 2213 97 2253 νο
111 2212 204 2274 φαρα
228 2189 306 2272 έχον
329 2182 409 2254 ούιε
432 2199 553 2277 χεῖρας,
572 2182 651 2253 οὔτε
673 2189 872 2272 βραχίονας,
900 2182 1019 2271 ἰχθύος
1046 2184 1085 2253 δὲ

110 2285 253 2375 οὐραῖον
270 2283 356 2374 πρὸς
378 2289 426 2377 τῷ
447 2289 542 2378 ἰσχίῳ
561 2283 846 2373 προβεβλημένον.
887 2289 948 2352 τού
971 2283 1085 2372 μέντοι

6 2395 9 2400 '
112 2387 272 2474 Χαγάνου
291 2391 333 2475 τῇ
349 2385 466 2476 Θρηίκη
487 2385 690 2466 ἐπελθόντος
707 2383 790 2473 μετά
809 2381 1096 2472 πλήθους.άπεί-..

2 2496 6 2568 ξ’
112 2516 175 2583 ρον
199 2485 312 2556 ὁτών
333 2483 504 2574 Ῥωμαίων
529 2485 713 2576 στρατηγδς
733 2491 882 2576 Πρίσκος
900 2489 1015 2566 δείσας
1035 2492 1084 2566 εἰς
1107 2517 1110 2524 ’

110 2587 149 2657 τὰ
167 2587 331 2676 φρούριον
355 2593 569 2677 Τζουρουλοῦ
593 2589 807 2658 συνέκλεισεν
835 2585 965 2658 ἑαυτόν.
1002 2583 1020 2656 ὁ
1046 2586 1085 2656 δὲ

2 2717 3 2724 “
70 2715 100 2756 ετ
115 2686 285 2776 βάρβαρος
317 2695 508 2777 πολιορκεῖν
538 2685 619 2758 αύτδ
649 2687 849 2778 ἡτοιμάζετο.
896 2688 971 2758 τότε
1001 2715 1082 2756 κατ-

114 2786 363 2876 εστρατήγησεν
394 2789 527 2858 ἐκείνου
561 2795 752 2878 Μαυρίκιος
781 2787 896 2882 τρόπῳΙ
922 2787 1083 2880 τοιούτῳ·

27 2969 30 2974 ,
113 2886 252 2978 γράμμα
283 2885 370 2978 πρὸς
388 2895 541 2977 Πρίσκον
572 2896 773 2976 συντίθησιν
799 2885 951 2976 άντέχειν
980 2884 1088 2957 αὐτὸν

5 3013 8 3023 “
112 2994 320 3080 παραινοῦν·
357 2987 477 3078 μικρδυ
491 2988 567 3080 ,γάρ
591 2987 674 3059 ὅσον
696 2987 776 3070 τούς
800 2987 993 3077 βαρβάρους
1010 2984 1086 3076 μετ’

27 3077 35 3107 ⁸
112 3089 277 3179 αἰσχύνης
310 3087 548 3178 ἀναχωρῆσαι·
580 3090 778 3160 στέλλεσθαι
808 3087 875 3176 γάρ
906 3096 1007 3158 πλοῖα
1038 3094 1098 3170 εἰς·

70 3191 175 3278 εοτὴν
198 3191 312 3282 χώραν
338 3185 453 3260 αύτών
477 3189 543 3263 σύν
570 3189 790 3282 στρατεύματι
813 3197 995 3278 ληίσασθαι
1024 3189 1122 3270 τδιςΙ)

113 3299 224 3374 οἰκίας
256 3289 374 3364 αύτών
405 3293 461 3360 καί
490 3289 551 3372 τάς
582 3307 746 3379 γυναῖκας
776 3291 834 3359 καὶ
856 3289 1085 3373 τούςπαῖδας

110 3391 229 3464 αύτών
249 3387 476 3486 δοριαλώτους
496 3393 594 3464 ἑλεῖν.
630 3399 729 3462 τοῦτο
753 3388 791 3460 τδ
812 3389 947 3482 γράμμα
965 3397 1089 3462 δίδώσί
