2538 3824
213 117 276 182 412
481 121 551 170 LIB.
564 121 599 170 X.
619 120 696 174 CAP.
709 119 808 170 XXIV.
820 120 906 172 XXV.

214 262 271 328 καὶ
288 257 458 347 ἐπιτήδεια
475 268 673 343 καταλείψαι
691 263 729 330 έν
745 266 792 353 τῳ
811 257 964 348 ἐρύματι,
983 262 1016 342 ἐξ
1035 248 1083 328 οἷν
1099 285 1182 349 τρα-
1262 269 1263 272 ’

215 363 333 449 φέντες
357 365 391 433 οἱ
414 363 490 451 περὶ
513 361 572 432 τὸν
589 370 841 452 Κορνουφίκιον
863 358 945 450 πρὸς
963 360 1028 430 τὸν
1048 356 1182 451 Ἀγρίπ-

215 488 283 532 παν
306 461 475 554 ἀπῄεσαν·
510 458 571 544 οὓς
592 458 611 534 5
634 473 762 553 Καίσαρ
787 467 935 544 ἐπαίνοις
959 465 1015 532 καὶ
1039 467 1183 554 δωρεαῖς

215 561 428 653 ἀνεκτήσατο.

164 678 206 744 25
294 665 391 738 Μετὰ
406 669 505 736 τούτο
524 662 556 736 δ’
578 669 610 747 ἐς
627 663 689 756 τήν
706 673 867 738 Σικελίαν
885 661 1020 738 ἐλθόντι
1037 668 1085 759 τῳ
1097 673 1183 736 Καί·
1198 696 1211 738 ε

217 788 294 856 σαρι
311 769 389 853 περὶ
405 765 442 838 τὸ
457 763 665 856 Ἀρτεμίσιον
681 766 700 846 ὁ
718 770 841 850 Σέξτος
859 763 1184 857 ἀντεστρατοπεδεύ·

217 891 308 940 σατο.
350 865 629 959 ἀντικαθημένων
654 867 686 938 δ’
714 865 868 958 ἀλλήλοις
891 871 947 940 καὶ
971 865 1184 956 ἀκροβολιζο-

216 974 328 1061 μένων
351 973 398 1064 τῳ
421 972 484 1060 μέν
507 972 621 1065 Σέξτῳ
644 969 663 1040 5
687 967 832 1058 Γάλλος,
861 977 908 1064 τῷ
934 970 971 1040 δὲ
994 977 1141 1059 Καίσαρι
1163 967 1183 1042 5

217 1075 361 1155 Λέπιδος
379 1072 444 1143 σύν
460 1089 534 1154 ταῖς
554 1070 717 1161 δυνάμεσι
734 1070 961 1162 προσήνωντο.
996 1073 1054 1142 καὶ
1076 1070 1095 1142 5
1119 1072 1186 1161 μέν

217 1172 344 1256 Γάλλος
364 1173 577 1266 ἐπέρρωσε
546 1202 605 1245 τον
620 1172 789 1262 Σέξτον,”
774 1203 792 1244 ο
808 1175 909 1248 δέΛέ
859 1178 1005 1256 Λέπιδος
1020 1175 1187 1296 διηνέχθη
1199 1205 1224 1246 10

115 1299 264 1408 ΡΙειττῳ
251 1282 435 1366 Καίσαρι,
453 1273 552 1358 αὐτὸς
569 1276 632 1366 μὲν
649 1279 686 1346 ἐκ
703 1304 762 1348 του
753 1279 859 1348 ἴσον
872 1281 1079 1346 συνδιοικεῖν
1092 1271 1187 1370 αύτῷ

216 1376 257 1448 τά
280 1377 389 1448 πάντα
411 1375 633 1467 βουλόμενος,
659 1380 790 1448 ἐκείνου
816 1372 903 1447 δὲ’
880 1406 924 1460 ως
941 1371 1185 1472 ὑποστρατήγῳ

218 1477 309 1573 αύτῳ
293 1483 500 1570 χρωμένου
519 1475 595 1550 ἐν“
573 1501 686 1551 απασι.
731 1477 781 1548 διὸ
806 1474 963 1570 καὶπρὸς
980 1476 1039 1550 τόυ
1057 1481 1186 1562 Σέξτον

217 1577 394 1668 ἀπέκλινε,
412 1582 469 1650 καὶ
487 1583 726 1670 ἐκοινολογεῖτο
744 1578 789 1652 δι’
811 1577 1011 1672 ἀπορρήτων
1028 1576 1130 1673 αύτῷ.
1166 1575 1187 1650 5

218 1677 408 1769 ὑπονοήσας
431 1680 448 1751 5
467 1690 601 1771 Καῖσαρ
625 1688 767 1754 ἔσπευσε
791 1683 872 1775 πρὶν
893 1685 1133 1772 νεοχμωθήναί
1152 1711 1186 1752 τι
1199 1711 1224 1754 ιε
1263 1693 1264 1698 ’

220 1783 276 1854 διά
302 1781 408 1872 μάχης
430 1787 478 1877 τῷ
500 1787 615 1877 Σέξτῳ
638 1789 796 1876 χωρῆσαι.
845 1785 901 1856 καὶ
931 1791 1118 1874 ναυμαχίας
1149 1811 1188 1854 τε

219 1884 303 1956 κατά
320 1883 500 1958 θάλασσαν
517 1893 756 1976 συρραγείσης,
781 1887 836 1956 καί
855 1883 938 1956 κατά
955 1889 1021 1974 γήν
1037 1889 1106 1956 των
1124 1912 1186 1957 πε·
1261 1925 1263 1930 ·

220 1991 285 2072 ζῶν
301 1984 429 2076 ἀμφοῖν
445 1991 759 2078 παρατεταγμένων,
779 1989 833 2059 ἐπὶ
851 1985 938 2058 πολύ
955 1988 1018 2077 μἐν
1030 1993 1089 2075 τῆς
1102 2017 1184 2058 ναυ-

219 2096 339 2178 μαχίας
369 2093 544 2179 γινομένης
575 2087 756 2180 ίσορρόπου
785 2117 822 2160 τε
851 2092 907 2160 καὶ
939 2092 1121 2169 ίοοπαλούς
1144 2086 1185 2160 τά

219 2190 299 2276 πεζά
323 2192 380 2262 καὶ
403 2188 503 2281 ἄμφω
527 2190 756 2280 στρατεύματα
774 2193 920 2262 έθεαὶυτο
938 2193 994 2260 καὶ
1010 2190 1181 2279 ἠγωνίων·
1196 2217 1225 2260 κο

221 2295 292 2364 ἐπεὶ
313 2289 343 2362 δ’
366 2298 400 2362 οί
411 2295 471 2364 τού
485 2295 611 2376 Σέξτον
627 2291 826 2383 ἐτράποντο,
844 2299 879 2363 oc
893 2293 955 2381 μέν
973 2289 1185 2380 ἐπαιάνισαν,
1259 2379 1261 2386 s

219 2399 254 2465 οί
270 2391 304 2464 δ’
325 2389 551 2482 ὠλοφύροντο.
586 2395 642 2464 καλ
660 2400 695 2468 οί
709 2395 772 2483 μέν
784 2398 844 2465 τού
858 2397 986 2476 Σέξτου
998 2395 1090 2480 πεζοὶ
1102 2389 1186 2484 πρὸς

187 2493 281 2582 Βτήν
295 2492 482 2582 Μεσσήνην
501 2492 649 2585 ἐχώρουν
667 2493 724 2568 άτε
741 2499 797 2566 καὶ
811 2493 906 2566 αὐτοὶ
920 2497 1186 2584 συνηττηθέντες
1259 2537 1261 2548 1

220 2601 267 2689 τῷ
285 2598 451 2690 ναυτικῷ,
469 2594 488 2666 5
509 2597 546 2668 δέ
563 2607 697 2686 Καῖσαρ
714 2595 792 2678 τούς
811 2600 1027 2678 ἐκπίπτοντας
1044 2603 1114 2668 τῶν
1131 2591 1186 2685 ήτ-

219 2699 380 2787 τωμένων
398 2705 446 2780 είς
462 2697 524 2787 τήν
541 2703 606 2788 γῆν
624 2700 789 2788 ἐξεδέχετο
806 2700 862 2769 καὶ
879 2703 947 2770 τῶν
964 2701 1106 2788 σκαφῶν
1122 2695 1185 2770 ὅσα
1197 2726 1225 2767 ετ

220 2797 448 2890 προσάκειλον
467 2801 660 2891 ἐνεπίμπρα.
705 2799 769 2871 κάν
786 2799 896 2895 τούτῳ
912 2795 930 2870 5
948 2802 1011 2890 μὲν
1029 2797 1185 2890 Λημόχα·
1257 2871 1259 2904 1

220 2931 272 2991 ρις
296 2901 418 2974 ἑαυτὸν
440 2898 649 2992 ἀπέσφαξεν,
672 2900 689 2973 5
717 2898 749 2972 δ’
771 2899 1020 2993 Ἀπολλόδωρος
1037 2907 1084 2995 τῳ
1101 2907 1186 2973 Καί·

220 3027 298 3092 σαρι
315 3002 561 3094 προσεχώρησε.
603 3007 702 3074 τούτο
725 3005 763 3074 δέ
781 3001 876 3075 άλλοι
893 3031 930 3074 τε
947 3006 1003 3074 καλ
1020 2997 1038 3074 5
1057 3001 1187 3084 Γάλλος
1256 3005 1259 3052 ³

220 3107 276 3173 καὶ
293 3109 327 3174 oc
350 3110 463 3187 ἱππεῖς
480 3112 515 3176 οί
530 3104 597 3178 σύν
614 3103 706 3199 αύτῷ
723 3103 844 3188 πάντες
862 3113 919 3176 καί
934 3132 1023 3188 τινες
1038 3107 1108 3176 τοῖν
1125 3131 1185 3174 πε·

221 3211 286 3285 ζῶν
303 3203 533 3294 πεποιήκασιν.
1197 3231 1222 3272 ³⁰
1254 3201 1258 3326 ή

290 3431 359 3498 Cap.
377 3437 418 3486 25.
453 3435 554 3486 Dionis
572 3437 714 3490 Historiae
731 3439 873 3492 Romanae
892 3439 971 3504 1.49‚
991 3455 1014 3492 ο.
1034 3439 1128 3492 8-18,
