2586 3800
351 153 823 210 ,mmmmm
1014 154 1108 220 'm

138 291 217 376 τοός
243 290 378 384 ίατροός
401 289 516 376 άξιοῦν
542 295 628 364 αίδοὶ
652 303 850 381 γυναικείαν
875 291 920 364 δι’
941 291 1108 386 ἀνατομῆς
1144 372 1145 376 ,

137 393 229 490 αὐτῷ
246 391 524 484 μηχανήσασθαι,
541 393 706 484 μεγάλους
723 389 809 485 ὑπὲρ
826 394 948 467 τούτου
964 395 1109 486 μισθοός

57 535 88 546 ’ν
137 493 250 579 αὐτοῖς
268 495 516 586 προϊσχόμενος.
723 557 725 562 ,
1116 519 1142 570 D

214 595 284 670 Λιά
305 599 410 670 ταῦτα
433 595 577 687 ἐμισήθη
600 594 666 669 ὑπό
688 595 825 670 πάντων
842 591 860 668 ό
879 596 1106 690 Σαρδανάπα-

109 711 212 790 ελος,
238 698 284 790 μή
310 696 498 792 στεγόντων
521 697 580 780 τάς
603 707 738 788 μιαρίας
763 701 819 770 καὶ
843 705 1106 793 αίσχροιταθείας

11 855 13 862 ,
138 798 252 874 αὐτοῦ.
290 799 361 870 εἶτα
379 799 549 924 Βμσιανόν
571 797 631 871 τόν
654 799 731 924 υίὸμ
749 807 911 891 Μαμαίας
933 805 991 892 τῆς
1009 800 1106 875 ιἰδελ

138 907 205 994 φής
234 906 292 991 τής
322 900 444 994 μητρός
474 899 579 976 αὐτοῦ
611 908 658 984 είς
687 899 724 974 τό
746 899 989 1027 μυνέδριον’
969 901 1107 994 αγαγεόν

138 1009 244 1076 παῖδα
263 1011 377 1092 ἔθετο,
402 1005 459 1074 καὶ
455 1000 693 1128 Ἀλέξμνδρον
717 999 825 1076 αὐτὸν
841 1014 1019 1077 καλεῖσθαι
1038 1008 1107 1078 ἐκέ·

12 1139 13 1142 “
117 1117 269 1178 ,λευσενς
304 1102 392 1195 ,μετ’
424 1102 466 1176 οὐ
490 1103 576 1180 πολὺ
598 1107 712 1194 μέντοι
736 1103 864 1188 πάντας
893 1100 1106 1197 όποιιτεόων,

96 1241 124 1282 ιο
136 1204 324 1298 μανθάνων
342 1207 380 1278 δὲ
397 1209 454 1278 καλ
472 1202 604 1278 εὐνοεῖν
622 1209 740 1302 ἐκείνω
759 1204 836 1290 τούς
853 1215 1031 1298 πλείονας,
1050 1235 1107 1298 με·

136 1311 261 1398 τέγνω,
279 1309 336 1378 καὶ
353 1310 446 1392 τέλος
463 1305 598 1381 άνελεῖν
615 1305 719 1388 αὐτόν
737 1312 909 1400 ἐπεγείρει.
946 1305 964 1380 ὁ
983 1311 1021 1380 δὲ
1038 1309 1105 1381 ὑπό

136 1415 204 1483 τόν
222 1412 612 1500 στρατιωτάνέιιιμελῶς
631 1409 854 1499 ἐφυλάσσετο,
882 1411 938 1482 καὶ
956 1416 996 1484 οί,
1008 1416 1107 1503 δορυ-

136 1511 239 1602 φόροι
256 1511 312 1582 διά
327 1511 425 1582 τοῦτο
445 1516 564 1594 δεινιός
582 1509 806 1603 ἐθορύβησαν.
843 1513 1025 1594 έκεῖνοςδέ
1042 1511 1108 1584 σόν

138 1619 183 1706 τῷ
203 1609 411 1708 Ἀλεξάνδρῳ
434 1619 481 1694 εἰς
507 1610 544 1684 τό
570 1611 796 1705 στρατόπεδον
826 1613 994 1686 είσελθοδν
1021 1616 1107 1684 ἐπει-

100 1721 218 1806 ιεράτο
236 1717 447 1786 καταπαῦσαι
464 1713 523 1785 τόν
539 1711 702 1805 θόρυβον.
739 1709 784 1798 ὥς
810 1710 842 1786 δ’
866 1711 993 1807 ’ᾔσθετο
1017 1713 1108 1805 παρά

136 1846 205 1888 των
229 1839 441 1906 στρατιωτων
463 1814 780 1908 ἐπιβουλευόμενος,
812 1813 946 1908 ὥρμησε
968 1817 1031 1908 μέν
1055 1820 1106 1888 ἐκ·

9 1983 10 1988 ,
139 1924 279 2008 δράνιιι,
302 1917 475 2010 φωραθείς
499 1917 537 1988 δ
562 1915 734 2040 ἀνῃρέθη,
761 1917 860 1988 καῖ’
842 1947 863 2007 η
887 1916 996 2010 μήτηρ
1014 1944 1105 2010 περι·
1110 1938 1210 1991 P1618

140 2028 302 2090 πλακεῖσα
316 2015 407 2114 κότῳ
395 2016 645 2092 σνναπιόλετο.
682 2047 730 2090 ων
742 2017 870 2108 αμφοῖν
882 2022 1106 2109 γυμνωθέντα
1163 2077 1165 2084 .

137 2115 179 2190 τά
197 2119 331 2211 σωματα
349 2121 517 2210 ἐσόρησαν
535 2117 591 2192 διά
607 2121 767 2245 μέσης
727 2148 786 2209 της
803 2118 949 2219 πόλεως
978 2117 1103 2191 εἶτα
1067 2148 1105 2190 το

97 2226 198 2295 ιοτοῦ
221 2220 550 2314 Σαρδαναπάλουί
519 2250 566 2306 ες
589 2219 648 2292 τὸν
671 2228 807 2310 Τίβεριν
833 2213 1016 2342 ἐνεβλήθη
1051 2218 1106 2289 διδ

138 2323 220 2426 πρὸς
242 2341 313 2407 τοῖς
335 2320 447 2406 άλλοις
470 2324 526 2394 καὶ
550 2329 722 2446 Τιβερῖνος
746 2319 981 2412 ἐπωνομάσθη.
1026 2341 1106 2409 συγ-

140 2425 334 2516 κατεσφάγη
352 2423 384 2498 δ’
406 2422 495 2496 κάτω
481 2423 602 2496 ’καῖ’
587 2453 606 2496 ο
618 2423 782 2516 Ἱεροκλῆς
799 2425 856 2496 καί
868 2420 964 2494 άλλοι
976 2428 1107 2512 πολλοί,

136 2525 271 2618 ἄρξαντι
290 2535 346 2616 έτη
363 2533 440 2618 τρία
459 2527 512 2598 ἐπὶ
529 2528 633 2617 μησὶν
651 2520 784 2599 ἐννέα
766 2527 903 2618 ημέραις
916 2553 952 2598 τε
965 2525 1107 2648 τέσσαρ-

140 2651 210 2718 σιν,
237 2625 311 2712 έξ”
293 2657 373 2700 οτου
397 2625 456 2700 τόν
473 2638 654 2720 Μακρῖνον
670 2626 808 2718 νικήσας
826 2631 921 2701 ἐν
880 2656 921 2719 τη
939 2625 1028 2720 μάχη
1047 2633 1107 2716 τῆς

94 2757 126 2800 ιτ
138 2727 319 2822 αότιιρχίας
336 2726 502 2820 τετύχηκε.

48 2835 52 2842 ’
220 2829 347 2903 Τοότον
380 2835 582 2922 κρατοῦντος
606 2841 794 2920 Ζεφυρῖνος
817 2828 835 2900 ὁ
859 2833 918 2918 τής
935 2827 1108 2916 Ῥωμαίων

138 2937 313 3023 ἐκκλησίας
339 2934 517 3013 ἐπίσκοπος
539 2931 757 3022 μεταλλάττει,
772 2927 832 3001 τόν
857 2936 952 3018 βίον,
985 2925 1108 3010 ίθόνας

137 3031 263 3124 ταύτην
297 3041 406 3106 ἐτεσιν
439 3029 682 3104 ὀκτωκαίδεκα·
730 3027 811 3120 μεθ’
847 3026 888 3102 όν
921 3027 1108 3110 Κάλλιστος

115 3136 283 3226 προέστη
311 3139 380 3206 τόν
411 3137 518 3206 ἐκεῖσε
547 3136 675 3204 πιστῶν
705 3133 759 3204 έπλ
789 3134 889 3204 πέντε
915 3127 1107 3212 ἐνιαυτούς·

95 3264 125 3308 ιο
139 3240 196 3307 καὶ
213 3241 331 3308 τοῦτον
351 3229 526 3328 Θόρβανός
545 3235 742 3326 διαδέχεται.
1118 3256 1142 3307 Β

221 3341 289 3408 Τοῦ
318 3339 355 3408 δὲ
382 3343 668 3410 Ψευδαντωνίνου
694 3332 933 3428 ἀναιρεθέντος
953 3331 1108 3438 ’ᾼλέξαν-
1122 3345 1162 3410 15

137 3435 346 3448 ..un—unna...-

208 3469 276 3536 Oap.
296 3471 337 3520 15.
366 3469 466 3520 Dionis
483 3469 628 3520 Historiae
647 3469 788 3522 Romanae
806 3467 825 3522 l.
838 3469 881 3530 80,
901 3468 979 3518 ouius
996 3460 1109 3518 nomiisi
