2566 3812
192 113 257 178 m
453 110 829 164 'mmmm

193 266 276 326 σθαι
288 251 350 342 τὴν
366 249 531 341 διάβασιν.
564 246 710 334 ἀκούσας
725 250 882 320 δὲταῦτα
896 245 939 321 δι’
960 245 1161 340 ἀπορρήτων

193 352 385 442 ὀΣκιπίων,
395 360 452 424 ἵνα
458 349 504 443 μὴ
515 358 642 441 γνῶσιν
655 358 690 424 οί
701 355 911 440 στρατιῶται,
918 348 977 422 τόν
986 377 1021 422 τε
1031 350 1161 442 κήρυκα

194 456 390 546 αὐθημερὸν
407 453 582 544 ἀπέπεμψε
600 457 721 544 μηδενὶ
743 450 834 547 ἀλλην
857 450 1161 544 προσομιλήσαυτα,

194 560 250 628 καὶ
268 558 304 628 τὰ
322 555 511 647 στράτευμα
528 559 737 644 συγκαλέσας
756 556 941 626 ἐπέσπευδε
964 555 1026 644 τὴν
1045 553 1161 642 διάβα-

97 686 134 736 1³1
142 684 268 748 ιςεσιυ,
301 665 350 732 ἐτι
379 657 458 740 τούς
487 663 741 748 Καρχηδονίους
769 653 1024 746 ἀπαρασκεύους
1054 657 1189 746 λέγωνι

195 761 292 849 εἶναι,
311 761 367 830 καί
385 757 549 850 πρότερον
565 759 628 848 μὲν
644 755 703 830 τὸν
716 764 945 847 Μασινίσσαν,
963 754 1037 828 τότε
1055 757 1092 827 δέ
1106 759 1162 828 καὶ

194 859 252 932 τὸν
271 860 419 952 Σύφακα
442 869 702 950 μετακαλεϊσθαι
725 857 852 940 αύτούς
874 862 930 944 καὶ
953 865 1164 950 χρονίζουσιν

195 967 358 1052 ἐγκαλεῖν.
382 967 487 1034 ταῦτα
505 961 610 1032 είπὼν
623 961 730 1052 μηδὲν
744 967 792 1032 ἔτι
804 957 969 1050 μελλήσας
984 958 1162 1049 ἐξανηχθη·

135 1130 140 1138 ,
196 1068 253 1136 καλ
272 1065 356 1155 πρὸς
373 1064 410 1134 τὸ
429 1059 638 1154 ἀκρωτήριον
654 1060 692 1133 τό
714 1060 924 1152 καλούμενον
936 1059 1164 1133 Ἀπολλώνιον

195 1174 422 1258 προσορμίσας
451 1166 510 1247 τὰς
538 1168 626 1248 ναύς
650 1161 974 1252 ἐστρατοπεδεύσατο
1009 1165 1066 1234 καὶ
1101 1161 1163 1252 τήν
1177 1195 1205 1235 10

41 1277 43 1284 ’
96 1288 108 1310 ¹
195 1267 309 1358 χώραν
327 1265 484 1358 ἐπόρθει,
502 1269 706 1355 προσέμισγέ
727 1293 765 1335 τε
787 1282 860 1348 ταῖς
882 1263 998 1336 πόλεσι
1021 1266 1078 1336 καὶ
1096 1259 1167 1334 εἷλέ

195 1399 300 1454 τινας.
327 1370 528 1460 ἐγκειμένων
542 1368 581 1438 δέ
593 1375 662 1438 τῶν
673 1365 844 1456 Ῥωμαίων
857 1370 898 1456 τῇ
911 1365 1015 1458 χύρηι,
1032 1365 1164 1438 ’Ἇυυων

195 1469 213 1541 ὁ
232 1477 414 1560 ἵππαρχος,
431 1468 504 1550 υίὸς
529 1465 577 1538 ἀν
594 1473 656 1539 τού
671 1464 881 1558 Ἀσδρούβου
898 1470 960 1538 τού
979 1475 1163 1556 Γίσγωνος,

196 1571 384 1660 ἀνεπείσθη
409 1567 491 1657 πρὸς
516 1574 576 1640 τού
594 1567 811 1641 Μασινίσσον
838 1571 1019 1640 ἐπιθέσθαι
1037 1565 1161 1650 αύτοῑς.

195 1671 213 1744 ὁ
239 1664 302 1743 οὖν
325 1678 482 1745 Σκιπίων
513 1672 634 1754 ίππέας
663 1674 795 1760 πέμψας
822 1671 915 1758 τινὰς
946 1678 1052 1760 χωρία
1082 1667 1164 1760 πρὸς
1178 1700 1207 1741 15

114 1831 120 1842 ,
196 1768 411 1863 καταδρομὴν
448 1770 616 1861 ἐπιτήδεια
655 1775 809 1862 ἐληίζετο,
840 1767 882 1842 ἵν’
912 1769 1166 1860 ὑποφεύγοντες

199 1871 447 1946 ἐπισπάσωνται
464 1873 543 1957 τούς
558 1871 804 1957 ἐπιδιώκοντας.
823 1879 892 1945 τῶν
909 1863 972 1945 οὖν
988 1879 1166 1964 Καρχηδο-

162 1985 284 2048 Βνίωυ
309 1976 541 2066 ἐπισπομένων
557 1973 672 2058 αύιοίς
697 1972 781 2046 κατὰ
803 1975 844 2046 τὰ
867 1978 1065 2064 ξυγκείμενα
1089 2003 1163 2062 τρα·

197 2081 374 2169 πομένοις,
400 2079 418 2148 δ
447 2085 658 2158 Μασινίσσας
681 2103 718 2148 τε
745 2073 829 2146 κατά
854 2074 964 2148 ναύτου
986 2073 1165 2166 γενόμενος

196 2177 277 2270 μειά
301 2184 369 2252 τῶν
391 2174 472 2268 ἀμφ’
497 2175 601 2250 αὐτὸν
625 2179 765 2250 ἐπίθετο
781 2194 850 2260 τοῖς
868 2175 1047 2266 διώκουσι,
1072 2179 1128 2248 καὶ
1145 2171 1210 2248 διο

157 2363 165 2370 ‚
196 2288 352 2356 Σκιπίων
365 2283 402 2350 ἐκ
413 2285 474 2351 τοῦ
487 2278 587 2370 λόχου
601 2275 821 2370 ἐπεκδραμάν
834 2281 1032 2369 προσέμιξεν
1041 2275 1164 2361 αὐτοῖς.

197 2385 253 2452 καλ
279 2383 398 2452 πολλοὶ
415 2381 478 2470 μὲν
496 2379 713 2472 ἐφθάρησαν,
739 2385 857 2451 πολλοὶ
876 2381 913 2450 δὲ
937 2383 993 2452 καὶ
1011 2378 1165 2452 ἑάλωσαν

197 2486 254 2552 καὶ
266 2480 284 2552 ὁ
294 2479 428 2554 ’Ἄννων
442 2479 553 2566 αύτύς.
574 2481 625 2552 διὸ
643 2480 876 2573 ο’Ἀσδρούβας
893 2479 955 2570 τήν
969 2483 1093 2572 μηιέρα
1104 2485 1166 2551 τοῦ

197 2590 414 2655 Μασινίσσου
429 2585 608 2672 συνέλαβέ·
623 2585 679 2654 καὶ
693 2579 983 2674 ἀνταπεδύθησαν.
1009 2577 1027 2653 ὁ
1042 2583 1080 2652 δὲ
1094 2580 1166 2654 Σύ·

198 2688 264 2774 φαξ
282 2692 340 2775 της
358 2684 439 2778 πρὸς
448 2683 628 2775 Ῥωμαίους
645 2691 760 2775 φιλίας
776 2684 839 2774 τὴν
854 2682 993 2774 δόκησιν
1010 2682 1167 2756 ἀπειπιδν
1179 2713 1214 2755 εε

197 2793 354 2878 φανερῶς
370 2803 440 2870 τοῖς
454 2793 698 2878 Καρχηδονίοις
715 2784 892 2878 συνήρατο.
922 2792 956 2856 οἱ
969 2779 1167 2875 δδῬωμαῑοι

197 2891 254 2960 καὶ
279 2893 446 2978 ἐληίζοντο
468 2888 531 2978 τὴν
548 2886 680 2978 χώραν,
704 2891 761 2958 καὶ
784 2883 933 2978 συχνούς
955 2889 1023 2958 τῶν
1047 2890 1084 2958 ἐκ
1106 2889 1167 2974 της

116 3066 119 3072 ,
194 2986 332 3074 Ἰταλίας
348 2984 414 3061 ύπὸ
428 2993 488 3060 τού
501 2988 660 3078 Ἀννίβου
677 2989 759 3079 πρὸς
772 2990 835 3078 τὴν
851 2989 980 3079 Αιβύην
993 2992 1168 3078 πεμφθέν-

197 3119 265 3160 των
282 3081 534 3180 ἀνεκομίσαντοζ
552 3093 608 3162 καὶ
625 3088 709 3162 κατά
727 3089 840 3181 χύραν
858 3094 1044 3180 ἐχείμασαν.

97 3192 1215 3384 ηδτ,ειέύᾶἷοίὲιέἷῖἷιῖίάἔῗῖιῗῖῗιλῖζῖλιῖῗῖιΓάἷιῗῖω

207 3392 371 3470 τωθέντες
400 3395 447 3484 τῷ
472 3395 605 3488 πολέμῳ
635 3399 806 3484 συμβῆναι
835 3391 1026 3488 ηθέλησαυ,
1061 3395 1117 3464 καί
1148 3390 1167 3462 ὁ
