2580 3816
405 179 478 230 ιιΒ.
498 180 575 230 x111.
595 179 673 233 υΑΡ.
687 181 776 232 xxn.
1002 177 1066 244 239

96 321 235 388 ἐκείνων
260 319 415 414 πατέρων
438 318 631 409 κεκήρυκτο.
665 319 770 409 πρός
800 321 1005 411 τρανοτέραν
1030 321 1068 391 δὲ
1153 386 1155 396 ,

93 427 153 516 τῆς
178 427 319 502 πίστεως
338 418 521 509 ὁμολογίαν
545 421 678 508 καὶτῆς
697 427 896 509 δυσσεβείας
913 429 976 491 τοῦ
994 433 1067 494 Νε-

94 529 231 611 στορίου
250 523 465 611 σαφέστερον
496 529 634 612 έλεγχον
658 523 714 590 καὶ
738 523 869 592 δυόδεκα
900 523 1067 605 συντάξας

92 623 261 712 κεφάλαια
293 621 310 692 6
343 623 519 714 ἱερώτατος
544 623 714 714 Κόριλλος
745 630 803 710 τῆς
830 623 938 714 ὀρθῆς
970 623 1069 712 δόξης

67 723 317 814 τόπομνήματα
340 730 383 814 τῇ
409 727 570 817 ἐκκλησίᾳ
593 726 799 815 παρέδωκεν.
835 719 853 795 6
879 726 917 796 δέ
935 725 1065 797 Νεστό-

94 853 167 918 ριος
185 825 361 914 ἀπεβλήθη
379 827 435 896 καὶ
452 832 516 895 τοῦ
534 831 603 898 τόν
620 823 711 917 όρθά
726 827 946 917 φρονούντων
960 825 1068 916 ἀρχιε-

95 929 184 1018 ρέων
203 925 392 1015 ἀπεκινήθη
410 933 524 1017 χοροό.
550 927 632 1016 μετά
650 936 769 1018 τρίτην
787 927 825 997 δὲ
840 935 899 1016 τῆς
918 927 1067 998 συνόδου

92 1027 222 1118 ἡμέραν
248 1033 442 1118 ἐφίστανται
464 1035 507 1118 τῇ
530 1027 660 1122 Ἐφέσῳ
685 1029 705 1099 6'
728 1057 763 1099 τε
778 1023 976 1118 Ἀντιοχείας
996 1027 1069 1100 Ἰω-

94 1131 198 1218 άννης
230 1125 330 1200 καὶὸ
363 1129 483 1220 Κόρου
509 1133 688 1212 ἐπίσκοπος
721 1128 937 1222 Θεοδάρητος
969 1131 1025 1200 καὶ
1051 1129 1068 1200 6

53 1267 80 1305 ιο
92 1231 249 1320 Ἐδέσσης
264 1228 356 1322 Ἴβας
375 1233 432 1300 καί
449 1235 572 1324 ἕτεροι,
597 1234 654 1301 καὶ
672 1231 722 1302 ὅτι
739 1231 784 1321 μη
803 1233 860 1301 καὶ
877 1231 939 1320 τὴν
957 1228 1069 1303 νότων

95 1342 288 1424 παρουσίαν
313 1331 491 1422 ἀνέμειναν
516 1339 551 1403 οί
572 1338 632 1421 τῆς
656 1333 822 1420 συνόδου,
853 1332 1072 1423 ὀργισθέντες

93 1433 178 1504 κατά
196 1440 258 1504 τοῦ
276 1434 424 1523 μεγάλου
442 1443 618 1524 Κυρίλλον
633 1433 677 1516 οἱς
690 1441 759 1504 των
777 1433 889 1504 ἀλλων
909 1434 1068 1524 ἐξάρχον-

95 1563 168 1623 τος,
193 1535 256 1624 τήν
274 1563 317 1604 τε
337 1542 402 1604 τοῦ
427 1543 619 1626 Νεστορίου
648 1543 847 1626 καθαίρεσιν
878 1534 1068 1627 ᾐτιάσαντο,

95 1638 153 1706 καὶ
178 1640 305 1730 ε’κείνφι
317 1639 456 1725 θέμενοι
472 1644 533 1706 τοῦ
552 1665 587 1706 τε
605 1645 704 1708 θείου
722 1645 898 1727 Κυρίλλον
916 1638 973 1706 καὶ
992 1639 1066 1708 Μέ-

54 1771 81 1811 15
96 1765 220 1829 μνονος
238 1745 299 1808 τοῦ
314 1737 455 1826 Ἐφέσου
474 1746 676 1828 καθαίρεσιν
694 1743 912 1828 ἐψηφίσαντο.
944 1736 962 1808 6
983 1747 1068 1808 Θεο-
1080 1751 1104 1800 Β

97 1839 247 1929 δάρητος
272 1839 310 1909 δὲ
333 1840 390 1908 καὶ
413 1839 497 1908 κατά
519 1845 588 1910 τάν
618 1840 750 1909 δυόδεκα
781 1847 974 1930 κεφαλαίων
999 1845 1069 1908 τῶν

96 1947 157 2014 τοῦ
180 1948 357 2030 Κυρίλλου
382 1941 546 2031 ἐχώρησε,
573 1942 631 2008 καὶ
656 1948 703 2021 είς
728 1939 924 2030 ἀνατροπὴν
954 1937 1070 2010 αὐτῶν

46 2091 48 2094 -
100 2044 281 2125 συνέταξεν
301 2046 409 2133 ἕτερα,
428 2043 514 2133 πρός
533 2039 554 2110 ά
572 2041 675 2110 πάλιν
688 2039 706 2110 6
720 2044 822 2130 μέγας
836 2041 1070 2129 ἀντηγωνίσα-

3 2231 4 2238 ¹
97 2173 134 2214 το
160 2144 346 2234 Κόριλλος,
377 2139 440 2212 ου’κ
467 2141 582 2232 ὀρθῶς
610 2149 817 2232 δογματίζειν
842 2145 987 2230 ἐλέγχων
1009 2142 1070 2210 τόν

3 2301 4 2306 1
58 2281 88 2322 ιο
104 2246 335 2336 Θεοδάρητον.
371 2245 659 2333 κατεγνωσθησαν
677 2243 715 2312 δὲ
733 2241 824 2334 παρά
842 2249 902 2330 τῆς
920 2241 1070 2313 συνόδου

3 2335 5 2352 ³
97 2347 119 2418 ό
143 2375 179 2416 τε
202 2345 400 2436 Ἀντιοχείας
422 2348 480 2416 καὶ
503 2353 538 2416 oc
561 2352 689 2432 λοιποί,
713 2346 771 2414 καὶ
787 2349 857 2414 τολν
875 2339 1071 2434 όρθοδόξων

97 2447 384 2537 ἠλλοτριάθησαν.
439 2447 547 2530 οὕτως
578 2440 643 2518 οὖν
673 2447 803 2516 τούτων
836 2445 981 2535 ἑχόντων
1014 2445 1071 2513 καὶ

97 2547 170 2618 κατ’
199 2545 355 2637 ἀλλήλων
381 2552 574 2639 γενομένων
597 2555 667 2618 τῶν
693 2547 897 2636 ἐπισκόπων,
920 2547 977 2616 καὶ
995 2553 1070 2637 σχί-

98 2675 222 2740 σματος
246 2650 343 2731 ὄντος
367 2653 472 2739 μέσον
496 2648 626 2738 αὐτῶν,
658 2648 676 2719 6
707 2649 867 2738 βασιλεός
893 2647 1072 2729 Θεοδόσιος

54 2787 85 2830 25
98 2750 281 2841 ἀφικέσθαι
298 2753 425 2832 πάντας
441 2753 617 2822 ἐκέλευσεν
630 2758 679 2832 είς
692 2749 1068 2822 Κωνσταντινοόπολιν·

96 2855 156 2923 καὶ
175 2856 459 2944 παραγενομένων
477 2853 622 2924 ένιόπιον
637 2857 699 2922 τοῦ
716 2849 924 2939 βασιλέως,ἡ
943 2849 1070 2938 ζήτησις

96 2956 234 3042 γέγονε,
259 2957 316 3024 καί
339 2957 517 3046 καθῃρέθη
536 2954 719 3044 Νεστόριος
741 2954 799 3024 καί
822 2959 869 3033 είς
892 2949 954 3039 την
982 2951 1069 3043 ἑφάν

96 3055 336 3146 δπερωρίσθη,
367 3060 431 3126 του”
459 3053 657 3146 Ἀντιοχείας
681 3055 737 3122 καὶ
762 3059 823 3124 τοῦ
851 3051 1069 3142 Θεοδωρήτου

99 3158 414 3249 συμφρονησάντων
431 3164 473 3249 τῇ
493 3165 570 3254 ίερᾷ
581 3156 729 3249 σννόδφ,
745 3153 790 3237 ὡς
808 3153 863 3224 διά
881 3153 995 3241 λόπην
1012 3153 1104 3221 nalo

56 3295 84 3334 ω
98 3266 172 3349 έριν
189 3259 517 3348 ἀντικαθισταμένων
534 3259 573 3329 τδ
592 3259 766 3350 πρότερον.
801 3263 863 3326 τοῦ
882 3255 920 3324 δὲ
938 3265 1069 3326 Νεστο-

99 3367 176 3450 ρίου
195 3361 341 3442 πολλοδς
360 3363 633 3451 διαστρέφοντος,
660 3357 897 3448 όἈντιοχείας
912 3354 1069 3443 Ἰωάννης

99 3461 280 3553 ἀναφοράν
298 3465 375 3553 περὶ
392 3462 514 3532 τούτου
532 3461 615 3553 πρός
628 3461 690 3532 τόν
704 3458 935 3553 αὐτοκράτορα
955 3455 1068 3546 ἐποιή-
