2546 3822
188 128 250 192 328
489 131 561 183 τιε.
581 131 654 184 τιν,
674 129 751 182 σεε.
771 130 856 182 xxv.

189 269 339 360 ἀφανῶς.
365 275 496 352 στείλας
515 267 548 338 θ’
569 276 616 351 είς
623 275 793 361 Χαξαρίαν
809 269 914 358 ήχαχε
932 269 994 359 τήν
1010 285 1156 358 γυναῖκα

189 369 297 443 αύτού
316 370 508 461 Θεοὸάραν,
531 369 597 459 ἤδη
621 366 716 464 αύτῷ
733 377 900 442 τεκοῦσαν
917 365 1009 458 υλύν,
1033 371 1074 442 ὃν
1096 382 1154 442 Τι-

188 475 303 562 βέριον
321 473 549 562 κατωνόμασε,
572 471 733 560 κάκείνην
758 474 796 542 δὲ
813 474 870 542 καὶ
887 473 923 543 τὸ
941 479 1076 543 παιδίον
1093 473 1155 542 τού

189 581 248 665 τῆς
275 581 445 662 βασιλείας
468 572 609 656 ἀξιώσας
632 574 795 663 ὀνόματος
820 575 877 645 καλ
901 573 1002 664 ἀμφω
1029 580 1156 657 ἔστεφε.

190 677 295 756 λύσας
322 675 360 744 δέ
384 675 443 756 τάς
467 674 551 766 πρὸς
568 674 645 756 τούς
663 675 882 766 Βονλχάρους
906 675 1062 765 σπονδάς,
1079 673 1182 746 κατ’5
1271 707 1272 730 ³

190 776 306 848 αὐτῶν
331 776 563 866 ἐξεστράτευσε
594 776 661 848 σύν
692 783 842 860 ίππικαῖς
865 806 901 850 τε
926 780 983 848 καὶ
1013 785 1157 862 πεζικαῖς

126 942 128 946 ,
191 877 356 967 δυνάμεσι
380 880 437 946 καλ
464 878 539 948 σύν
556 879 667 970 στύλφ
694 886 820 972 πολλῷ,
847 881 903 948 καὶ
921 877 1056 966 ἀπῆλθε
1073 876 1158 967 πρὸς

190 979 253 1068 τήν
279 977 465 1068 Ἀγχίαλον.
507 980 545 1049 τὸ
575 981 639 1068 μὲν
669 971 733 1050 ούν
763 987 898 1070 πρῶτον
928 985 1099 1060 δείσαντες
1123 985 1161 1048 οί
1272 1070 1273 1073 ¹

190 1081 380 1169 Βούλχαροι
404 1087 451 1161 είς
475 1079 516 1150 τά
540 1079 603 1170 ὅρη
621 1079 823 1171 ἀνέδραμον,
844 1085 975 1152 ἐκεῖθεν
994 1081 1032 1152 δὲ
1049 1079 1158 1152 ἀσυν-
1272 1096 1273 1099 ’

157 1183 316 1262 Οτάκτως
334 1179 479 1272 ὁρῶντες
492 1181 555 1270 τήν
567 1189 637 1254 τοῖν
647 1181 818 1271 Ῥωμαίων
836 1181 993 1273 στρατιάν
1010 1204 1160 1270 σκηνου-
1173 1204 1199 1244 10

190 1285 296 1373 μένην
322 1283 379 1352 καὶ
409 1281 622 1372 ἀπροσίκτως
655 1291 703 1364 είς
729 1284 967 1374 χορτασμάτων
991 1283 1162 1371 συλλογήν

191 1386 430 1474 σκιδναμένην,
457 1383 706 1474 ἀνεθάρσησαν,
733 1387 790 1454 καὶ
817 1383 1016 1466 ἐπελθόντες
1043 1383 1162 1465 αὐτοῖς

190 1485 337 1567 πολλούς
362 1485 425 1574 μὲν
447 1481 602 1573 ἀνεῖλον,
627 1484 668 1556 ού
692 1493 809 1576 μείους
833 1485 870 1556 δὲ
896 1484 1163 1576 ήχμαλύτευσαν

191 1589 248 1657 καλ
266 1593 371 1658 ίππον
389 1587 555 1676 συνέσχον
573 1586 710 1676 πολλήν.
745 1581 763 1656 ὁ
781 1589 894 1676 μέντοι
917 1587 1074 1676 βασιλεύς
1094 1587 1162 1656 σύν

190 1705 261 1769 τοῖς
275 1697 538 1780 περιλειφθεῖσιν
548 1694 595 1768 είς
608 1688 644 1758 τὸ
660 1691 731 1757 ἐκεῖ
742 1696 1034 1776 συνεκλείσθησαν
1047 1688 1156 1778 φρού·
1174 1709 1200 1750 1⁵

192 1817 274 1878 ριον.
328 1787 398 1858 εἶτα
424 1788 505 1869 τούς
529 1793 655 1870 ἵππους
685 1790 811 1872 πάντας
838 1783 1159 1880 νευροκοπήσαντες,

193 1899 250 1962 ἵνα
268 1889 313 1977 μή
330 1889 472 1970 τούτους
490 1889 626 1977 λάβοιεν
643 1897 678 1960 οί
694 1895 852 1980 πολέμιοι,
869 1906 941 1972 τοῖς
958 1897 1019 1960 τού
1038 1890 1154 1960 στόλου

88 2010 201 2061 W1117⁷
211 1991 374 2078 σκάφεσιν
399 1991 614 2079 ἐμβεβηκότες
638 1994 830 2080 ἐπανῆλθον
852 1999 899 2073 είς
923 1992 961 2062 τὸ
980 1991 1155 2075 Βυζάντιον

193 2089 259 2162 σύν
291 2091 436 2184 αἰσχύνη
467 2097 584 2182 πολλή.
620 2100 752 2181 μηνιάν
779 2094 818 2162 δὲ
842 2109 912 2173 τοῖς
940 2097 977 2162 έν
997 2097 1162 2180 Χερσωνι,

191 2193 243 2263 ὅτι
269 2196 340 2264 ἐκεῖ
360 2193 626 2285 περιωρισμένον
650 2183 755 2264 αύτόν
772 2193 908 2281 χνύντες
926 2201 1164 2284 νεωτερίζοντα
1177 2215 1206 2256 σο

192 2293 436 2384 ἠβουλήθησαν
462 2294 608 2382 ἀνελεῖν,
634 2296 762 2366 στέλλει
787 2295 930 2385 τριήρεις
949 2297 1007 2364 καὶ
1024 2293 1164 2384 δράμω-

165 2475 167 2478 ,
193 2423 255 2477 νας
273 2399 330 2466 καὶ
347 2403 430 2484 νήας
450 2398 563 2484 ἑτέρας
581 2403 651 2465 τῶν
664 2403 844 2486 φορτηγῶν
857 2396 925 2466 σύν
943 2395 1169 2484 στρατεύματι

156 2505 338 2588 Βπλείστφ
365 2499 422 2564 καὶ
448 2497 528 2565 δνσὶ
554 2514 764 2584 στρατηγοῖς,
793 2498 1019 2586 ἐντειλάμενος
1045 2495 1171 2578 αὐτοῖς

191 2596 236 2686 μή
255 2603 444 2684 φείσασθαί
466 2623 557 2678 τινος
581 2603 650 2667 τῶν
678 2601 757 2686 ἐκεῖ,
785 2597 870 2668 ἀλλά
889 2599 1015 2680 πάντας
1034 2597 1170 2684 συνκύ-

192 2712 252 2780 ψαι
269 2712 339 2778 τοῖς
357 2701 499 2786 ξίφεσιν.
536 2705 572 2767 οἳ
593 2697 660 2768 σύν
686 2699 804 2769 ούβενλ
827 2700 934 2794 πόνῳ,
953 2697 995 2770 ού
1012 2698 1079 2788 γάρ
1097 2697 1169 2768 ἀν·
1186 2722 1218 2762 ν)

191 2801 355 2888 τέστησαν
382 2803 417 2870 οί
439 2807 510 2870 τῶν
535 2803 572 2870 έν
590 2807 743 2890 Χερσῶνι
765 2799 898 2870 πόλεων
915 2801 1075 2886 κάτοικοι,
1095 2827 1172 2868 πα-

192 2900 395 2989 ραλαβόντες
422 2900 548 2982 αύτούς
570 2901 719 2982 ἅπαντας
738 2901 861 2990 σχεδὸν
878 2901 1077 2992 ἀνῃρήκασι,
1094 2899 1174 2990 μύ-

191 3029 252 3089 νης
270 3008 330 3090 τῆς
347 3003 527 3090 νεαζούσης
545 2997 676 3091 ήλικίας
689 3005 784 3093 μέχρι
801 3010 982 3091 μειρακίων
1000 3002 1175 3091 φεισάμε-

191 3131 254 3172 νοι.
296 3101 316 3172 ὃ
346 3103 468 3192 μαθων
495 3103 749 3191 Ἰουστινιαυύς,
780 3100 829 3172 ὅτι
859 3104 904 3193 μή
934 3105 991 3172 καὶ
1020 3103 1177 3186 τούτους

192 3201 346 3290 ἀνεῖλον,
374 3205 568 3293 έξύρχιστο,
600 3207 657 3274 καί
683 3205 767 3293 πρός
794 3203 902 3274 αύτὸν
931 3202 1176 3292 ἀποσταλῆναι
1191 3229 1223 3272 ιο

191 3304 468 3388 παρεκελεύσατο.
510 3300 757 3387 ἀποσταλέντας
787 3306 826 3375 βε
857 3311 1179 3392 καταποντισθῆναι

193 3399 230 3462 ἐν
261 3407 303 3486 τῇ
333 3406 490 3494 θαλάσση
523 3408 649 3492 συνέβη
679 3407 759 3487 τούς
784 3414 962 3494 πλειόνας,
987 3397 1178 3489 καὶέὸοξε
