2566 3812
185 110 244 177 198
510 113 580 164 ωε.
594 111 670 166 vm.
692 111 831 166 οιεωι.

51 260 57 271 ’
182 251 260 336 τούς
290 251 471 342 Ῥωμαίους
506 253 610 322 ἐᾶσαι.
662 248 680 320 6
716 247 884 332 Κλαύδιος
920 250 958 320 όέ
991 248 1054 339 τήν
1087 253 1150 322 τοῦ

183 358 340 447 πορθμοῦ
363 351 470 444 φύσιν
492 347 700 443 κατανοήσας
724 350 863 443 ἐτήρησε
886 350 945 423 τόν
977 356 1060 444 ῥοῦν
1092 355 1149 423 καί

149 453 241 528 στὰν
270 453 394 545 ἄνεμον
426 459 462 528 ἐκ
491 459 549 544 τῆς
570 450 708 538 Ἰταλίας
738 461 785 536 είς
808 453 871 545 τήν
893 452 1103 526 Σικελίαν”
1081 484 1150 545 αμα

182 559 364 650 φέροντας,
391 553 513 628 καλ”
470 585 577 639 ουτως
605 564 767 629 ἔπλευσεν
791 563 839 640 είς
862 553 924 646 τήν
948 563 1071 646 νήσου,
1088 585 1149 647 μη

184 659 281 744 δενός
305 661 576 741 ἐναντιωθέντος.
620 655 730 746 εὑράν
746 648 810 729 οὖν
828 661 928 730 ἐν
881 686 927 752 τιμ
946 659 1056 749 λιμένι
1072 657 1150 741 τούς
1176 688 1189 729 ε

186 759 479 853 Μαμερτίνους,“
464 790 482 832 ο
505 761 571 852 γάρ
581 757 714 833 ’Ἄννων
731 757 1010 851 προῦποπτεόσας
1028 755 1150 844 αὐτοὺς

184 866 221 936 ἐν
244 867 285 955 τη
310 861 489 955 ἀκροπόλει
512 869 663 952 καθῆστο
685 861 864 952 φυλάττων
881 857 1009 952 αότήν,
1034 867 1149 954 ἐκκλη-

183 971 262 1036 σίαν
280 963 467 1054 συνήγαγε,
490 967 546 1035 καὶ
572 966 761 1054 διαλεχθείς
783 961 897 1046 αὐτοῖς
924 967 1036 1038 ἔπεισε
1052 994 1149 1055 μετα-

182 1065 425 1240 πέμψασθαιὲ“
392 1096 453 1138 τον
456 1065 620 1138 ”.Αννωνα
657 1095 675 1138 ο
663 1064 729 1137 ‘66
746 1071 933 1155 καταβῆναι
950 1063 1012 1139 οὐκ
1029 1063 1148 1157 ἤθελε

182 1168 405 1258 φοβηθελςόέ
421 1197 467 1258 μη
484 1197 502 1240 ο
505 1167 785 1260 ίΜαμερττνοι“
762 1197 806 1251 ως
829 1165 1025 1252 ἀδικοῦντος
1043 1165 1149 1242 αὐτοῦ
1163 1197 1189 1237 ιο

183 1277 448 1396 νεωτερίσωσιν,
473 1259 580 1359 ἦλθεν
605 1277 652 1353 είς
675 1272 737 1360 τήν
761 1273 951 1360 ἐκκλησίαν.
994 1273 1050 1342 και
1068 1281 1151 1342 πολ-

184 1371 298 1443 λάν“
279 1370 338 1443 υπ’
374 1369 503 1463 άμφοίν
531 1371 643 1504 μάτην
669 1373 860 1462 λεχθέντων
884 1371 1085 1462 συνήρπασέ
1102 1402 1150 1456 τις

182 1480 251 1546 τῶν
270 1468 440 1564 Ῥωμαίων
464 1471 568 1546 αὐτόν
590 1503 645 1546 και
635 1476 878 1562 ε’νέβαλενί
845 1503 893 1556 ες
916 1477 953 1546 τό
979 1474 1152 1566 δεσμωτή-

183 1603 275 1664 ριον,
294 1573 592 1648 συνεπαινοόντων
609 1582 678 1646 τεόν
695 1583 932 1667 Μαμερτίνων.

148 1690 174 1738 D
260 1678 329 1748 Καὶ
353 1675 371 1747 6
393 1675 457 1766 μὲν
479 1675 584 1762 οὕτως
607 1673 690 1768 ὅλην
719 1675 849 1770 ἀνάγκη
877 1675 940 1766 τήν
962 1676 1150 1768 Μεσσήνην
1163 1705 1188 1746 ιε

185 1778 351 1867 ἐξέλιπεν,
375 1785 409 1850 οί
425 1777 651 1869 Καρχηδόνιοι
675 1779 712 1850 όέ
736 1777 900 1852 ἐκόλασαν
922 1779 985 1870 μὲν
1002 1777 1151 1852 τόν”Αν-

183 1907 295 1970 νωνα,
325 1877 456 1971 κήρυκα
487 1881 524 1958 δέ
554 1897 623 1963 τοῖς
644 1877 813 1971 Ῥωμαίοις
845 1888 998 1972 ἔπεμψαν
1023 1879 1086 1970 τήν
1115 1909 1151 1952 τε

184 1979 371 2072 Μεσσήνην
395 1985 544 2054 ἐκλιπεῖν
567 1981 760 2065 κελεύοντες
784 1985 840 2054 καὶ
866 1986 903 2053 ἐκ
926 1981 1033 2072 πάσης
1051 1981 1151 2054 ἄπελ-

183 2075 480 2168 θείνΣικελίαςέν
492 2085 598 2179 ήμέρμ
612 2088 711 2178 ρητη·
739 2085 795 2157 καλ
814 2086 972 2175 στρατιάν
989 2081 1151 2156 άπεστάλ-

182 2207 289 2258 κασιν.
340 2184 385 2269 ὥς
415 2185 448 2257 6’
474 2187 537 2258 οὐκ
561 2191 737 2258 ἐπείθοντο
761 2191 797 2258 οί
813 2181 982 2276 Ῥωμαῖοι,
1013 2184 1089 2268 τοάς
1112 2210 1188 2256 τετο

80 2291 482 2377 οσΠειμισθοφοροῦντας
500 2285 580 2378 παρ’
602 2286 716 2372 αὐτοῖς
743 2292 775 2372 ἐξ
795 2285 935 2370 Ἰταλίας
952 2286 1151 2360 άπέκτειναν

182 2390 239 2458 καὶ
256 2392 296 2478 τῇ
316 2386 483 2480 Μεσσήνη
501 2393 728 2480 προσέβαλον,
748 2396 858 2480 συνῆν
878 2391 915 2460 δὲ
933 2391 989 2460 καὶ
1006 2384 1024 2458 6
1039 2383 1151 2480 Ἱέρωυ

183 2484 316 2576 αὐτοῖς,
340 2491 394 2560 καὶ
413 2489 476 2579 τήν
493 2489 592 2562 πόλιν
610 2490 828 2584 ἐπολιόρκουν
845 2493 900 2562 καλ
918 2488 978 2562 τόν
994 2488 1152 2581 πορθμόν

184 2587 441 2680 ἐφόλασσον,’
418 2621 462 2674 ως
485 2592 567 2683 μήτε
596 2591 785 2684 στράτευμα
808 2590 890 2682 μήτε
922 2607 1012 2674 σλτος
1038 2589 1152 2676 αότοίς

88 2685 92 2700 ’
183 2695 340 2783 κομισθῇ.
389 2690 408 2764 6
436 2692 597 2785 μαθων
582 2724 600 2765 ο
623 2692 749 2776 ὕπατος
773 2691 840 2784 ηόη
864 2691 1073 2784 πλησιάζων,
1107 2718 1190 2776 ωςεε
1276 2703 1278 2710 ’

184 2784 261 2886 εὗρε
284 2793 429 2886 συχνούς
453 2791 566 2869 νότων
588 2801 738 2888 πολλαχη
761 2793 844 2868 κατά
862 2794 1032 2888 πρόφασιν
1050 2799 1153 2886 ἐμπο-

80 2922 103 2973 1>
109 2927 178 2978 1384
186 2903 260 2986 ρίας
284 2898 565 2988 ἐλλιμενίζοντας,
596 2896 779 2989 ἐξηπάτησε
802 2901 891 2987 σφοῖς
915 2894 1005 2980 ὅπως
1031 2899 1151 2989 όιέλθη

145 2999 240 3070 τόν
263 2999 421 3090 πορθμόν
444 2997 621 3090 άσφαλως,
648 3003 706 3072 καὶ
729 3007 831 3071 ἔλαθε
855 2997 976 3082 νυκτός
993 3028 1033 3090 τη
1022 3001 1152 3070 Σικε·

183 3105 240 3192 λία
264 3101 581 3192 προσορμισάμενος.
631 3105 687 3173 καί
711 3099 946 3194 προσπλεύσας
968 3097 1009 3172 06
1035 3099 1150 3192 πόρρω

182 3203 241 3271 τοῦ
265 3205 491 3292 στρατοπέδου
513 3232 573 3275 που
558 3197 735 3294 ’Ἱέρωνος
758 3201 878 3275 αυτίκα
901 3203 1071 3292 συνέμιξε,
1096 3231 1152 3274 νο·
1166 3235 1193 3280 τι
1274 3257 1276 3268 x

118 3360 121 3368 .
182 3305 286 3390 μίζων
315 3302 548 3394 φοβερώτατος
572 3303 687 3387 αὐτοῖς
711 3308 748 3377 ἐκ
770 3312 831 3377 τοῦ
848 3302 979 3394 άθρόου
1002 3302 1153 3394 φανήσε-

182 3413 275 3473 σθαι.
317 3400 630 3488 άντεπεξελθόντων
654 3402 688 3478 6'
714 3403 886 3478 αὐτῶντὸ
912 3407 976 3497 μὲν
992 3403 1153 3478 τῶνῬω-
1274 3421 1275 3430 ’
