2546 3822
401 216 472 269 LIB.
489 217 549 268 XV.
568 215 646 268 OAP.
666 215 754 266 XXII.
1001 216 1063 280 391

3 353 5 358 ⁸
92 359 151 428 καὶ
166 354 335 428 Ἰουδαϊόν
349 383 426 424 τινα
444 353 518 426 κατ’
538 353 633 424 οἰκον
650 360 929 445 παιδοτριβοῠντα
948 355 1063 426 αὐτόν.

3 517 4 520 ¹
96 460 180 530 ὅθεν
202 452 266 527 οάκ
289 449 333 545 ἦν
355 484 385 526 τι
408 455 490 544 παρ’
516 454 609 549 αάτῶ
634 454 750 546 εῶρείυ
768 454 962 546 ἀκραιφνές,
988 457 1061 527 ἀλλ’

96 555 151 649 ἦν,
184 556 229 640 ῶς
256 563 377 644 εἰπεῖν,
404 556 422 626 ὁ
446 555 629 648 ἄνθρωπος
656 566 871 647 πανσπερμία
894 561 1065 648 αἱρέσεως.

98 661 150 732 διδ
176 661 233 731 καλ
257 663 304 751 τῷ
330 659 419 752 λόγῳ
444 657 626 747 ἀπήχθετο,
650 657 697 740 ῶς
715 666 763 740 εἰς
782 657 977 749 ἀνατροπὴν
995 659 1069 730 όντι
1171 687 1174 694 ’

68 769 155 851 στῆς
178 762 377 842 κακοδοξίας
402 757 519 830 αὐτοῦ.
556 756 681 852 ἀπορία
710 759 748 830 δέ
766 767 876 845 συζῶν
895 765 931 830 έκ
947 760 1065 850 νεότη-

96 870 152 945 ’τος
172 861 395 952 ἐστρατεύετο.
428 861 508 932 ποτέ
525 869 643 932 τοίνυν
660 867 708 954 τῶ
725 862 940 953 τανματάρχη
959 881 1084 950 προσ·

98 963 211 1036 ελθῶν
228 970 310 1052 περί
331 989 392 1032 του
412 965 531 1032 ἐδέετο.
566 969 613 1056 τῷ
632 961 672 1032 δέ
689 965 788 1053 ἔτυχέ
802 991 852 1045 τις
868 960 1067 1050 Ἀθίνγανος

98 1064 283 1156 παρεστῶς,
302 1071 362 1134 καί
377 1087 459 1152 φησι
475 1063 559 1152 πρὸς
576 1063 637 1134 τόν
649 1064 840 1154 στρατηγὸν
858 1067 895 1134 έν
913 1065 1066 1153 ἀπορρή-

97 1196 165 1248 τοις
189 1164 250 1235 τόν
268 1165 369 1252 λόγον
386 1163 586 1254 ποιούμενος
612 1165 658 1244 ῶς
681 1166 874 1253 βασιλεύσει
896 1165 1067 1254 Ῥωμαίων

55 1299 86 1338 ιο
100 1262 213 1353 οὗτος,
240 1265 277 1347 ός
301 1285 363 1336 σου
389 1271 496 1336 δέεται
518 1272 595 1336 νῶν.
631 1269 689 1336 καὶ
712 1266 750 1348 δς
775 1266 896 1337 αὐτίκα
912 1273 959 1359 τῶ
977 1296 1062 1355 μαυ-
1077 1279 1102 1328 D

98 1367 236 1458 τεόματι
251 1367 394 1457 θέμενος
411 1373 589 1438 οἰκειοῦται
602 1367 663 1438 τόν
675 1367 811 1457 Μιχαὴλ
829 1370 885 1438 καὶ
903 1369 1069 1455 κηδεστὴν

99 1485 245 1540 ποιεῖται·
267 1470 322 1538 ἐπὶ
347 1475 388 1558 τη
411 1476 568 1559 θυγατρί.
604 1469 679 1560 ἀρτι
696 1471 735 1539 δέ
751 1473 792 1561 τῇ
811 1466 977 1560 αῶταρχίηι
997 1471 1067 1538 έπι-

1 1607 2 1611 ’
99 1571 311 1659 πηδήσαντος
332 1577 394 1638 τοῦ
413 1571 562 1658 Μιχαήλ,
589 1569 634 1652 ῶς
654 1571 833 1660 ἱστόρηται,
852 1569 870 1640 ὁ
891 1571 1068 1661 ίερῶτατος

100 1670 296 1761 Νικηφόρος
313 1669 492 1761 ὑπερόριος
512 1665 560 1740 ῶν
576 1673 758 1741 ἐπιστέλλει
772 1670 876 1764 αὐτῷ,
891 1670 994 1754 ἀξιῶν
1008 1669 1070 1759 τὴν

58 1804 87 1844 τε
101 1781 169 1844 τῶν
194 1771 338 1843 εἰκόνων
361 1772 520 1858 γενέσθαι
545 1770 789 1861 ἀναστήλωσιν.
832 1771 850 1842 δ
876 1773 914 1844 δὲ
936 1773 1071 1862 μήτετι

64 1949 68 1953 ,
99 1874 353 1962 καινοτομησειν
372 1879 435 1960 ἔφη
454 1874 531 1961 περὶ
549 1873 610 1961 τὴν
627 1881 740 1944 πίστιν
757 1875 838 1963 μήτε
855 1873 918 1963 τὴν
935 1881 994 1962 της
1014 1877 1030 1943 ἐ
1052 1911 1070 1922 -

18 2013 25 2024 ·
101 1983 239 2064 πλησίας
258 1973 440 2044 ἀλλοιῶσαι
454 1974 670 2062 κατάστασιν,
685 1973 770 2046 ἀλλά
788 1977 874 2065 μηδέ
887 1977 1075 2063 βιάσασθαί

100 2105 175 2147 τινα
199 2077 276 2166 περὶ
299 2082 361 2146 τοῦ
384 2083 485 2145 θείου
510 2077 656 2160 δοξάζειν
682 2075 762 2166 παρ’
789 2075 809 2146 δ
833 2077 996 2164 βούλεται,
1034 2078 1072 2144 ἐν

101 2179 211 2266 λόφοις
224 2172 257 2245 δ’
274 2184 382 2266 ἔμεινε
393 2183 509 2246 ταῦτα.
527 2175 569 2246 οὐ
578 2176 661 2266 μετὰ
674 2176 761 2246 πολι)
775 2177 840 2265 νάρ
854 2177 917 2264 τὴν
931 2176 1017 2262 γνῶ·
1031 2189 1174 2242 11111110

57 2309 89 2349 πο
102 2307 170 2370 μην
200 2281 303 2361 ἔδειξε
332 2277 395 2366 τὴν
426 2283 554 2348 οἰκείαν
583 2280 641 2347 καί
664 2277 747 2346 κατά
776 2284 845 2346 τῶν
875 2273 1071 2366 όρθοδόξυν

103 2379 260 2472 έχῶρησε,
279 2380 336 2447 καὶ
353 2377 502 2460 πολλοδς
524 2381 580 2448 καὶ
598 2379 723 2460 ἀλλους
741 2385 864 2459 δεινοῖς
883 2380 1175 2468 περιέβαλε,Ρ11136

103 2480 187 2568 πρός
204 2495 274 2561 τοῖς
292 2479 404 2560 ἀλλοις
422 2480 460 2550 δὲ
477 2480 534 2550 καί
551 2479 611 2552 τόν
627 2491 726 2552 θείου
745 2480 924 2552 Μεθόδιον
941 2479 1071 2550 καὶτὸν
1082 2462 1107 2512 A

101 2587 161 2670 τῆς
181 2582 345 2670 Σάρδεων
371 2579 652 2671 ἀρχιερατεύσαντα
675 2581 737 2654 τόν
755 2579 935 2672 Εάδόμιυν
960 2584 1073 2674 ἐξορία

102 2685 301 2774 παρέπεμψε
324 2681 380 2751 διά
395 2681 457 2770 την
474 2689 544 2752 τῶν
561 2681 668 2772 ἁγίων
697 2681 841 2754 εἰκόνων
856 2683 964 2772 τιμήν.
1001 2682 1073 2754 εἰτα

56 2814 88 2854 ει
102 2784 165 2855 τόν
188 2784 252 2872 μὲν
271 2783 448 2854 Μεδόδιον
471 2783 799 2874 καθείργνυσικατά
825 2781 887 2853 τδυ
901 2783 1070 2869 Ἀκρίταν·

102 2885 165 2956 τόν
183 2881 337 2972 ἀοίδιμον
354 2881 387 2952 δ’
408 2875 589 2973 Εὐδαίμων
614 2890 805 2977 μαρτυρικῶ
823 2893 946 2953 τελειοί
959 2884 1072 2978 δανά-

101 3015 162 3080 τρι,
181 2985 328 3075 ἀφειδῶς
352 2983 590 3075 μαστιζόμενον
613 2985 669 3055 διά
686 2990 746 3055 τοῦ
762 2989 841 3054 νίοῦ
859 2981 967 3054 αὐτοῦ
987 2994 1073 3055 Θεο-

1 3151 2 3154 ,
30 3141 34 3146 .
100 3094 217 3178 φίλου.
255 3086 370 3174 ἐζήλου
402 3085 434 3156 δ’
469 3089 506 3155 έν
535 3087 639 3156 ἅπασι
668 3085 729 3158 τδν
755 3085 993 3176 Κοπρῶνυμον
1012 3087 1074 3154 ’καλ

70 3191 73 3194 ’
101 3203 175 3270 τοῖς
195 3186 368 3268 Ἰουδαίοις
386 3189 597 3278 προσέκειτο,
621 3188 663 3257 τά
679 3215 715 3257 τε
733 3187 883 3276 σάββατα
900 3186 1074 3274 νηστεύειν

54 3321 89 3362 το
102 3290 315 3381 προσέταττε.
364 3295 406 3379 τῇ
437 3287 617 3360 ἀναστάσει
647 3317 683 3359 τε
713 3285 865 3359 ἀπιστῶν
896 3288 1075 3372 διετῶθαζε

177 3525 208 3572 13
227 3515 384 3588 ἰστόρηται]
406 3538 432 3587 p.
450 3523 509 3586 389,
528 3523 568 3572 25.
656 3503 660 3512 ⁶
