2566 3812
149 124 227 192 250
286 120 392 178 'L1B2
404 125 483 178 VIII.
498 125 693 208 'cmxva
717 127 787 178 LIB.
800 126 848 177 IX.
868 126 948 182 cAP.
960 129 983 181 I.
1043 199 1048 204 .

155 278 254 356 ’μαίοι
269 262 357 356 μόνοι
375 271 514 354 ἐλαβεν,
533 271 653 355 καίπερ
672 267 710 337 ἐν
721 261 908 358 ἀχρηματίᾳ
920 263 1026 354 ὄντες,
1044 263 1132 338 ἀστε

162 368 200 438 τὸ
217 363 389 457 ἀργυρούν
401 365 563 457 νόμισμα,
581 363 699 458 ἀμιγὲς
716 369 773 436 καί
786 363 939 458 καθαρόν
951 365 1131 458 γινόμενον

163 467 345 559 πρότερον,
363 471 477 562 χαλκῷ
493 475 679 558 προσμίξω.

135 582 152 644 1
246 577 357 640 ,Ταῦτα
382 573 419 642 ἐν
448 572 490 660 τῇ
512 565 632 662 Ἰταλίηι
659 568 733 654 τότε
761 567 929 660 ἐπράχθη·
963 577 1024 642 καί
1043 597 1130 654 τινες

164 675 279 742 δούλω
301 680 517 762 συνωμοσίαν
540 673 595 742 ἐπί
618 675 659 762 τῇ
678 669 783 760 Ῥοίμη
806 670 1023 761 πεποιηκότες
1047 699 1154 762 προ-τ

163 770 441 862 κατελήφθησαν·
475 770 683 856 κατάσκοπός
708 776 748 844 τέ
772 801 822 853 τις
851 767 955 858 ἀλούς
982 777 1020 844 ἐν
1044 769 1129 867 αύτή

162 873 221 955 τάς
244 889 356 966 χεῖρας
380 871 533 963 ἀπεκόπη
558 876 615 945 καί
641 871 788 963 ἀφείθη,
819 879 877 945 ἵνα
901 891 971 958 τοῖς
994 885 1131 966 Καρχη-

164 981 289 1059 δονίοις
313 977 449 1067 γένηται
472 980 533 1048 τού
557 974 690 1058 πάθους
713 970 924 1064 αύτάγγελος.
966 979 1003 1048 ἐν
1028 977 1066 1046 δέ
1088 981 1129 1068 τῇ

1 1142 2 1148 ,
128 1073 288 1170 θ’ίβηρία
304 1085 473 1170 ναυμαχίη
490 1075 572 1167 πρὸς
589 1083 630 1168 τῇ
647 1073 849 1168 τούἼβηρος
873 1081 993 1170 ἐκβολῇ
1011 1076 1030 1148 ὃ
1047 1091 1130 1152 Σίκι-

57 1185 257 1260 φιῑηςπίων
271 1183 440 1268 ἐνίκησεν·
461 1185 626 1261 ἰσοπαλῶς
639 1177 703 1271 γάρ
717 1175 970 1269 ἀγωνιζομένων
983 1178 1024 1250 τά
1041 1184 1130 1250 ίστία
1143 1210 1168 1250 10

162 1287 231 1351 τῶν
259 1285 348 1352 νεύν
374 1277 572 1370 ἀπετέμετο,
602 1277 693 1362 ὅπως
724 1277 927 1369 ἀπογνόντες
956 1279 1131 1372 προθυμό-

163 1410 261 1470 τερον
277 1379 518 1472 ἀγωνίσωνται.
550 1384 607 1452 καὶ
623 1381 686 1471 τήν
703 1409 739 1454 τε
756 1380 869 1474 χοίρων
887 1378 1057 1473 ἐπόρθησε
1074 1385 1130 1454 καί

163 1489 255 1572 τείχη
271 1481 379 1574 συχνά
403 1481 600 1574 ἐχειρώσατο
622 1485 680 1554 καί
703 1480 760 1556 διά
782 1487 844 1555 τού
865 1481 1018 1573 ἀδελφοῦ
1035 1494 1131 1556 Πον-

44 1661 45 1667 1
97 1577 101 1587 ⁴
164 1591 264 1654 πλίον
282 1591 474 1665 Σκιπίωνος
491 1581 603 1667 πόλεις
625 1587 694 1656 τεόν
710 1581 849 1676 Ἰβήρων
873 1583 1127 1677 προσεκτήσατο.

157 1682 294 1772 ’Ἄβελος
311 1683 374 1774 γάρ
392 1713 442 1767 τις
451 1682 564 1776 Ἴβηρ,
591 1691 702 1758 δοκοῦν
717 1686 781 1775 μὲν
797 1703 867 1770 τοίς
885 1693 1128 1778 Καρχηδονίοις
1143 1715 1167 1756 1⁵

163 1782 294 1875 πιστός,
321 1783 362 1855 τά
383 1793 451 1858 τύν
469 1789 641 1876 Ῥωμαίων
667 1789 705 1859 δὲ
726 1786 947 1880 θεραπεύων,
972 1787 1129 1860 ἀνέπεισε

72 1934 75 1940 ,
162 1885 221 1956 τὸν
243 1889 458 2011 φρουροῦντα
483 1885 563 1970 τούς
592 1893 661 1960 τύν
681 1885 822 1980 Ἰβήρων
844 1888 1005 2016 ὁμήρρνς
1015 1896 1130 1961 οίκαδε

74 2051 80 2063 ,
163 1985 288 2070 αύτούς
301 1984 506 2079 ἀποπέμψαι,
523 1987 571 2060 ἵν’
589 1987 678 2074 ἐς”
637 2019 774 2062 ευνοιαν
785 1991 868 2083 τάχα
881 1987 945 2063 ἀπ’
964 1989 1077 2064 αύτύν
1094 1997 1133 2062 αί

162 2087 274 2173 πόλεις
290 2088 483 2181 ύπαχθύσι
511 2094 568 2162 καί
584 2091 791 2184 παραλαβοάν
808 2097 909 2183 σφύς,
927 2091 985 2166 ἀτε
998 2095 1110 2164 καί
1072 2121 1129 2217 της

44 2179 274 2272 Ρςςιτέπινοί
273 2221 312 2275 ας
336 2190 509 2285 εἰσηγητής
535 2193 699 2283 γεγονός,
728 2193 811 2286 πρὸς
833 2195 911 2277 τούς
934 2191 1128 2276 Σκιπίωνάς
1141 2221 1168 2262 κο

162 2320 198 2362 τε
216 2291 379 2385 πρότερον
403 2297 535 2418 πέμφας
557 2297 613 2366 καί
637 2294 957 2420 κοινολογησάμενος
980 2285 1107 2384 περί
1081 2325 1130 2367 ων

161 2389 275 2482 ἠξίου,
295 2393 366 2466 είτα
383 2393 503 2478 νυκτός
520 2395 752 2487 ὑπεκκομίζων
769 2393 894 2480 αύτούς
908 2395 994 2468 ἐάλω
1009 2403 1127 2486 δήθεν.

162 2491 280 2564 καί”
235 2522 344 2576 ουτως
363 2498 501 2568 ἐκείνων
514 2525 551 2568 τε
570 2502 739 2590 ἐγκρατεῖς
758 2502 911 2589 ἐγένοντο
930 2498 985 2570 οί’
984 2510 1129 2589 Ρωμαῖοι

162 2596 219 2664 καί
249 2591 307 2677 τάς
337 2603 500 2689 πατρίδας
530 2595 645 2672 αύτούν
679 2596 977 2692 ἀνακομισθέντων
1012 2605 1128 2671 οἴκαδε

160 2694 412 2786 κατεκτήσαντο
1140 2728 1168 2768 τε

234 2793 289 2869 Ἐν
312 2789 441 2888 μὲν
398 2829 462 2872 ουν
483 2799 612 2884 τούτοις
637 2798 820 2928 εύτύχονν,
845 2825 1002 2896 σνμφορηι
1025 2799 1056 2873 δ’
1083 2793 1128 2872 αύ

160 2903 360 2989 περιέπεσον
377 2891 417 2992 ής
434 2899 511 2974 ούτε
528 2901 681 2995 πρόσθεν
697 2901 779 2976 οὔθ’
797 2903 940 2996 ὕστερον
957 2905 1128 2995 δεινοτέρα

159 2997 311 3124 ούδεμιά.
343 3002 555 3094 προηγήσατο
574 3005 613 3076 δέ
629 3003 755 3094 ταύτης
772 3013 830 3076 καί
845 3035 921 3077 τινα
933 3007 1053 3094 τέρατα
1071 3007 1127 3075 καί

158 3097 200 3169 τά
216 3107 274 3190 τής
292 3105 463 3196 Σιβύλλης
481 3104 632 3198 λόγια,”
610 3135 681 3196 ητις
698 3105 763 3198 πρό
776 3105 949 3178 τοσούτων
967 3104 1102 3181 ἐτύν
1066 3135 1129 3196 την

160 3265 363 3280 m*-

229 3363 296 3432 Oap.
314 3370 338 3421 1.
373 3369 472 3420 Diions
494 3369 637 3424 Historiae
659 3373 800 3425 Romanae
824 3373 890 3424 libri
912 3371 1027 3440 perditi·
1052 3372 1130 3437 frag·

161 3436 337 3501 Mutum&
350 3437 417 3487 22-
418 3439 460 3490 27.
