2562 3814
469 162 779 217 mmmm
1046 169 1106 234 m

137 302 253 382 ἔδοξεν
271 294 386 381 αὐτοῖς
403 299 448 388 μὴ
467 307 638 391 γενέσθαι,
659 300 876 391 ἐκοῦλυον,”
837 333 900 374 καν
918 299 1086 398 ἰδιώτης
1064 339 1107 397 ην

136 429 154 470 ο
165 427 275 470 ποιων
287 393 354 472 κάν
364 397 491 490 άρχων
505 399 568 473 κάν
579 431 596 472 ο
585 401 761 492 ’δῆμος
720 433 784 474 καν
797 400 935 496 ἡβουλὴ
949 409 1106 500 πράττειν

134 504 258 592 ἔμελλέ
265 529 297 572 τι
311 530 375 572 καν
382 510 600 593 ψηφίζεσθαι,
614 499 663 588 εἷς
675 509 715 576 δέ
725 535 773 587 τις
783 502 968 596 ἧναντίωτο
979 509 1105 602 δήμαρ·

135 633 205 693 ηας,
224 601 392 694 ἄπρακτος
410 601 498 676 καλ
479 633 500 694 η
513 610 630 698 πρᾶξις
645 605 731 676 καὶ*
712 637 734 696 η
748 614 862 698 ψῆφος
880 612 1016 699 ἐγίνετο
1043 637 1136 687 τουΒ

112 734 124 772 ε
138 703 260 795 χρόνον
280 706 317 776 δὲ
331 703 505 798 προϊόντος
523 707 629 778 καὶ
592 735 654 796 την
665 717 846 799 γερουσίαν
858 709 1029 802 ἀθροίζειν
1047 719 1103 786 καὶ

141 804 325 894 ζημιοῦν
290 835 351 878 τον
373 805 419 898 μη
437 811 687 899 πειθαρχοῦντα
711 813 767 882 καὶ
791 819 932 906 μαντεία
955 821 1104 906 χρῆσθαι

138 909 194 977 καὶ
214 906 358 992 δικάζειν
377 907 646 999 ἐπετράπησαν
626 939 647 998 η
667 913 856 995 ἑαυτολςπ
816 917 856 984 ἐπ
859 916 1010 1006 ἔτρεψαν.
1047 922 1103 988 καὶ

132 1005 153 1080 6
177 1006 241 1100 γάρ
266 1025 377 1082 ποιεῖν
408 1007 522 1093 αὐτοῖς
548 1007 612 1082 οῦκ
636 1015 730 1102 ἐξῆν,
762 1014 962 1106 κατώρθουν
985 1021 1084 1088 ἐκ
1044 1047 1103 1109 της

130 1109 431 1201 άνανταγωνλστον
449 1110 531 1205 πρὸς
555 1119 624 1184 πάν
647 1111 684 1184 τὸ
702 1115 929 1206 πραττόμενον
951 1113 1000 1208 ῦιγ
1006 1115 1102 1192 ’ἑτέ-

92 1242 117 1282 ιι
129 1241 205 1302 ρων
224 1211 460 1296 ἐναντιώσεως.
492 1213 603 1286 καὶ
565 1243 630 1306 γαρ
642 1214 753 1285 καὶ’
713 1245 836 1307 νομους
855 1218 1034 1308 εἰσήγαγον
1051 1221 1097 1293 ια’

125 1313 224 1397 ὅστις
243 1311 356 1397 αῦτολς
375 1313 500 1410 ἔργῳ
480 1346 501 1404 η
520 1314 618 1439 λόγῳ
627 1317 860 1441 προσκρούσῃ,
884 1313 949 1390 κάν
967 1319 1101 1449 ἰδιάτηρ

129 1427 185 1505 εἴη
201 1413 269 1487 κάν
286 1414 416 1508 άρχων,
441 1416 528 1508 ιερός
545 1446 581 1489 τε
598 1447 620 1508 η
605 1409 757 1488 'naz‘
712 1447 758 1514 τρι
777 1416 851 1508 άγει
870 1423 1028 1510 ἐνέχηται
1063 1425 1100 1494 w*

129 1519 169 1589 δὲ
188 1517 282 1609 ἱερὸν
306 1518 393 1588 εἶναι
415 1512 666 1590 ἀπολωλέναι
647 1539 705 1609 ην
732 1517 822 1592 οῦτω
846 1521 909 1613 γάρ
933 1527 1001 1594 πᾶν
1017 1522 1100 1617 ὅπερ

128 1617 174 1691 ἂν
192 1617 306 1710 ὥσπερ
324 1649 355 1690 τι
368 1624 463 1712 θῦμα
476 1628 523 1704 εἰς
541 1619 677 1710 σφαγὴν
688 1621 897 1715 καθιερώθη,
916 1623 1133 1716 ὠνόμασταί)

23 1733 28 1744 '
89 1749 116 1790 ιε
130 1724 190 1792 καλ
215 1719 339 1804 αὐτοῦς
370 1723 408 1792 δὲ
430 1720 509 1804 τοῦς
538 1721 727 1814 δημάρχους
756 1723 793 1796 τδ
816 1730 946 1814 πλῆθος
976 1749 1099 1820 σακρο-

130 1821 297 1912 σάγκτονς
329 1819 572 1913 άυόμασαν,ο
555 1821 627 1895 οἷον
650 1825 786 1950 τείχη”
764 1855 843 1916 αγια
871 1834 918 1911 εἰς
942 1829 1099 1920 φρουράν

128 1929 200 1996 τοῦν
225 1928 313 2014 σιγάς
339 1927 611 2016 ἐπικαλουμένων
634 1926 868 2016 τυγχάνοντας.
904 1930 1012 2021 σάκρα
1034 1931 1098 2018 γάρ

129 2024 230 2116 παρά
235 2023 404 2116 Ρωμαίοις
421 2026 462 2097 τά
479 2034 570 2117 τείχη
587 2029 644 2096 καὶ
661 2026 788 2116 σάγκτα
805 2027 845 2099 τά
864 2025 952 2117 άγια.
990 2037 1099 2119 ἔδρων

127 2117 195 2198 οῦν
211 2126 358 2198 πολλά”
336 2148 458 2199 ατοπα
483 2126 595 2200 καὶ
556 2157 621 2219 γαρ
638 2127 738 2197 καὶ“
718 2127 867 2212 υπάτους
891 2136 1082 2218 ἔβαλλονλ
1052 2158 1098 2212 ες

86 2257 114 2300 νο
128 2227 167 2300 τὸ
186 2227 423 2321 δεσμωτήριον
451 2233 507 2301 καὶ
538 2226 729 2302 ἐθανάτουν
757 2229 850 2314 τινάς
881 2230 967 2319 μηδὲ
998 2228 1099 2318 λόγον

126 2330 368 2422 τυγχάνοντας.
405 2333 461 2402 καὶ
479 2331 591 2414 οὐδεὶς
605 2329 718 2414 αῦτολς
737 2335 985 2421 ἐναντιωθηναι
1003 2331 1098 2403 ἐτόλ-

126 2452 191 2521 μα’
217 2439 249 2502 εί
266 2433 304 2502 δὲ
320 2431 385 2523 μή,
407 2435 464 2504 καὶ
481 2429 580 2516 αὐτὸς
599 2433 687 2525 λερδς
705 2437 840 2523 ἐγίνετο.
878 2441 910 2506 εἰ
924 2436 1035 2524 μέντοι
1052 2465 1098 2506 τι·

126 2535 186 2616 νὲς
203 2531 250 2624 μη
268 2534 358 2624 παρά
380 2533 516 2606 πάντων
538 2539 606 2606 τῶν
632 2533 811 2626 δημάρχων
833 2534 1096 2626 κατεδικάζοντο,

125 2633 209 2717 τοῦς
227 2633 272 2724 μη
290 2633 609 2727 ὁμογνωμονοῦντας
634 2639 856 2710 ἐπεκαλοῦντο
882 2644 928 2720 εἰς
946 2637 1095 2730 ἀρωγήν,
1106 2659 1130 2707 D

86 2739 186 2808 υκαλ
205 2737 310 2820 οῦτως
330 2745 377 2820 εἰς
396 2743 495 2828 δίκην
517 2745 721 2810 καθίσταντο
745 2734 766 2828 ἢ
783 2738 863 2830 παρ’
883 2737 996 2821 αῦτοῖς
1015 2743 1097 2811 ἐκεί-

126 2867 201 2922 νοις
219 2831 242 2927 ἦ
259 2838 350 2929 παρά
373 2861 439 2910 τισι
463 2847 635 2923 δικασταῖς
660 2837 756 2931 ἢκαλ
779 2840 869 2932 παρὰ
891 2845 938 2934 τςῦ
961 2839 1097 2930 πλήθει,

127 2943 186 3010 καὶ
209 2947 269 3028 τῆς
292 2939 437 3031 νικάσης
467 2945 624 3030 ἐγίνοντο.
667 2949 715 3023 εἰς
745 2945 826 3014 δέκα
857 2941 896 3011 δὲ
923 2937 1098 3030 προιόντος

126 3049 190 3114 τοῦ
208 3041 332 3132 χρόνον
350 3048 386 3113 ολ
401 3041 564 3135 δήμαρχοι
581 3045 802 3134 κατέστησαν·
827 3038 912 3116 ὅθεν
930 3039 1043 3124 αὐτοῖς
1060 3040 1098 3114 τῦ

126 3142 218 3214 πολῦ
247 3147 307 3233 τῆς
332 3142 446 3235 λοχῦος
476 3148 707 3236 κατεβέβλητο.
750 3145 852 3234 φύσει
880 3142 945 3235 γάρ
973 3139 1097 3236 ὥσπερ,

87 3243 253 3340 ωφθάνῳ
280 3247 318 3316 δὲ
342 3250 487 3337 μάλλον,
510 3245 665 3337 ἀλλήλους
689 3251 725 3318 ολ
744 3243 966 3338 συνάρχοντες
985 3249 1098 3336 διαφέ-

3 3361 4 3364 ’
127 3367 260 3440 ρονται·
292 3351 348 3418 καὶ
378 3348 525 3438 χαλεπὸν
547 3349 690 3430 πολλοῦς
722 3352 759 3420 ἐν
784 3346 926 3440 δυνάμει
956 3345 1099 3437 μάλιστα

125 3449 229 3532 ὄντας
254 3454 498 3542 συμφρονῆσαι.
540 3449 608 3542 ἅμα
631 3452 668 3522 δὲ
692 3454 749 3522 καὶ
772 3456 807 3523 oc
827 3447 921 3522 άλλοι
951 3449 1098 3518 διασπᾶν

902 3560 921 3620 9
928 3562 946 3598 ’k
