2580 3816
209 211 273 276 m
452 209 906 266 mmmmfflh

209 347 302 446 αύτῷ
327 350 522 421 ἀποδέδωκε
545 351 601 418 καῖ
625 348 685 419 τόν
711 349 917 441 πατριάρχην
934 347 1178 439 τήςἹερονσα-
1285 371 1286 378 “

174 452 276 543 Βλήμ
296 459 478 545 Ζαχαρίαν.
515 453 571 520 καὶ
595 449 612 522 ὁ
637 449 797 538 βασιλεύς
821 443 922 532 αὖθις
946 449 1074 532 πάντας
1101 450 1185 532 τούς

207 554 298 643 παρά
307 552 478 645 Ῥωμαίων
491 553 733 642 κατεχομένους
741 553 875 644 Πέρσας
889 546 1054 624 ἀπελθεῖν
1068 550 1177 641 ἀφῆκε
1284 601 1286 606 ·

208 657 293 747 πρὸς
310 655 391 738 τούς
409 661 566 736 οἰκείους.
592 659 699 724 ταῦτα
714 657 751 724 έν
764 655 797 736 ἓξ
812 660 921 724 ἔτεσιν
933 651 1065 735 ἀνύσας
1074 651 1177 744 Ἡρό-

208 768 327 846 κλειος,
355 759 412 827 καὶ
436 754 712 844 ἀποκαταστήσας
729 761 772 846 τή
793 753 1012 845 Ἰερουσαλήμ
1029 753 1071 825 τά
1088 762 1201 844 τίμιαί»

209 857 295 944 ξύλα
312 861 370 928 καὶ
387 858 448 928 τόν
465 857 672 948 πατριάρχηυ
686 854 803 944 αὐτόν,
817 863 865 950 τῳ
881 856 1013 950 ἑβδόμῳ
1032 859 1174 947 ἐπανήλ-

207 971 272 1032 θεν
290 967 339 1042 είς
355 959 397 1031 τό
414 967 587 1048 βασίλεια,
611 956 684 1048 μετ’
711 956 878 1048 εὐφημίας
895 959 953 1026 καὶ
970 957 1101 1050 κρότων
1118 964 1173 1028 δε·
1285 1047 1286 1054 χ

207 1063 303 1152 χθελς
327 1063 384 1130 καὶ
408 1061 640 1152 λαμπρότητος
666 1059 756 1152 παρά
780 1088 817 1130 τε
840 1065 899 1149 τής
923 1067 1100 1151 γερουσίας
1117 1062 1174 1129 καὶ

206 1169 268 1234 τοῦ
286 1163 440 1251 πλήθους
458 1168 516 1253 τής
535 1163 673 1244 πόλεως.
1285 1155 1286 1160 “

155 1274 194 1338 17
283 1264 461 1359 Γενομένῳ
493 1265 531 1334 δὲ
561 1270 609 1357 τῷ
638 1271 773 1352 βασιλεῖ
790 1261 977 1358 Ἡρακλείῳ
1008 1262 1092 1333 κατά
1115 1262 1178 1352 τήν
1191 1285 1216 1324 10

206 1364 425 1456 Ἰερουσαλήμ
441 1365 462 1436 ὁ
480 1371 549 1435 τοῖν
563 1364 762 1454 Ἰακωβιτῶν
774 1365 955 1447 καθολικδς
968 1362 1179 1455 προσελήλυ-

209 1478 286 1558 θεν,
306 1465 347 1538 ὃν
366 1471 487 1538 ἐκεῖνοι
504 1467 713 1558 πατριάρχην
731 1464 912 1556 ὠνόμαζον.
936 1467 1044 1560 τούτῳ
1062 1474 1181 1537 τοίνυν

210 1567 229 1640 ό
249 1567 409 1656 βασιλεύς
428 1575 540 1638 αἰτίαν
558 1574 762 1660 προσήπτεν,
782 1563 833 1640 ὅτι
849 1566 914 1656 τήν
931 1571 969 1637 ἐν
986 1566 1181 1656 Χαλκηδόνι

174 1672 255 1760 Ομή
275 1671 403 1760 δέχοιτο
428 1669 577 1740 σύνοδον
601 1669 686 1759 μηδὲ
711 1669 775 1739 δύο
793 1669 912 1758 φύσεις
930 1671 967 1738 έν
985 1674 1121 1762 Χριστῷ
1138 1668 1180 1756 ή-

207 1773 362 1860 νωμένας
386 1769 554 1860 ὁμολογεῖ,
579 1775 686 1858 λέγων
705 1769 749 1851 ὥς
768 1781 803 1841 εῖ
818 1797 857 1858 γε
874 1767 937 1858 τήν
954 1771 1103 1841 σύνοδον
1120 1773 1179 1840 δέ·
1193 1785 1218 1828 ¹⁵

107 1879 219 1931 W11170
227 1875 314 1959 ξοιτο
337 1873 394 1941 καὶ
418 1871 482 1942 δύο
508 1871 627 1960 φύσεις
645 1870 859 1960 ἀσυγχύτους
878 1872 934 1940 ἐπὶ
950 1877 1013 1942 τού
1019 1865 1178 1962 σωτῆρος

209 1979 357 2059 Χριστού
381 1970 599 2062 ὁμολογήσει,
625 1971 791 2064 ὁμόδοξον
813 1970 920 2042 αύτὸν
942 1969 1094 2062 ήγήσοιτο
1116 1971 1173 2039 καὶ

207 2079 267 2164 τής
282 2069 479 2164 Ἀντιοχέων
498 2077 673 2164 ἐκκλησίας
690 2074 898 2165 πατριάρχην
915 2081 1124 2162 προβαλοῖτο.
1156 2069 1175 2140 ό

208 2177 247 2247 δὲ
265 2175 373 2258 δεινός
389 2175 438 2246 τόν
451 2178 508 2246 καὶ
521 2183 684 2268 πονηρίας
701 2175 832 2266 μεστός,
852 2180 909 2244 ἵνα
926 2173 972 2264 μή
990 2172 1177 2263 ἀτευκτήση

207 2285 266 2367 τής
284 2284 455 2368 βασιλικῆς
469 2278 695 2368 ὑποσχέσεως,
709 2275 771 2366 τήν
784 2303 820 2346 τε
834 2275 982 2346 σύνοδον
995 2274 1177 2365 ύποκεκρι-
1192 2293 1219 2332 2⁰

207 2382 316 2469 μένως
342 2381 474 2463 ἐδέξατο
497 2381 554 2449 καὶ
577 2381 642 2450 δύο
664 2379 785 2468 φύσεις
810 2377 865 2448 ἐπὶ
890 2383 1040 2466 Χριστοῦ
1067 2377 1180 2464 λέγειν

207 2479 382 2569 ήνωμένας
407 2483 574 2550 κατέθετο.
611 2482 689 2571 περὶ
707 2481 749 2550 δέ
762 2506 801 2567 γε
818 2485 888 2552 τῶν
903 2478 1105 2567 θελημάτων
1122 2478 1180 2546 καὶ

206 2587 277 2650 τῶν
304 2583 483 2669 ἐνεργειῶν
508 2581 740 2669 έπυνθάνετο,
765 2587 798 2650 εί
820 2578 914 2650 διττά
936 2585 1044 2650 ταῦτα
1070 2580 1180 2666 λέγειν

172 2708 198 2758 1)
211 2679 322 2772 χρεων
346 2677 368 2770 ή
394 2681 501 2752 ἑνιαῖά
527 2710 562 2752 τε
586 2683 643 2752 καὶ
665 2681 846 2772 μοναδικός
870 2675 942 2752 ὁδ’
961 2679 1180 2771 αύτοκρύτωρ

3 2851 4 2856 ,
207 2783 330 2872 γράῳει
360 2785 438 2875 περὶ
468 2783 589 2854 τούτου
620 2783 662 2872 δή
697 2778 758 2854 τού
789 2782 970 2872 ζητήματος
1001 2781 1089 2872 πρός
1119 2778 1181 2849 τόν
1195 2797 1223 2837 ²⁵
1285 2781 1286 2794 ²

99 2969 106 2975 .
205 2885 600 2966 Κωνσταντινονπόλεως
627 2887 783 2975 Σέργιον.
831 2882 985 2964 κάκεῖνος
1010 2882 1112 2952 πόλαι
1134 2879 1180 2950 τὰ

2 2991 4 3001 ’
206 2992 265 3074 τής
285 2991 541 3076 Μονοθελητοῐν
557 2985 767 3078 ’πρεσβεύων
785 2987 956 3074 αἱρέσεως,
973 2991 1055 3072 μίαν
1073 3002 1183 3072 φυσι-

206 3087 271 3174 κήν
296 3090 437 3177 θέλησιν
469 3090 525 3158 καὶ
556 3095 638 3177 μίαν
670 3089 840 3177 ἐνέργειαν
865 3091 939 3156 δεῖν
970 3091 1184 3174 δογματίζειν
1285 3173 1286 3176 ¹

208 3189 263 3257 ἐπὶ
288 3195 436 3280 Χριστοῦ
459 3195 508 3283 τῳ
530 3197 666 3277 βασιλεῖ
693 3186 959 3258 ἀνταπέστειλεν.
1004 3184 1088 3256 ἀλλά
1119 3187 1185 3254 καὶ

205 3293 325 3376 Κύρου
350 3290 517 3380 ἐρωτήσας
541 3289 602 3360 τόν
629 3289 775 3371 Φάσιδος
799 3294 845 3383 τῷ
875 3294 1008 3382 Σεργίῳ
1033 3286 1187 3374 εὕρηκεν
1202 3310 1233 3352 εο

206 3381 439 3478 ὁμογντόμονα.
473 3391 604 3472 τούτοις
630 3391 687 3460 καὶ
712 3388 815 3471 αύτδς
838 3385 1009 3480 ἀπαχθεὶς
1032 3386 1051 3458 δ
1072 3385 1184 3475 Ἡρό-

206 3491 313 3564 maog
342 3495 401 3575 τῆς
432 3490 531 3578 δόξης
561 3497 689 3578 γίνεται
718 3491 859 3582 ταύτης,
891 3492 949 3560 καὶ
980 3485 1189 3580 ἀνατροπὴν
