2562 3814
389 165 537 217 τιανα.
557 163 823 220 cAP.xv1.xv11.
884 163 887 169 ·
1029 168 1089 234 135

117 319 186 388 τοϊς
204 309 369 394 πολίταις,
394 319 463 386 τοϊς
481 310 610 394 φίλοις,
635 321 703 386 τοῖς
728 311 845 395 έεροῑς,
872 321 942 388 τοϊς
959 305 1088 398 τάφοις,

118 409 203 498 μηδὲ
216 403 479 497 έκπολιορκήσης
496 403 558 494 τήν
570 412 726 496 πατρίδα,
746 409 783 477 έν
796 397 819 498 ᾗ
833 405 1018 498 ἐγεννήθης
1032 411 1089 481 καὶ

119 506 266 600 έτράφης
283 509 341 578 καὶ
359 507 395 577 τδ
413 510 498 597 μέγα
510 505 722 598 τοῦτοὸνομα
734 514 942 599 Κοριολάνος
961 513 1087 598 ἐγένου.

118 610 164 701 μή
184 638 225 700 με
243 607 417 700 ἄπρακτον
440 604 657 701 άποπέμνης,
681 616 739 681 ἵνα
761 610 880 700 μήκαὶ
904 610 1029 701 νεκράν
1046 642 1089 702 με

91 708 314 806 εαύτοχειρίηι
330 707 475 802 θεάση.”
508 713 563 781 ἐπὶ
580 709 708 794 τούτοις
726 708 923 800 άνέκλαυσε,
941 716 996 785 καὶ
1009 715 1087 796 τοδς

123 810 271 902 μαστοὺς
290 815 493 902 προδείξασα
515 817 574 901 τής
591 841 628 882 τε
645 813 785 903 γαστρὸς
804 811 960 903 ἁψαμένη
977 811 1191 905 “αῧτηΡ1344

122 937 162 984 σε
178 909 313 984 έτεκεν”
333 919 398 1003 ἔφη
411 911 564 1003 “τέκνον,
583 905 679 984 οὗτοί
694 935 733 984 σε
747 913 961 1005 ἑξέθρεψαν;”
992 914 1088 1004 ἡμὲν

119 1014 195 1088 είπε
211 1019 329 1104 ταῦτα,
348 1010 369 1103 ή
389 1015 427 1086 δέ
444 1014 569 1105 γαμετή
589 1012 694 1084 αὐτοῦ
709 1018 767 1086 καὶ
785 1013 825 1086 τά
842 1013 961 1088 παιδία
979 1020 1035 1087 καὶ
1053 1025 1091 1088 αι’

115 1114 216 1187 άλλαι
245 1131 405 1206 γυναῖκες
435 1115 715 1206 σννεθρήνησαν,
746 1113 830 1188 ὥστε
860 1116 1016 1190 κάκείνου
1041 1127 1088 1200 είς

77 1249 103 1288 10
115 1221 246 1299 πένθος
263 1223 407 1307 κινήσαι.
443 1215 537 1306 μόλις
557 1215 588 1288 δ’
606 1215 798 1306 ἀνενεγκών
815 1222 1007 1308 περιέπλεξε
1024 1219 1087 1307 τήν

115 1323 265 1410 μητέρα,
287 1321 344 1390 καὶ
361 1326 471 1409 φιλῶν
488 1317 556 1409 άμα
569 1315 667 1389 “ms’'
694 1327 759 1408 έφη
772 1313 910 1411 “μήτερ,
927 1326 1091 1410 πείθομαί

115 1440 185 1491 σοι·
212 1417 258 1490 σύ
281 1418 345 1512 γάρ
367 1449 409 1510 με
432 1427 535 1513 νικᾷς.
573 1423 630 1490 καὶ
655 1421 709 1491 σοὶ
733 1419 855 1500 πάντες
878 1419 1005 1510 ταύτην
1027 1419 1088 1509 τήν

114 1521 217 1612 χάριν
236 1524 417 1612 ἐχέτωσαν
437 1519 502 1610 ἐγώ
519 1521 585 1614 γάρ
599 1517 679 1593 οὐδὲ
697 1527 786 1594 ίδεϊν
798 1518 920 1604 αὐτοὺς
931 1520 1087 1612 ὑπομένω

115 1633 152 1694 οἳ
166 1630 354 1712 τηλικαῦτα
377 1621 456 1712 παρ’
480 1627 561 1712 ἐμοῦ
581 1619 854 1715 εὐεργετηθέντες
877 1622 1014 1694 τοιαῦτά
1030 1654 1087 1714 μοι

66 1753 92 1794 ιε
114 1724 374 1813 άνταπέδωκαν,
393 1719 469 1796 οὐδ’
489 1723 650 1814 ἀφίξομαι
668 1733 714 1808 είς
731 1726 794 1814 τήν
811 1724 924 1796 πόλιν·
944 1723 1027 1797 ἀλλά
1043 1724 1086 1796 σύ

114 1827 184 1917 μὲν
201 1821 276 1896 ἄντ’
297 1829 379 1915 έμοδ
394 1825 458 1916 τὴν
474 1832 624 1918 πατρίδα,
638 1833 702 1916 ἔχε,
720 1824 770 1897 ὅτι
787 1831 885 1898 τοῦτο
905 1824 1086 1916 ἠθέλησας,

116 1925 185 2017 έγοδ
210 1928 249 1997 δὲ
277 1923 587 2017 άπαλλαγήσομαι.”
629 1932 735 1998 ταῦτα
766 1927 870 1999 εἰπάν
900 1926 1084 2017 ἀπανέστη·

116 2031 176 2100 καὶ
199 2026 283 2098 οὐδὲ
306 2027 369 2116 τήν
392 2026 542 2100 κάθοδον
565 2031 780 2117 κατεδέξατο,
808 2026 1026 2118 ἀναχωρήσας
1049 2030 1087 2098 δέ

117 2136 168 2212 είς
186 2127 266 2212 τούς
287 2127 522 2212 Οὐολούσκους
541 2133 612 2201 ἐκεῖ
626 2128 774 2220 γηράσας
792 2128 990 2216 ἀπήλλαξεν.
1098 2149 1120 2197 Β

74 2259 103 2300 το
200 2235 247 2303 Os
263 2232 300 2301 δέ
318 2229 482 2322 δήμαρχοι
499 2230 612 2322 χάραν
630 2234 667 2300 έκ
679 2236 847 2319 πολεμίων
864 2240 1084 2319 προσκτηθεῖ-
1102 2237 1140 2300 17

116 2356 184 2404 σαν
210 2329 383 2422 Ῥωμαίοις
413 2331 566 2424 άπήτονν
596 2337 842 2422 διανεμηθῆναι
872 2333 918 2424 τῷ
948 2329 1087 2418 πλήθει·

115 2431 205 2506 ὅθεν
222 2431 306 2524 πρός
324 2431 481 2522 άλλήλαν
497 2462 534 2504 τε
552 2437 608 2504 καὶ
621 2431 704 2525 πρὸς
718 2438 786 2504 τῶν
799 2439 968 2521 πολεμίων
981 2431 1088 2504 πολλὰ

118 2532 354 2624 ἐκακώθησαν.
386 2541 423 2606 οί
437 2534 501 2625 γάρ
518 2537 656 2606 δυνατοὶ
674 2532 719 2624 μή
737 2531 845 2616 άλλως
862 2537 1014 2624 κατέχειν
1026 2531 1087 2604 αδ·

116 2635 200 2717 τούς
229 2634 430 2726 δυνάμενοι,
461 2639 625 2727 πολέμους
652 2641 689 2706 έκ
718 2638 871 2726 πολέμιον
898 2638 1087 2725 ἐξεπίτηδες

79 2765 105 2806 τε
119 2742 272 2825 ἐκίνουν,
290 2733 337 2808 λα’
356 2736 470 2820 αὐτοϊς
487 2736 725 2827 ἀσχολούμενοι
742 2739 848 2827 μηδὲν
860 2739 937 2827 περὶ
955 2743 1013 2827 τής
1026 2741 1087 2825 γής

117 2843 436 2930 πολυπραγμονῶσι.
473 2838 582 2933 χρόνῳ
603 2841 642 2909 δέ
657 2867 735 2910 ποτε
752 2836 1022 2926 ὑποτοπήσαντές
1039 2867 1086 2906 τι-

118 2968 178 3022 νες
195 2937 233 3010 τδ
250 2939 495 3032 πραττόμενον,
520 2937 583 3012 οὐκ
600 2950 681 3011 είων
704 2943 761 3010 καὶ
778 2937 878 3029 άμφω
900 2935 981 3017 τοδς
1000 2931 1087 3006 δπά·

117 3069 198 3122 τους
215 3035 238 3130 ἦ
255 3034 460 3132 στρατηγοδς
476 3037 543 3112 δπδ
556 3045 625 3112 τῶν
637 3045 792 3113 δυνατῶν
805 3037 1087 3128 ἀποδείκνυσθαι,

117 3137 194 3212 ἀλλ’
213 3140 341 3230 ἤθελον
364 3145 420 3214 καὶ
444 3141 540 3214 αὐτοὶ
562 3141 620 3214 τόν
643 3145 758 3233 ἕτερον
782 3144 908 3212 ἐκτῶν
933 3138 1087 3228 εὐπατρι-

78 3272 105 3312 οο
120 3248 194 3316 δεῖν
210 3249 393 3334 αἱρεῖσθαι.
435 3242 479 3336 ὡς
504 3244 541 3314 δέ
558 3251 658 3315 τοῦτο
674 3241 950 3335 κατειργάσαντο,
976 3251 1120 3335 πρωί-0

119 3479 153 3530 19
190 3407 313 3529 (ἑξμέῗ.
335 3409 433 3462 Dionis
448 3409 592 3460 Historiae
611 3410 751 3461 Romanae
770 3408 834 3459 libri
851 3409 966 3476 perditi:
987 3408 1087 3472 fragm.

157 3501 193 3514 '¹'
238 3513 245 3540 η
277 3513 284 3528 ι
