2558 3820
154 113 217 180 m
492 113 795 168 mssffln

155 252 234 338 τούς
252 253 432 344 Ῥωμαίους
455 261 677 346 μεθίσταντο,
700 252 787 324 ὥστε
811 257 849 324 ἐκ
871 251 1001 326 τούτων
1023 249 1129 344 ἀναμ-

156 360 327 446 κασθήναι
349 355 409 426 τὸν
428 351 599 446 Ἀντίοχον
620 354 684 444 τήν
705 353 879 446 Εὐρώπην
899 385 936 426 τε
959 361 1129 438 παντελῶς

159 463 307 529 ἐκλιπεῖν
324 461 381 529 καλ
398 457 458 528 τὸν
481 455 559 528 υίόν
575 459 747 529 Σέλευκον
764 454 830 528 ἀπὸ
846 461 904 546 τής
921 467 1130 549 Λυσιμαχίας

157 558 355 649 ἀπαγαγεῖν.
404 556 445 630 όν
471 557 703 631 ἐπανελθόντα
727 559 793 630 σὺν
817 557 961 650 δυνάμει
990 563 1045 630 ἐπὶ
1069 557 1131 650 τήν

157 664 339 752 Πέργαμον
363 669 521 752 ἐπεμψεν.
566 660 610 742 ὥς
638 662 675 732 δέ
699 659 950 753 προσεδρεόσας
972 669 1013 753 τή
1035 659 1156 733 πόλειε

158 759 263 834 οὐδέν
287 765 445 854 ἐπέρανε,
473 765 529 833 καλ
554 768 588 833 οἱ
610 771 798 858 Σχαπίωνες
823 767 993 852 ἐπῆλθον,
1024 759 1131 845 εὐθὺς

159 862 274 948 αὐτοῖς
294 863 603 957 ἐπεκηρυκεύσατο,
626 863 860 954 προσδοκήσας
875 864 1055 950 τεύξεσθαι
1071 870 1129 954 τῆς

160 965 313 1057 εἰρήνης,
332 965 385 1037 ότι
398 958 458 1038 τόν
472 963 676 1056 Ἀφρικανοῦ
692 965 771 1038 υίόυ
785 965 966 1056 σνλλαβιόυ
980 970 1017 1038 έν
1029 979 1130 1056 θερα-

158 1076 236 1160 πεία
262 1069 331 1159 εἶχε
355 1073 478 1158 πολλή
512 1071 568 1138 καλ
592 1071 703 1157 τέλος,
733 1076 853 1160 καίπερ
880 1073 949 1140 τῶν
973 1073 1131 1140 σπονδῶν

158 1168 334 1260 ἁμαρτόν,
358 1167 442 1241 ἀνευ
461 1167 594 1261 λύτρων
616 1166 748 1260 ἀφῆκεν
765 1166 880 1242 αὐτόν.
915 1167 977 1241 οάκ
1000 1173 1131 1261 ἐγένετο
1145 1200 1171 1240 ιο

55 1265 199 1346 ΡΙλοὲδλ
221 1268 243 1361 ή
268 1268 401 1364 είρήνη,
427 1275 488 1343 τοῦ
508 1268 678 1361 Ἀντιόχου
701 1268 723 1341 ἀ
746 1278 782 1344 οί
804 1271 957 1364 Ῥωμαῖοι
979 1271 1132 1364 ἀπῄτουν

159 1372 204 1464 μή
222 1375 437 1464 συνθεμένου
454 1379 598 1462 ποιήσαι.

243 1477 332 1558 Τέως
349 1476 462 1565 μέντοι
482 1477 537 1544 ἐπὶ
557 1472 644 1546 αολά
662 1473 858 1566 ήσόχασαν,
883 1475 955 1546 εἶτα
978 1478 1035 1546 καλ
1054 1477 1133 1548 ἐπο-

161 1580 320 1668 λέμησαν.
356 1571 433 1646 ὁδὶ
451 1571 545 1665 ἀμόν
569 1574 677 1659 οὕτως
698 1579 838 1666 ἐγένετο.
875 1585 990 1668 πρῶτα
1011 1575 1052 1648 τά
1074 1574 1132 1669 ἀρ·
1274 1643 1276 1668 ‚

52 1751 55 1756 ,
161 1708 266 1770 ματα,
296 1677 367 1748 εἶτα
391 1673 470 1762 τοάς
504 1679 687 1768 ἐλέφαντας
712 1677 916 1769 ὁἈντίοχος
941 1683 1052 1768 ἔταξε,
1076 1683 1133 1750 καὶ
1146 1707 1173 1746 τε

161 1777 243 1872 μετά
261 1785 368 1849 ταῦτα
384 1779 466 1861 τούς
484 1777 717 1871 σφενδονήτας
734 1783 791 1851 καλ
807 1779 886 1862 τούς
904 1779 1046 1867 τοξότας.
1071 1778 1134 1870 τήν
1275 1779 1276 1784 ¹

161 1883 223 1972 μλν
256 1870 320 1952 οὖν
356 1879 522 1974 ἐκδρομήν
554 1887 622 1952 τῶν
652 1880 814 1972 ἁρμάτων
843 1881 1135 1975 προεκδραμόντες

162 1989 197 2054 οί
215 1978 367 2073 Ῥωμαῖοι
384 1985 441 2054 καλ
458 1982 540 2073 μετά
558 1988 707 2072 κραυγῆς
732 1993 830 2074 σφίσι
852 1988 975 2074 πολλῆς
999 1983 1135 2074 ἀντιμέ-

162 2111 266 2156 τωποι
283 2082 529 2175 προσπεσόντες
544 2080 725 2174 ἀνέκοψαν,
744 2085 829 2157 ὥστε
841 2085 882 2158 τά
896 2084 1003 2157 πολλὰ
1021 2085 1135 2158 αὐτόν
1274 2153 1276 2184 j

163 2191 196 2270 ἐς
213 2186 291 2270 τούς
311 2189 493 2278 ἐλέφαντας
510 2184 702 2276 τραπόμευα
716 2184 819 2259 πόλιν
836 2188 873 2259 τὸ
891 2195 1017 2260 οίκετον
1034 2209 1133 2260 συνε-
1145 2213 1174 2254 εο
1274 2195 1276 2236 ³

162 2287 326 2380 τάραξαν,
347 2285 447 2360 αὐτοί
460 2317 495 2359 τε
507 2287 572 2378 χάρ
591 2291 783 2360 ἐπλανῶντο
801 2292 857 2360 καλ
871 2283 949 2373 τούς
968 2293 1134 2380 ἐπιτεταγ-
1275 2287 1276 2310 ³

163 2393 285 2481 μένους
316 2394 435 2480 σφίσιν
459 2387 705 2480 ἐκφοβήσαντες
737 2395 974 2481 διεσκέδασαν,
1004 2393 1066 2481 τήν
1097 2395 1135 2462 δέ

132 2494 296 2574 Βτοξείαν
314 2494 370 2562 καλ
388 2490 451 2581 τήν
469 2489 701 2582 σφενδόνησιν
718 2490 842 2586 ὄμβρος
860 2491 964 2576 πολός
984 2491 1135 2582 ἐπιμενό-

164 2621 263 2682 μενος
281 2587 412 2682 ἀσθενῆ
431 2597 603 2682 ἐποίησεν·
634 2591 753 2685 ὁμίχλη
777 2625 813 2666 τε
837 2601 975 2685 πλείστη
993 2598 1050 2666 καλ
1075 2603 1136 2683 βα-

62 2711 130 2764 w11
138 2715 185 2764 105
193 2706 272 2764 θεία
296 2699 454 2785 συμβᾶσα
471 2693 548 2778 τούς
566 2695 627 2786 μὲν
646 2695 826 2788 Ῥωμαίους
850 2693 907 2768 ἀτε
931 2703 1136 2787 κρατοῦντας
1149 2723 1177 2764 νο

163 2799 220 2866 καλ
233 2793 427 2888 ἀμ’χεμάχως
443 2799 479 2867 ἐκ
492 2797 817 2890 χειρδςμαχομένους
831 2794 934 2870 οόδλυ
949 2797 1134 2887 ἐνεπόδισε,

163 2893 240 2981 τοός
266 2898 298 2969 δ’
327 2902 518 2990 ἐναντίους,
543 2894 597 2968 οἷα
621 2904 877 2991 πεφοβημένους
903 2907 995 2995 λππφ
1019 2929 1055 2970 τε
1079 2903 1135 2972 καὶ

163 3003 273 3093 τοξείᾳ
297 3000 334 3071 τὸ
354 3010 512 3094 πλεῖστον
534 3002 743 3092 χρωμένους,
763 3001 834 3092 ,τήν
857 3032 893 3074 τε
918 3002 1063 3095 πρόοψιυ
1087 3009 1135 3084 εἰς

166 3098 205 3169 τά
230 3099 418 3190 τοξεύματα
442 3100 615 3192 ἀφείλετο,
641 3105 696 3174 καλ
721 3107 797 3197 περὶ
821 3100 986 3196 ἀλλήλους
1020 3102 1070 3192 ὡς,
1099 3107 1136 3174 ἐν

166 3197 274 3293 σκότφ
293 3206 534 3292 πλανωμένους
553 3210 707 3295 ἔσφηλεν.
744 3204 832 3296 ὅμως
857 3205 889 3278 δ’
916 3197 978 3279 οὖν
997 3218 1136 3296 ίσχυσεν
1150 3236 1178 3278 ao

172 3355 369 3368 .----..-..

235 3431 251 3480 8
271 3429 351 3482 Cous.
368 3434 465 3486 Dionis
484 3436 518 3520 frt
536 3437 578 3500 62,
598 3440 622 3492 ⁸2.
