<?xml version="1.0" encoding="UTF-8"?>
<!DOCTYPE html PUBLIC "-//W3C//DTD XHTML 1.0 Transitional//EN"
    "http://www.w3.org/TR/xhtml1/DTD/xhtml1-transitional.dtd">
<html xmlns="http://www.w3.org/1999/xhtml" xml:lang="en" lang="en">
 <head>
  <title>
</title>
<meta http-equiv="Content-Type" content="text/html;charset=utf-8" />
  <meta name='ocr-system' content='tesseract 3.04.00' />
  <meta name='ocr-capabilities' content='ocr_page ocr_carea ocr_par ocr_line ocrx_word'/>
</head>
<body>
  <div class='ocr_page' id='page_1' title='image "./iannoutouznapae01canggoog_0218.png"; bbox 0 0 2566 3812; ppageno 0'>
   <div class='ocr_carea' id='block_1_1' title="bbox 429 143 1117 210">
    <p class='ocr_par' dir='ltr' id='par_1_1' title="bbox 429 143 1117 210">
     <span class='ocr_line' id='line_1_1' title="bbox 429 143 1117 210; baseline 0.01 -15"><span class='ocrx_word' id='word_1_1' title='bbox 429 145 501 196; x_wconf 87' lang='lat' dir='ltr'><strong>LIB.</strong></span> <span class='ocrx_word' id='word_1_2' title='bbox 514 143 591 198; x_wconf 90' lang='lat' dir='ltr'><strong>VIII.</strong></span> <span class='ocrx_word' id='word_1_3' title='bbox 604 144 682 198; x_wconf 80' lang='lat' dir='ltr'>GAP.</span> <span class='ocrx_word' id='word_1_4' title='bbox 696 144 773 198; x_wconf 84' lang='lat' dir='ltr'><strong>XIII.</strong></span> <span class='ocrx_word' id='word_1_5' title='bbox 786 145 859 197; x_wconf 82' lang='lat' dir='ltr'><strong>xlv.</strong></span> <span class='ocrx_word' id='word_1_6' title='bbox 1054 143 1117 210; x_wconf 79' lang='grc'><strong><em>211</em></strong></span> 
     </span>
    </p>
   </div>
   <div class='ocr_carea' id='block_1_2' title="bbox 140 278 1118 584">
    <p class='ocr_par' dir='ltr' id='par_1_2' title="bbox 140 278 1118 584">
     <span class='ocr_line' id='line_1_2' title="bbox 147 278 1118 376; baseline 0.001 -20"><span class='ocrx_word' id='word_1_7' title='bbox 147 291 216 356; x_wconf 72' lang='grc' dir='ltr'><strong><em>τῶν</em></strong></span> <span class='ocrx_word' id='word_1_8' title='bbox 235 285 431 355; x_wconf 80' lang='grc' dir='ltr'><strong><em>ἑαλωκότων</em></strong></span> <span class='ocrx_word' id='word_1_9' title='bbox 450 278 619 372; x_wconf 84' lang='grc' dir='ltr'><strong><em>Ῥωμαίων</em></strong></span> <span class='ocrx_word' id='word_1_10' title='bbox 638 286 674 355; x_wconf 85' lang='grc' dir='ltr'><strong><em>ἐν</em></strong></span> <span class='ocrx_word' id='word_1_11' title='bbox 691 290 859 376; x_wconf 77' lang='grc' dir='ltr'><strong><em>θεραπείᾳ</em></strong></span> <span class='ocrx_word' id='word_1_12' title='bbox 878 283 985 374; x_wconf 89' lang='grc' dir='ltr'><strong><em>είχον,</em></strong></span> <span class='ocrx_word' id='word_1_13' title='bbox 1003 281 1062 356; x_wconf 85' lang='grc' dir='ltr'><strong><em>τόν</em></strong></span> <span class='ocrx_word' id='word_1_14' title='bbox 1081 285 1118 356; x_wconf 79' lang='grc' dir='ltr'><strong><em>δέ</em></strong></span> 
     </span>
     <span class='ocr_line' id='line_1_3' title="bbox 140 382 1118 477; baseline -0.004 -17"><span class='ocrx_word' id='word_1_15' title='bbox 140 391 325 477; x_wconf 76' lang='grc' dir='ltr'><em>Ῥηγοῦλον</em></span> <span class='ocrx_word' id='word_1_16' title='bbox 350 389 387 456; x_wconf 90' lang='grc' dir='ltr'><strong><em>ἐν</em></strong></span> <span class='ocrx_word' id='word_1_17' title='bbox 410 382 502 476; x_wconf 86' lang='grc' dir='ltr'><strong><em>πάση</em></strong></span> <span class='ocrx_word' id='word_1_18' title='bbox 520 391 681 476; x_wconf 73' lang='grc' dir='ltr'><strong><em>κακουχίᾳ</em></strong></span> <span class='ocrx_word' id='word_1_19' title='bbox 706 393 906 474; x_wconf 88' lang='grc' dir='ltr'><strong><em>πεποίηντο,</em></strong></span> <span class='ocrx_word' id='word_1_20' title='bbox 930 387 1059 477; x_wconf 91' lang='grc' dir='ltr'><strong><em>τροφήν</em></strong></span> <span class='ocrx_word' id='word_1_21' title='bbox 1081 414 1118 458; x_wconf 90' lang='grc' dir='ltr'><strong><em>τε</em></strong></span> 
     </span>
     <span class='ocr_line' id='line_1_4' title="bbox 146 483 1118 584; baseline -0.002 -24"><span class='ocrx_word' id='word_1_22' title='bbox 146 485 240 584; x_wconf 78' lang='grc' dir='ltr'><strong><em>αύτῷ</em></strong></span> <span class='ocrx_word' id='word_1_23' title='bbox 263 483 344 558; x_wconf 81' lang='grc' dir='ltr'><strong><em>ὅσον</em></strong></span> <span class='ocrx_word' id='word_1_24' title='bbox 368 484 494 575; x_wconf 78' lang='grc' dir='ltr'><strong><em>ἀποζῆν</em></strong></span> <span class='ocrx_word' id='word_1_25' title='bbox 517 489 706 577; x_wconf 82' lang='grc' dir='ltr'><strong><em>προσῆγον,</em></strong></span> <span class='ocrx_word' id='word_1_26' title='bbox 731 488 786 557; x_wconf 83' lang='grc' dir='ltr'><strong><em>καὶ</em></strong></span> <span class='ocrx_word' id='word_1_27' title='bbox 811 487 976 577; x_wconf 80' lang='grc' dir='ltr'><strong><em>ἐλέφαντα</em></strong></span> <span class='ocrx_word' id='word_1_28' title='bbox 999 491 1118 579; x_wconf 83' lang='grc' dir='ltr'><strong><em>προσέ-</em></strong></span> 
     </span>
    </p>
   </div>
   <div class='ocr_carea' id='block_1_3' title="bbox 107 583 1275 3319">
    <p class='ocr_par' dir='ltr' id='par_1_3' title="bbox 107 583 1275 3319">
     <span class='ocr_line' id='line_1_5' title="bbox 146 583 1119 681; baseline -0.003 -19"><span class='ocrx_word' id='word_1_29' title='bbox 146 619 254 681; x_wconf 89' lang='grc' dir='ltr'><strong><em>φερον</em></strong></span> <span class='ocrx_word' id='word_1_30' title='bbox 271 593 433 678; x_wconf 77' lang='grc' dir='ltr'><strong><em>συνεχῶς,</em></strong></span> <span class='ocrx_word' id='word_1_31' title='bbox 450 583 540 670; x_wconf 80' lang='grc' dir='ltr'><strong><em>ὅπως</em></strong></span> <span class='ocrx_word' id='word_1_32' title='bbox 558 585 618 657; x_wconf 77' lang='grc' dir='ltr'><strong><em>ὑπ’</em></strong></span> <span class='ocrx_word' id='word_1_33' title='bbox 640 583 744 658; x_wconf 80' lang='grc' dir='ltr'><strong><em>αὐτοῦ</em></strong></span> <span class='ocrx_word' id='word_1_34' title='bbox 760 587 1019 679; x_wconf 83' lang='grc' dir='ltr'><strong><em>δειματούμενος</em></strong></span> <span class='ocrx_word' id='word_1_35' title='bbox 1035 585 1119 680; x_wconf 89' lang='grc' dir='ltr'><strong><em>μήτε</em></strong></span> 
     </span>
     <span class='ocr_line' id='line_1_6' title="bbox 122 685 1118 785; baseline 0.001 -25"><span class='ocrx_word' id='word_1_36' title='bbox 122 695 197 785; x_wconf 73' lang='grc' dir='ltr'><strong><em>ετᾳῑ</em></strong></span> <span class='ocrx_word' id='word_1_37' title='bbox 222 689 348 780; x_wconf 81' lang='grc' dir='ltr'><strong><em>σάματι</em></strong></span> <span class='ocrx_word' id='word_1_38' title='bbox 371 687 453 779; x_wconf 88' lang='grc' dir='ltr'><strong><em>μήτε</em></strong></span> <span class='ocrx_word' id='word_1_39' title='bbox 482 695 523 779; x_wconf 82' lang='grc' dir='ltr'><strong><em>τῇ</em></strong></span> <span class='ocrx_word' id='word_1_40' title='bbox 550 694 684 782; x_wconf 88' lang='grc' dir='ltr'><strong><em>διανοίᾳ</em></strong></span> <span class='ocrx_word' id='word_1_41' title='bbox 708 685 873 781; x_wconf 78' lang='grc' dir='ltr'><strong><em>ἡσυχάζοι.</em></strong></span> <span class='ocrx_word' id='word_1_42' title='bbox 915 693 969 760; x_wconf 81' lang='grc' dir='ltr'><strong><em>ἐπὶ</em></strong></span> <span class='ocrx_word' id='word_1_43' title='bbox 993 691 1118 782; x_wconf 86' lang='grc' dir='ltr'><strong><em>συχνόν</em></strong></span> 
     </span>
     <span class='ocr_line' id='line_1_7' title="bbox 153 785 1115 884; baseline 0 -22"><span class='ocrx_word' id='word_1_44' title='bbox 153 794 191 863; x_wconf 78' lang='grc' dir='ltr'><strong><em>δὲ</em></strong></span> <span class='ocrx_word' id='word_1_45' title='bbox 210 789 417 872; x_wconf 82' lang='grc' dir='ltr'><strong><em>κακαίσαντες</em></strong></span> <span class='ocrx_word' id='word_1_46' title='bbox 435 785 541 871; x_wconf 77' lang='grc' dir='ltr'><strong><em>οὕτως</em></strong></span> <span class='ocrx_word' id='word_1_47' title='bbox 559 787 665 861; x_wconf 85' lang='grc' dir='ltr'><strong><em>αὐτόν</em></strong></span> <span class='ocrx_word' id='word_1_48' title='bbox 684 797 731 872; x_wconf 85' lang='grc' dir='ltr'><strong><em>είς</em></strong></span> <span class='ocrx_word' id='word_1_49' title='bbox 746 789 974 884; x_wconf 74' lang='grc' dir='ltr'><strong><em>δεσμωτήριον</em></strong></span> <span class='ocrx_word' id='word_1_50' title='bbox 988 799 1115 864; x_wconf 78' lang='grc' dir='ltr'><strong><em>ἔθεντο.</em></strong></span> 
     </span>
     <span class='ocr_line' id='line_1_8' title="bbox 233 889 1118 984; baseline -0.002 -20"><span class='ocrx_word' id='word_1_51' title='bbox 233 893 315 974; x_wconf 86' lang='grc' dir='ltr'><strong><em>Τούς</em></strong></span> <span class='ocrx_word' id='word_1_52' title='bbox 349 893 388 964; x_wconf 71' lang='grc' dir='ltr'><strong><em>δὲ</em></strong></span> <span class='ocrx_word' id='word_1_53' title='bbox 411 894 593 983; x_wconf 77' lang='grc' dir='ltr'><strong><em>σφετέρους</em></strong></span> <span class='ocrx_word' id='word_1_54' title='bbox 617 889 812 982; x_wconf 93' lang='grc' dir='ltr'><strong><em>συμμάχους</em></strong></span> <span class='ocrx_word' id='word_1_55' title='bbox 835 898 870 964; x_wconf 92' lang='grc' dir='ltr'><strong><em>οί</em></strong></span> <span class='ocrx_word' id='word_1_56' title='bbox 893 891 1118 984; x_wconf 75' lang='grc' dir='ltr'><strong><em>Καρχηδόνιοι</em></strong></span> 
     </span>
     <span class='ocr_line' id='line_1_9' title="bbox 149 991 1118 1086; baseline 0 -20"><span class='ocrx_word' id='word_1_57' title='bbox 149 994 325 1066; x_wconf 84' lang='grc' dir='ltr'><strong><em>δεινότατα</em></strong></span> <span class='ocrx_word' id='word_1_58' title='bbox 342 1000 620 1085; x_wconf 81' lang='grc' dir='ltr'><strong><em>μετεχειρίσαντο.</em></strong></span> <span class='ocrx_word' id='word_1_59' title='bbox 656 991 696 1062; x_wconf 92' lang='grc' dir='ltr'><strong><em>ού</em></strong></span> <span class='ocrx_word' id='word_1_60' title='bbox 715 993 779 1084; x_wconf 87' lang='grc' dir='ltr'><strong><em>γάρ</em></strong></span> <span class='ocrx_word' id='word_1_61' title='bbox 798 991 1020 1086; x_wconf 78' lang='grc' dir='ltr'><strong><em>εὐποροῦντες</em></strong></span> <span class='ocrx_word' id='word_1_62' title='bbox 1037 992 1118 1066; x_wconf 89' lang='grc' dir='ltr'><strong><em>άπο-</em></strong></span> 
     </span>
     <span class='ocr_line' id='line_1_10' title="bbox 147 1091 1275 1186; baseline 0 -18"><span class='ocrx_word' id='word_1_63' title='bbox 147 1100 269 1168; x_wconf 83' lang='grc' dir='ltr'><strong><em>δούναι</em></strong></span> <span class='ocrx_word' id='word_1_64' title='bbox 294 1092 406 1178; x_wconf 79' lang='grc' dir='ltr'><strong><em>αὐτοῖς</em></strong></span> <span class='ocrx_word' id='word_1_65' title='bbox 430 1091 452 1164; x_wconf 74' lang='grc' dir='ltr'><strong><em>δι’</em></strong></span> <span class='ocrx_word' id='word_1_66' title='bbox 474 1095 742 1184; x_wconf 86' lang='grc' dir='ltr'><strong><em>προύπέσχοντο,</em></strong></span> <span class='ocrx_word' id='word_1_67' title='bbox 766 1093 969 1186; x_wconf 78' lang='grc' dir='ltr'><strong><em>ἀπέπεμψαν</em></strong></span> <span class='ocrx_word' id='word_1_68' title='bbox 992 1093 1217 1178; x_wconf 70' lang='grc' dir='ltr'><strong><em>αύτούςΡΙλθλ</em></strong></span> <span class='ocrx_word' id='word_1_69' title='bbox 1273 1103 1275 1106; x_wconf 67' lang='grc'><strong>’</strong></span> 
     </span>
     <span class='ocr_line' id='line_1_11' title="bbox 109 1192 1119 1287; baseline 0.004 -23"><span class='ocrx_word' id='word_1_70' title='bbox 109 1226 135 1266; x_wconf 79' lang='grc' dir='ltr'><strong><em>ιο</em></strong></span> <span class='ocrx_word' id='word_1_71' title='bbox 150 1197 197 1282; x_wconf 76' lang='grc' dir='ltr'><strong><em>ὡς</em></strong></span> <span class='ocrx_word' id='word_1_72' title='bbox 215 1200 271 1268; x_wconf 83' lang='grc' dir='ltr'><strong><em>καί</em></strong></span> <span class='ocrx_word' id='word_1_73' title='bbox 288 1196 348 1268; x_wconf 86' lang='grc' dir='ltr'><strong><em>τὸν</em></strong></span> <span class='ocrx_word' id='word_1_74' title='bbox 370 1195 495 1286; x_wconf 87' lang='grc' dir='ltr'><strong><em>μισθόν</em></strong></span> <span class='ocrx_word' id='word_1_75' title='bbox 512 1192 625 1277; x_wconf 80' lang='grc' dir='ltr'><strong><em>αύτοίς</em></strong></span> <span class='ocrx_word' id='word_1_76' title='bbox 643 1193 707 1266; x_wconf 89' lang='grc' dir='ltr'><strong><em>ούκ</em></strong></span> <span class='ocrx_word' id='word_1_77' title='bbox 725 1199 759 1277; x_wconf 86' lang='grc' dir='ltr'><strong><em>ἐς</em></strong></span> <span class='ocrx_word' id='word_1_78' title='bbox 775 1196 908 1287; x_wconf 83' lang='grc' dir='ltr'><strong><em>μακράν</em></strong></span> <span class='ocrx_word' id='word_1_79' title='bbox 925 1195 1119 1270; x_wconf 81' lang='grc' dir='ltr'><strong><em>άποδοόσον-</em></strong></span> 
     </span>
     <span class='ocr_line' id='line_1_12' title="bbox 148 1296 1215 1390; baseline -0.003 -18"><span class='ocrx_word' id='word_1_80' title='bbox 148 1329 213 1382; x_wconf 85' lang='grc' dir='ltr'><strong><em>τες.</em></strong></span> <span class='ocrx_word' id='word_1_81' title='bbox 257 1302 437 1370; x_wconf 78' lang='grc' dir='ltr'><strong><em>ἐκέλευσαν</em></strong></span> <span class='ocrx_word' id='word_1_82' title='bbox 462 1299 499 1368; x_wconf 74' lang='grc' dir='ltr'><strong><em>δὲ</em></strong></span> <span class='ocrx_word' id='word_1_83' title='bbox 523 1315 591 1378; x_wconf 83' lang='grc' dir='ltr'><strong><em>τοῖς</em></strong></span> <span class='ocrx_word' id='word_1_84' title='bbox 616 1306 787 1386; x_wconf 78' lang='grc' dir='ltr'><strong><em>κομίζουσι</em></strong></span> <span class='ocrx_word' id='word_1_85' title='bbox 810 1302 897 1387; x_wconf 83' lang='grc' dir='ltr'><strong><em>σφάς</em></strong></span> <span class='ocrx_word' id='word_1_86' title='bbox 922 1305 968 1380; x_wconf 90' lang='grc' dir='ltr'><strong><em>είς</em></strong></span> <span class='ocrx_word' id='word_1_87' title='bbox 993 1296 1119 1390; x_wconf 81' lang='grc' dir='ltr'><strong><em>ἐρήμην</em></strong></span> <span class='ocrx_word' id='word_1_88' title='bbox 1211 1322 1215 1326; x_wconf 85' lang='grc'><em>·</em></span> 
     </span>
     <span class='ocr_line' id='line_1_13' title="bbox 147 1396 1120 1493; baseline -0.002 -21"><span class='ocrx_word' id='word_1_89' title='bbox 147 1399 225 1472; x_wconf 82' lang='grc' dir='ltr'><strong><em>τινά</em></strong></span> <span class='ocrx_word' id='word_1_90' title='bbox 250 1404 355 1490; x_wconf 85' lang='grc' dir='ltr'><strong><em>νήσου</em></strong></span> <span class='ocrx_word' id='word_1_91' title='bbox 382 1396 556 1489; x_wconf 78' lang='grc' dir='ltr'><strong><em>ἐκβιβάσαι</em></strong></span> <span class='ocrx_word' id='word_1_92' title='bbox 580 1401 637 1469; x_wconf 82' lang='grc' dir='ltr'><strong><em>καὶ</em></strong></span> <span class='ocrx_word' id='word_1_93' title='bbox 667 1397 779 1493; x_wconf 81' lang='grc' dir='ltr'><strong><em>λάθρᾳ</em></strong></span> <span class='ocrx_word' id='word_1_94' title='bbox 803 1397 1021 1472; x_wconf 76' lang='grc' dir='ltr'><strong><em>ἀποπλεύσαι.</em></strong></span> <span class='ocrx_word' id='word_1_95' title='bbox 1062 1403 1120 1470; x_wconf 83' lang='grc' dir='ltr'><strong><em>καὶ</em></strong></span> 
     </span>
     <span class='ocr_line' id='line_1_14' title="bbox 147 1499 1119 1590; baseline -0.002 -16"><span class='ocrx_word' id='word_1_96' title='bbox 147 1503 210 1574; x_wconf 91' lang='grc' dir='ltr'><strong><em>τόν</em></strong></span> <span class='ocrx_word' id='word_1_97' title='bbox 227 1499 428 1584; x_wconf 73' lang='grc' dir='ltr'><strong><em>Ξάνθιππον</em></strong></span> <span class='ocrx_word' id='word_1_98' title='bbox 447 1502 485 1571; x_wconf 85' lang='grc' dir='ltr'><strong><em>δέ</em></strong></span> <span class='ocrx_word' id='word_1_99' title='bbox 503 1507 538 1572; x_wconf 91' lang='grc' dir='ltr'><strong><em>οί</em></strong></span> <span class='ocrx_word' id='word_1_100' title='bbox 558 1503 620 1590; x_wconf 85' lang='grc' dir='ltr'><strong><em>μέν</em></strong></span> <span class='ocrx_word' id='word_1_101' title='bbox 637 1523 720 1590; x_wconf 89' lang='grc' dir='ltr'><strong><em>φασι</em></strong></span> <span class='ocrx_word' id='word_1_102' title='bbox 738 1509 976 1573; x_wconf 86' lang='grc' dir='ltr'><strong><em>καταποντίσαι</em></strong></span> <span class='ocrx_word' id='word_1_103' title='bbox 994 1499 1119 1584; x_wconf 80' lang='grc' dir='ltr'><strong><em>αὐτούς</em></strong></span> 
     </span>
     <span class='ocr_line' id='line_1_15' title="bbox 148 1600 1222 1700; baseline 0 -26"><span class='ocrx_word' id='word_1_104' title='bbox 148 1602 402 1675; x_wconf 84' lang='grc' dir='ltr'><strong><em>άτιοπλεύσαντι</em></strong></span> <span class='ocrx_word' id='word_1_105' title='bbox 414 1600 690 1690; x_wconf 78' lang='grc' dir='ltr'><strong><em>ἐπιπλεύσαντας,</em></strong></span> <span class='ocrx_word' id='word_1_106' title='bbox 704 1608 740 1674; x_wconf 85' lang='grc' dir='ltr'><strong><em>οί</em></strong></span> <span class='ocrx_word' id='word_1_107' title='bbox 750 1603 787 1674; x_wconf 83' lang='grc' dir='ltr'><strong><em>δέ</em></strong></span> <span class='ocrx_word' id='word_1_108' title='bbox 800 1607 888 1674; x_wconf 80' lang='grc' dir='ltr'><strong><em>ναῦν</em></strong></span> <span class='ocrx_word' id='word_1_109' title='bbox 897 1602 987 1700; x_wconf 79' lang='grc' dir='ltr'><strong><em>αὐτῷ</em></strong></span> <span class='ocrx_word' id='word_1_110' title='bbox 998 1610 1222 1675; x_wconf 65' lang='grc' dir='ltr'><strong><em>δούναιΨΙΙθθ</em></strong></span> 
     </span>
     <span class='ocr_line' id='line_1_16' title="bbox 107 1703 1165 1795; baseline 0.006 -25"><span class='ocrx_word' id='word_1_111' title='bbox 107 1729 133 1770; x_wconf 84' lang='lat'><strong><em>15</em></strong></span> <span class='ocrx_word' id='word_1_112' title='bbox 149 1704 299 1776; x_wconf 83' lang='grc' dir='ltr'><strong><em>παλαιάν</em></strong></span> <span class='ocrx_word' id='word_1_113' title='bbox 328 1706 435 1795; x_wconf 69' lang='grc' dir='ltr'><strong><em>μηδὲν</em></strong></span> <span class='ocrx_word' id='word_1_114' title='bbox 463 1706 648 1793; x_wconf 88' lang='grc' dir='ltr'><strong><em>στέγουσαν</em></strong></span> <span class='ocrx_word' id='word_1_115' title='bbox 655 1757 665 1793; x_wconf 92' lang='grc'><strong><em>,</em></strong></span> <span class='ocrx_word' id='word_1_116' title='bbox 700 1707 779 1775; x_wconf 81' lang='grc' dir='ltr'><strong><em>νέον</em></strong></span> <span class='ocrx_word' id='word_1_117' title='bbox 807 1703 1118 1790; x_wconf 75' lang='grc' dir='ltr'><strong><em>καταπιττώσαντας</em></strong></span> <span class='ocrx_word' id='word_1_118' title='bbox 1162 1757 1165 1763; x_wconf 90' lang='grc'>-</span> 
     </span>
     <span class='ocr_line' id='line_1_17' title="bbox 150 1801 1118 1900; baseline 0.001 -22"><span class='ocrx_word' id='word_1_119' title='bbox 150 1810 296 1896; x_wconf 77' lang='grc' dir='ltr'><strong><em>ἔξωθεν,</em></strong></span> <span class='ocrx_word' id='word_1_120' title='bbox 321 1803 369 1877; x_wconf 82' lang='grc' dir='ltr'><strong><em>ἵν’</em></strong></span> <span class='ocrx_word' id='word_1_121' title='bbox 390 1801 475 1894; x_wconf 86' lang='grc' dir='ltr'><strong><em>αύτή</em></strong></span> <span class='ocrx_word' id='word_1_122' title='bbox 500 1803 553 1894; x_wconf 90' lang='grc' dir='ltr'><strong><em>ἐφ’</em></strong></span> <span class='ocrx_word' id='word_1_123' title='bbox 576 1807 695 1894; x_wconf 83' lang='grc' dir='ltr'><strong><em>ἑαυτής</em></strong></span> <span class='ocrx_word' id='word_1_124' title='bbox 713 1815 978 1900; x_wconf 77' lang='grc' dir='ltr'><strong><em>καταποντισθῇ·</em></strong></span> <span class='ocrx_word' id='word_1_125' title='bbox 1004 1806 1062 1879; x_wconf 85' lang='grc' dir='ltr'><strong><em>τόν</em></strong></span> <span class='ocrx_word' id='word_1_126' title='bbox 1080 1809 1118 1878; x_wconf 72' lang='grc' dir='ltr'><strong><em>δέ</em></strong></span> 
     </span>
     <span class='ocr_line' id='line_1_18' title="bbox 150 1906 1116 1998; baseline 0 -19"><span class='ocrx_word' id='word_1_127' title='bbox 150 1906 275 1996; x_wconf 77' lang='grc' dir='ltr'><strong><em>γνόντα</em></strong></span> <span class='ocrx_word' id='word_1_128' title='bbox 287 1911 387 1978; x_wconf 86' lang='grc' dir='ltr'><strong><em>τούτο</em></strong></span> <span class='ocrx_word' id='word_1_129' title='bbox 395 1915 442 1990; x_wconf 85' lang='grc' dir='ltr'><strong><em>είς</em></strong></span> <span class='ocrx_word' id='word_1_130' title='bbox 450 1909 567 1998; x_wconf 80' lang='grc' dir='ltr'><strong><em>ἑτέραν</em></strong></span> <span class='ocrx_word' id='word_1_131' title='bbox 574 1911 715 1996; x_wconf 86' lang='grc' dir='ltr'><strong><em>ἐμβήναι</em></strong></span> <span class='ocrx_word' id='word_1_132' title='bbox 729 1907 881 1979; x_wconf 79' lang='grc' dir='ltr'><strong><em>καὶοῦτω</em></strong></span> <span class='ocrx_word' id='word_1_133' title='bbox 895 1915 1116 1998; x_wconf 76' lang='grc' dir='ltr'><strong><em>διασωθῆναι.</em></strong></span> 
     </span>
     <span class='ocr_line' id='line_1_19' title="bbox 155 2007 1119 2099; baseline 0 -21"><span class='ocrx_word' id='word_1_134' title='bbox 155 2012 258 2080; x_wconf 84' lang='grc' dir='ltr'><strong><em>ταύτα</em></strong></span> <span class='ocrx_word' id='word_1_135' title='bbox 277 2007 309 2080; x_wconf 88' lang='grc' dir='ltr'><strong><em>δ’</em></strong></span> <span class='ocrx_word' id='word_1_136' title='bbox 326 2013 474 2097; x_wconf 82' lang='grc' dir='ltr'><strong><em>ἐποίουν,</em></strong></span> <span class='ocrx_word' id='word_1_137' title='bbox 493 2007 606 2098; x_wconf 80' lang='grc' dir='ltr'><strong><em>ἵναμή</em></strong></span> <span class='ocrx_word' id='word_1_138' title='bbox 620 2013 753 2079; x_wconf 78' lang='grc' dir='ltr'><strong><em>δοκοῖεν</em></strong></span> <span class='ocrx_word' id='word_1_139' title='bbox 770 2008 853 2099; x_wconf 86' lang='grc' dir='ltr'><strong><em>πρὸς</em></strong></span> <span class='ocrx_word' id='word_1_140' title='bbox 866 2014 996 2080; x_wconf 87' lang='grc' dir='ltr'><strong><em>ἐκείνου</em></strong></span> <span class='ocrx_word' id='word_1_141' title='bbox 1011 2011 1119 2079; x_wconf 71' lang='grc' dir='ltr'><strong><em>σεσοί-</em></strong></span> 
     </span>
     <span class='ocr_line' id='line_1_20' title="bbox 152 2106 1119 2202; baseline -0.002 -22"><span class='ocrx_word' id='word_1_142' title='bbox 152 2122 248 2181; x_wconf 90' lang='grc' dir='ltr'><strong><em>σθαι·</em></strong></span> <span class='ocrx_word' id='word_1_143' title='bbox 273 2108 431 2202; x_wconf 90' lang='grc' dir='ltr'><strong><em>ἐνόμισαν</em></strong></span> <span class='ocrx_word' id='word_1_144' title='bbox 453 2109 517 2201; x_wconf 83' lang='grc' dir='ltr'><strong><em>γάρ</em></strong></span> <span class='ocrx_word' id='word_1_145' title='bbox 535 2106 745 2190; x_wconf 83' lang='grc' dir='ltr'><strong><em>ἀπολωλότος</em></strong></span> <span class='ocrx_word' id='word_1_146' title='bbox 770 2107 949 2180; x_wconf 81' lang='grc' dir='ltr'><strong><em>αὐτοῦκαὶ</em></strong></span> <span class='ocrx_word' id='word_1_147' title='bbox 972 2107 1034 2198; x_wconf 89' lang='grc' dir='ltr'><strong><em>τήν</em></strong></span> <span class='ocrx_word' id='word_1_148' title='bbox 1050 2115 1119 2179; x_wconf 79' lang='grc' dir='ltr'><strong><em>τεόν</em></strong></span> 
     </span>
     <span class='ocr_line' id='line_1_21' title="bbox 108 2211 1152 2302; baseline -0.005 -20"><span class='ocrx_word' id='word_1_149' title='bbox 108 2235 136 2276; x_wconf 74' lang='lat'><strong><em>2⁰</em></strong></span> <span class='ocrx_word' id='word_1_150' title='bbox 150 2219 261 2302; x_wconf 82' lang='grc' dir='ltr'><strong><em>ἔργων</em></strong></span> <span class='ocrx_word' id='word_1_151' title='bbox 279 2211 380 2297; x_wconf 83' lang='grc' dir='ltr'><strong><em>δόξαν</em></strong></span> <span class='ocrx_word' id='word_1_152' title='bbox 397 2214 657 2283; x_wconf 86' lang='grc' dir='ltr'><strong><em>συναπολέσθαι.</em></strong></span> <span class='ocrx_word' id='word_1_153' title='bbox 1128 2221 1152 2271; x_wconf 90' lang='grc' dir='ltr'>Β</span> 
     </span>
     <span class='ocr_line' id='line_1_22' title="bbox 231 2308 1177 2404; baseline -0.011 -19"><span class='ocrx_word' id='word_1_154' title='bbox 231 2319 278 2386; x_wconf 89' lang='grc' dir='ltr'><strong><em>Οί</em></strong></span> <span class='ocrx_word' id='word_1_155' title='bbox 294 2310 325 2383; x_wconf 86' lang='grc' dir='ltr'><strong><em>δ’</em></strong></span> <span class='ocrx_word' id='word_1_156' title='bbox 346 2318 382 2384; x_wconf 93' lang='grc' dir='ltr'><strong><em>ἐν</em></strong></span> <span class='ocrx_word' id='word_1_157' title='bbox 406 2318 446 2404; x_wconf 76' lang='grc' dir='ltr'><strong><em>τῇ</em></strong></span> <span class='ocrx_word' id='word_1_158' title='bbox 471 2311 576 2403; x_wconf 80' lang='grc' dir='ltr'><strong><em>Ῥύμη</em></strong></span> <span class='ocrx_word' id='word_1_159' title='bbox 601 2308 728 2401; x_wconf 79' lang='grc' dir='ltr'><strong><em>ἤλγουν</em></strong></span> <span class='ocrx_word' id='word_1_160' title='bbox 750 2311 813 2401; x_wconf 74' lang='grc' dir='ltr'><strong><em>μέν</em></strong></span> <span class='ocrx_word' id='word_1_161' title='bbox 838 2309 894 2382; x_wconf 86' lang='grc' dir='ltr'><strong><em>διά</em></strong></span> <span class='ocrx_word' id='word_1_162' title='bbox 917 2310 953 2381; x_wconf 81' lang='grc' dir='ltr'><strong><em>τό</em></strong></span> <span class='ocrx_word' id='word_1_163' title='bbox 973 2309 1118 2401; x_wconf 85' lang='grc' dir='ltr'><strong><em>συμβάν,</em></strong></span> <span class='ocrx_word' id='word_1_164' title='bbox 1137 2311 1177 2376; x_wconf 89' lang='grc'><strong><em>14</em></strong></span> 
     </span>
     <span class='ocr_line' id='line_1_23' title="bbox 150 2408 1119 2504; baseline -0.001 -18"><span class='ocrx_word' id='word_1_165' title='bbox 150 2417 209 2487; x_wconf 86' lang='grc' dir='ltr'><strong><em>καλ</em></strong></span> <span class='ocrx_word' id='word_1_166' title='bbox 236 2417 340 2486; x_wconf 80' lang='grc' dir='ltr'><strong><em>πλέον</em></strong></span> <span class='ocrx_word' id='word_1_167' title='bbox 361 2413 411 2486; x_wconf 85' lang='grc' dir='ltr'><strong><em>ότι</em></strong></span> <span class='ocrx_word' id='word_1_168' title='bbox 440 2411 518 2496; x_wconf 84' lang='grc' dir='ltr'><strong><em>τούς</em></strong></span> <span class='ocrx_word' id='word_1_169' title='bbox 542 2419 795 2504; x_wconf 88' lang='grc' dir='ltr'><strong><em>Καρχηδονίους</em></strong></span> <span class='ocrx_word' id='word_1_170' title='bbox 825 2415 877 2483; x_wconf 83' lang='grc' dir='ltr'><strong><em>ἐπὶ</em></strong></span> <span class='ocrx_word' id='word_1_171' title='bbox 906 2411 969 2502; x_wconf 86' lang='grc' dir='ltr'><strong><em>τήν</em></strong></span> <span class='ocrx_word' id='word_1_172' title='bbox 993 2408 1119 2504; x_wconf 64' lang='grc' dir='ltr'><strong><em>Ῥεόμην</em></strong></span> 
     </span>
     <span class='ocr_line' id='line_1_24' title="bbox 150 2513 1119 2608; baseline -0.003 -19"><span class='ocrx_word' id='word_1_173' title='bbox 150 2513 260 2608; x_wconf 77' lang='grc' dir='ltr'><strong><em>αὐτήν</em></strong></span> <span class='ocrx_word' id='word_1_174' title='bbox 283 2515 500 2605; x_wconf 87' lang='grc' dir='ltr'><strong><em>προσεδόκων</em></strong></span> <span class='ocrx_word' id='word_1_175' title='bbox 523 2526 753 2586; x_wconf 80' lang='grc' dir='ltr'><strong><em>πλευσεῐσθαι.</em></strong></span> <span class='ocrx_word' id='word_1_176' title='bbox 798 2513 852 2586; x_wconf 87' lang='grc' dir='ltr'><strong><em>διόι</em></strong></span> <span class='ocrx_word' id='word_1_177' title='bbox 876 2518 981 2586; x_wconf 75' lang='grc' dir='ltr'><strong><em>ταῦτα</em></strong></span> <span class='ocrx_word' id='word_1_178' title='bbox 1003 2513 1065 2604; x_wconf 89' lang='grc' dir='ltr'><strong><em>τήν</em></strong></span> <span class='ocrx_word' id='word_1_179' title='bbox 1082 2543 1119 2586; x_wconf 91' lang='grc' dir='ltr'><strong><em>τε</em></strong></span> 
     </span>
     <span class='ocr_line' id='line_1_25' title="bbox 145 2613 1120 2708; baseline -0.006 -16"><span class='ocrx_word' id='word_1_180' title='bbox 145 2616 292 2692; x_wconf 86' lang='grc' dir='ltr'><strong><em>Ἰταλίαν</em></strong></span> <span class='ocrx_word' id='word_1_181' title='bbox 310 2623 347 2689; x_wconf 90' lang='grc' dir='ltr'><strong><em>ἐν</em></strong></span> <span class='ocrx_word' id='word_1_182' title='bbox 364 2623 500 2708; x_wconf 78' lang='grc' dir='ltr'><strong><em>φυλακή</em></strong></span> <span class='ocrx_word' id='word_1_183' title='bbox 520 2613 718 2704; x_wconf 87' lang='grc' dir='ltr'><strong><em>ἐποιήσαντο</em></strong></span> <span class='ocrx_word' id='word_1_184' title='bbox 742 2617 798 2685; x_wconf 78' lang='grc' dir='ltr'><strong><em>καί</em></strong></span> <span class='ocrx_word' id='word_1_185' title='bbox 824 2619 877 2686; x_wconf 81' lang='grc' dir='ltr'><strong><em>ε’πὶ</em></strong></span> <span class='ocrx_word' id='word_1_186' title='bbox 904 2614 982 2699; x_wconf 83' lang='grc' dir='ltr'><strong><em>τούς</em></strong></span> <span class='ocrx_word' id='word_1_187' title='bbox 1002 2620 1037 2688; x_wconf 93' lang='grc' dir='ltr'><strong><em>ἐν</em></strong></span> <span class='ocrx_word' id='word_1_188' title='bbox 1055 2628 1120 2688; x_wconf 86' lang='grc' dir='ltr'><strong><em>Σι-</em></strong></span> 
     </span>
     <span class='ocr_line' id='line_1_26' title="bbox 110 2711 1118 2813; baseline -0.004 -21"><span class='ocrx_word' id='word_1_189' title='bbox 110 2752 137 2792; x_wconf 79' lang='grc' dir='ltr'><strong><em>εε</em></strong></span> <span class='ocrx_word' id='word_1_190' title='bbox 150 2727 249 2813; x_wconf 86' lang='grc' dir='ltr'><strong><em>κελίᾳ</em></strong></span> <span class='ocrx_word' id='word_1_191' title='bbox 260 2726 300 2812; x_wconf 79' lang='grc' dir='ltr'><strong><em>τῇ</em></strong></span> <span class='ocrx_word' id='word_1_192' title='bbox 310 2748 347 2790; x_wconf 92' lang='grc' dir='ltr'><strong><em>τε</em></strong></span> <span class='ocrx_word' id='word_1_193' title='bbox 358 2717 469 2810; x_wconf 87' lang='grc' dir='ltr'><strong><em>Λιβύη</em></strong></span> <span class='ocrx_word' id='word_1_194' title='bbox 487 2715 585 2800; x_wconf 81' lang='grc' dir='ltr'><strong><em>ὄντας</em></strong></span> <span class='ocrx_word' id='word_1_195' title='bbox 598 2711 777 2807; x_wconf 84' lang='grc' dir='ltr'><strong><em>Ῥωμαίους</em></strong></span> <span class='ocrx_word' id='word_1_196' title='bbox 791 2721 925 2809; x_wconf 81' lang='grc' dir='ltr'><strong><em>σπουδή</em></strong></span> <span class='ocrx_word' id='word_1_197' title='bbox 941 2717 1019 2800; x_wconf 82' lang='grc' dir='ltr'><strong><em>τούς</em></strong></span> <span class='ocrx_word' id='word_1_198' title='bbox 1034 2713 1118 2789; x_wconf 86' lang='grc' dir='ltr'><strong><em>ύπά-</em></strong></span> 
     </span>
     <span class='ocr_line' id='line_1_27' title="bbox 149 2817 1119 2913; baseline -0.005 -21"><span class='ocrx_word' id='word_1_199' title='bbox 149 2851 229 2904; x_wconf 90' lang='grc' dir='ltr'><strong><em>τους</em></strong></span> <span class='ocrx_word' id='word_1_200' title='bbox 243 2827 408 2913; x_wconf 80' lang='grc' dir='ltr'><strong><em>ἔπεμψαν,</em></strong></span> <span class='ocrx_word' id='word_1_201' title='bbox 427 2820 572 2909; x_wconf 88' lang='grc' dir='ltr'><strong><em>Μάρκον</em></strong></span> <span class='ocrx_word' id='word_1_202' title='bbox 590 2826 741 2910; x_wconf 84' lang='grc' dir='ltr'><strong><em>Αίμίλιον</em></strong></span> <span class='ocrx_word' id='word_1_203' title='bbox 755 2820 810 2888; x_wconf 85' lang='grc' dir='ltr'><strong><em>καὶ</em></strong></span> <span class='ocrx_word' id='word_1_204' title='bbox 826 2817 996 2908; x_wconf 83' lang='grc' dir='ltr'><strong><em>Φούλβιον</em></strong></span> <span class='ocrx_word' id='word_1_205' title='bbox 1009 2826 1119 2888; x_wconf 90' lang='grc' dir='ltr'><strong><em>Πλαί-</em></strong></span> 
     </span>
     <span class='ocr_line' id='line_1_28' title="bbox 149 2916 1119 3011; baseline -0.004 -17"><span class='ocrx_word' id='word_1_206' title='bbox 149 2953 254 2994; x_wconf 90' lang='grc' dir='ltr'><strong><em>τινον.</em></strong></span> <span class='ocrx_word' id='word_1_207' title='bbox 279 2931 314 2994; x_wconf 80' lang='grc' dir='ltr'><strong><em>οἳ</em></strong></span> <span class='ocrx_word' id='word_1_208' title='bbox 330 2926 363 3005; x_wconf 85' lang='grc' dir='ltr'><strong><em>ἐς</em></strong></span> <span class='ocrx_word' id='word_1_209' title='bbox 382 2930 543 2994; x_wconf 88' lang='grc' dir='ltr'><strong><em>Σικελίαν</em></strong></span> <span class='ocrx_word' id='word_1_210' title='bbox 560 2917 776 3008; x_wconf 86' lang='grc' dir='ltr'><strong><em>πλεύσαντες,</em></strong></span> <span class='ocrx_word' id='word_1_211' title='bbox 794 2922 850 2989; x_wconf 81' lang='grc' dir='ltr'><strong><em>καί</em></strong></span> <span class='ocrx_word' id='word_1_212' title='bbox 868 2916 1119 3011; x_wconf 87' lang='grc' dir='ltr'><strong><em>φρουρήσαντες</em></strong></span> 
     </span>
     <span class='ocr_line' id='line_1_29' title="bbox 149 3019 1119 3116; baseline -0.004 -21"><span class='ocrx_word' id='word_1_213' title='bbox 149 3025 191 3096; x_wconf 81' lang='grc' dir='ltr'><strong><em>τά</em></strong></span> <span class='ocrx_word' id='word_1_214' title='bbox 215 3029 301 3114; x_wconf 77' lang='grc' dir='ltr'><strong><em>ἐκεί,</em></strong></span> <span class='ocrx_word' id='word_1_215' title='bbox 327 3024 410 3116; x_wconf 88' lang='grc' dir='ltr'><strong><em>πρός</em></strong></span> <span class='ocrx_word' id='word_1_216' title='bbox 428 3021 560 3111; x_wconf 89' lang='grc' dir='ltr'><strong><em>Λιβύην</em></strong></span> <span class='ocrx_word' id='word_1_217' title='bbox 585 3019 798 3114; x_wconf 77' lang='grc' dir='ltr'><strong><em>ὡρμήκεσαν·</em></strong></span> <span class='ocrx_word' id='word_1_218' title='bbox 824 3024 880 3092; x_wconf 81' lang='grc' dir='ltr'><strong><em>καί</em></strong></span> <span class='ocrx_word' id='word_1_219' title='bbox 903 3026 1041 3111; x_wconf 78' lang='grc' dir='ltr'><strong><em>χειμῶνι</em></strong></span> <span class='ocrx_word' id='word_1_220' title='bbox 1063 3029 1119 3110; x_wconf 89' lang='grc' dir='ltr'><strong><em>λη·</em></strong></span> 
     </span>
     <span class='ocr_line' id='line_1_30' title="bbox 149 3119 1119 3217; baseline -0.006 -19"><span class='ocrx_word' id='word_1_221' title='bbox 149 3130 298 3217; x_wconf 86' lang='grc' dir='ltr'><strong><em>φθέντες</em></strong></span> <span class='ocrx_word' id='word_1_222' title='bbox 316 3127 571 3216; x_wconf 86' lang='grc' dir='ltr'><strong><em>κατηνέχθησαν</em></strong></span> <span class='ocrx_word' id='word_1_223' title='bbox 598 3128 629 3205; x_wconf 84' lang='grc' dir='ltr'><strong><em>ἐς</em></strong></span> <span class='ocrx_word' id='word_1_224' title='bbox 646 3120 861 3215; x_wconf 88' lang='grc' dir='ltr'><strong><em>Κόρσουραν·</em></strong></span> <span class='ocrx_word' id='word_1_225' title='bbox 886 3119 1119 3215; x_wconf 81' lang='grc' dir='ltr'><strong><em>πορθήσαντες</em></strong></span> 
     </span>
     <span class='ocr_line' id='line_1_31' title="bbox 111 3215 1152 3319; baseline -0.005 -20"><span class='ocrx_word' id='word_1_226' title='bbox 111 3257 137 3299; x_wconf 85' lang='grc' dir='ltr'><strong><em>εο</em></strong></span> <span class='ocrx_word' id='word_1_227' title='bbox 151 3230 190 3299; x_wconf 77' lang='grc' dir='ltr'><strong><em>δὲ</em></strong></span> <span class='ocrx_word' id='word_1_228' title='bbox 207 3227 271 3318; x_wconf 86' lang='grc' dir='ltr'><strong><em>τήν</em></strong></span> <span class='ocrx_word' id='word_1_229' title='bbox 288 3229 394 3318; x_wconf 85' lang='grc' dir='ltr'><strong><em>νήσου</em></strong></span> <span class='ocrx_word' id='word_1_230' title='bbox 412 3230 467 3297; x_wconf 72' lang='grc' dir='ltr'><strong><em>καὶ</em></strong></span> <span class='ocrx_word' id='word_1_231' title='bbox 485 3231 618 3319; x_wconf 79' lang='grc' dir='ltr'><strong><em>φρουρᾷ</em></strong></span> <span class='ocrx_word' id='word_1_232' title='bbox 642 3222 849 3315; x_wconf 85' lang='grc' dir='ltr'><strong><em>παραδόντες</em></strong></span> <span class='ocrx_word' id='word_1_233' title='bbox 868 3233 987 3297; x_wconf 79' lang='grc' dir='ltr'><strong><em>ἔπλεον</em></strong></span> <span class='ocrx_word' id='word_1_234' title='bbox 1006 3215 1152 3308; x_wconf 82' lang='grc' dir='ltr'><strong><em>αύθις.ο</em></strong></span> 
     </span>
    </p>
   </div>
   <div class='ocr_carea' id='block_1_4' title="bbox 221 3457 980 3602">
    <p class='ocr_par' dir='ltr' id='par_1_4' title="bbox 221 3457 980 3602">
     <span class='ocr_line' id='line_1_32' title="bbox 221 3457 980 3528; baseline -0.007 -15"><span class='ocrx_word' id='word_1_235' title='bbox 221 3462 291 3528; x_wconf 65' lang='lat' dir='ltr'><strong><em>Cap.</em></strong></span> <span class='ocrx_word' id='word_1_236' title='bbox 306 3463 346 3512; x_wconf 81' lang='lat'><strong><em>14.</em></strong></span> <span class='ocrx_word' id='word_1_237' title='bbox 371 3461 471 3512; x_wconf 78' lang='lat' dir='ltr'><strong>DionIu</strong></span> <span class='ocrx_word' id='word_1_238' title='bbox 484 3459 627 3511; x_wconf 75' lang='lat' dir='ltr'><strong>Historiae</strong></span> <span class='ocrx_word' id='word_1_239' title='bbox 641 3459 782 3511; x_wconf 82' lang='lat' dir='ltr'><strong>Romanae</strong></span> <span class='ocrx_word' id='word_1_240' title='bbox 795 3457 860 3509; x_wconf 86' lang='lat' dir='ltr'>libri</span> <span class='ocrx_word' id='word_1_241' title='bbox 870 3457 980 3523; x_wconf 79' lang='lat' dir='ltr'><strong>perditi.</strong></span> 
     </span>
     <span class='ocr_line' id='line_1_33' title="bbox 902 3539 966 3602; baseline 0 0"><span class='ocrx_word' id='word_1_242' title='bbox 902 3539 966 3602; x_wconf 80' lang='lat'><strong><em>14*</em></strong></span> 
     </span>
    </p>
   </div>
   <div class='ocr_carea' id='block_1_5' title="bbox 0 0 1294 3812">
    <p class='ocr_par' dir='ltr' id='par_1_5' title="bbox 0 0 1294 3812">
     <span class='ocr_line' id='line_1_34' title="bbox 0 0 1294 3812; baseline 0 0"><span class='ocrx_word' id='word_1_243' title='bbox 0 0 1294 3812; x_wconf 95' lang='lat' dir='ltr'><strong><em> </em></strong></span> 
     </span>
    </p>
   </div>
  </div>
 </body>
</html>
