2562 3814
189 150 250 216 156
495 151 566 203 Lm.
578 149 641 203 vn.
659 148 737 200 ατε.
750 149 853 200 xxm.

187 283 233 382 μὴ
253 287 417 380 πρότερον
439 292 507 359 τεόν
532 292 568 358 έν
592 293 637 381 τῷ
656 295 856 381 Καπιτωλίῳ
880 289 1076 377 σωζομένων
1093 304 1156 377 ψη-

188 394 384 482 φισαμένων
403 389 492 484 αὐτῷ
509 390 570 478 τὴν
588 388 704 480 άρχήν.
735 379 779 478 ἦν
793 389 829 460 δὲ
842 388 965 480 ἀπορία
979 392 1041 460 τοῦ
1050 394 1155 461 ταῦτα

191 499 446 582 διαγγελοῦντος
463 507 532 572 τοῖς
552 497 598 572 είς
610 489 647 560 τό
659 487 879 560 Καπιτοόλιον.
910 485 957 572 εἷς
976 493 1016 560 δέ
1027 519 1076 572 τις
1087 496 1155 563 τῶν

85 599 277 666 ΡΙ357νέων
300 601 460 684 Κομίνιος
484 590 657 681 Πόντιος,
678 591 774 681 δόξης
806 595 909 680 ἐρῶν,
940 590 1068 681 ὑπέστη
1098 591 1157 664 τόν

188 687 313 784 ἆθλον,
338 699 394 765 καὶ
417 691 534 765 λαθών
559 692 615 764 διά
631 695 744 783 μέσων
768 696 863 781 διέβη
887 695 956 764 των
973 701 1185 784 πολεμίων,ε

189 801 309 890 καὶτῷ
333 794 426 890 λόφφ
451 798 511 866 τοῦ
528 802 744 866 Καπιτωλίου
768 792 1001 884 προσπελάσας
1026 798 1083 865 καὶ
1100 825 1156 886 χα-

189 902 297 979 λεπάς
328 897 518 987 ἀνερπύσας
547 895 641 986 μόλις
672 925 708 967 τε
737 891 1043 988 ἀναρριχησάμενος
1072 895 1156 988 πρός

188 1001 265 1082 τούς
285 1003 321 1070 ἐν
334 1000 425 1069 ’τέλει
441 1005 510 1068 των
528 997 699 1087 Ῥωμαίων
717 997 807 1085 παρά
831 1002 900 1068 των
918 995 1157 1087 φυλαττόντων

189 1100 342 1191 εἰσήχθη,
361 1103 416 1170 καὶ
433 1099 496 1188 τήν
512 1128 546 1170 τε
564 1107 663 1188 νίκην
680 1104 740 1169 τοῦ
757 1106 932 1188 Καμίλλου
949 1097 1155 1188 κατήγγειλε,

189 1205 245 1272 καὶ
269 1201 310 1272 τά
336 1199 477 1286 δόξαντα
506 1217 575 1282 τοῖς
601 1197 816 1290 στρατιώταις
843 1198 947 1271 είπων
971 1205 1199 1289 βεβαιώσαιτο

188 1307 235 1398 τῷ
253 1309 414 1395 Καμίλλῳ
431 1303 494 1391 τὴν
512 1301 618 1392 ἀρχὴν
636 1299 826 1393 παρεκάλει.
863 1307 898 1390 οί
914 1303 952 1373 δὲ
971 1301 1155 1392 δικτάτωρα

188 1405 248 1476 τόν
273 1403 445 1494 Κάμιλλον
472 1408 688 1493 ἐψηφίσαντο.
730 1399 845 1484 καλός
869 1400 947 1484 τούς
971 1407 1033 1487 ἔξω
1057 1401 1155 1486 ὄντας

184 1504 365 1596 Ῥωμαίους
389 1508 465 1596 περὶ
485 1511 681 1601 δισμυρίους
705 1502 907 1593 συναγαγών
931 1507 987 1575 καὶ
1005 1503 1070 1575 άπὸ
1088 1511 1155 1575 τῶν

190 1607 375 1696 συμμάχων
404 1605 565 1691 πολλούς,
595 1604 857 1695 παρεσκευάζετο
880 1604 963 1694 πρός
990 1610 1153 1678 ἐπίθεσιν.

154 1713 226 1778 Βοί
247 1709 284 1777 δὲ
308 1706 472 1796 βάρβαροι
495 1705 573 1794 μεθ’
594 1706 722 1796 ἡμέραν
746 1705 905 1796 διιόντες,
931 1709 1154 1796 καὶκαταμα-
1169 1733 1200 1773 ιε

188 1807 309 1890 θόντες
322 1804 435 1878 όθενό
450 1807 592 1890 Πόντιος
606 1811 754 1901 προσέβη
767 1813 813 1904 τῷ
825 1817 1036 1902 Καπιτωλίῳ,
1057 1815 1155 1880 τοῦτο

189 1907 222 1980 δ’
243 1907 460 1980 ὑπετόπασαν
485 1916 522 1979 ἔκ
539 1937 576 1980 τε
599 1917 667 1981 τῶν
690 1908 934 2000 άπερρωγότων
958 1915 1016 1997 της
1034 1912 1156 1998 πέτρας

187 2009 416 2100 θραυσμάτων
439 2013 497 2080 καί
519 2018 578 2100 τῆς
596 2010 698 2100 πόας,
730 2008 751 2100 ἢ
775 2010 880 2099 πολλὴ
905 2011 956 2082 ἐπ’
979 2011 1081 2101 αὐτῆς
1099 2002 1153 2100 ἦν,

188 2116 245 2201 τῆς
263 2113 325 2202 μέν
339 2111 606 2203 άνεσπασμένης,
624 2118 682 2201 της
697 2114 733 2184 δὲ
747 2116 1051 2202 συμπεπιλημένης,
1072 2115 1153 2182 ἐκεῖῚ

187 2227 252 2286 θεν
275 2215 441 2302 ἀναβῆναι
461 2215 581 2295 νυκτός
606 2217 662 2285 καὶ
688 2209 782 2285 αότολ
810 2213 1061 2302 ἐβουλεύσαντο.
1097 2216 1197 2282 καίεο

188 2318 409 2406 ἐπεχείρησαν
422 2320 468 2406 τῷ
482 2323 581 2409 έργφ,
600 2318 655 2385 καὶ
676 2321 845 2404 δυσχερῶς
862 2319 936 2405 μέν,
953 2313 1100 2406 ἀνῄεσαν
1120 2311 1152 2383 δ’

186 2413 287 2505 ὅμως,
307 2419 363 2485 καὶ
382 2423 508 2486 ἔλαθον
525 2414 567 2486 άν
585 2412 724 2507 ἡμμένοι
741 2424 800 2487 τοῦ
813 2425 1083 2506 προτειχίσματος
1098 2418 1154 2486 καὶ

136 2513 138 2518 ’
186 2532 255 2597 τοῖς
274 2516 418 2604 φύλαξιν
438 2521 645 2607 ἐπιθέμενοι,
671 2524 702 2587 εί
718 2518 763 2608 μὴ
781 2522 880 2610 χῆνες
897 2509 983 2607 ἦσαν
1001 2521 1078 2608 περὶ
1095 2517 1154 2588 τὸν

186 2617 275 2689 νεοδν
292 2615 463 2710 τῆςἭρας
480 2619 689 2708 τρεφόμενοι,
710 2627 744 2690 ολ
759 2619 860 2708 φάσει
877 2619 970 2702 ὄντες
989 2617 1154 2708 εὐαίσθη-

186 2747 236 2788 τοι
261 2722 323 2788 καὶ·
340 2727 538 2808 ψοφοδεεῖς,
563 2720 645 2810 ταχδ
668 2725 738 2792 των
761 2724 922 2792 Γαλατῶν
944 2718 1006 2809 τὴν
1030 2726 1155 2809 ἔφοδον
1167 2744 1199 2785 2⁵

185 2815 351 2911 ᾔσθοντο,
372 2823 428 2892 καὶ
445 2820 633 2912 ταραχάδει
646 2827 774 2913 κλαγγῇ
787 2823 965 2913 φερόμενοι
979 2819 1062 2910 πρός
1074 2820 1154 2901 τούς

151 2919 339 3010 Οφόλακας
358 2921 538 3012 ἐπήγειραν
555 2921 712 3005 ἅπαντας.
748 2921 836 2995 οὕτω
856 2925 893 2994 δὲ
910 2941 979 3006 τοῖς
1000 2922 1154 2994 ἀνιοῦσιν

184 3029 220 3094 οί
230 3019 383 3114 Ῥωμαῖοι
401 3028 641 3114 προσμίξαντες
658 3025 736 3106 τούς
753 3026 815 3116 μὲν
834 3021 1051 3112 ἀπέκτειναν,
1074 3023 1153 3106 τούς

185 3125 223 3193 δέ
240 3126 323 3195 κατά
341 3132 399 3214 τῆς
416 3128 537 3215 πέτρας
555 3124 746 3217 άπάσαντο,
766 3128 820 3197 καὶ
838 3124 898 3196 τόν
916 3133 1079 3198 κίνδυνον
1097 3129 1113 3195 ί
1134 3166 1149 3175 -

184 3224 404 3314 πεφεύγασιν.
1166 3252 1196 3294 ιο

257 3323 435 3400 Ἐντεῦθεν
452 3318 539 3418 ἦσαν
557 3335 592 3400 οί
606 3331 728 3400 Κελτοὶ
746 3325 969 3420 ἀθυμότεροι,
994 3324 1050 3417 ἐφ’
1069 3328 1152 3398 ἑπτά

181 3430 262 3516 μησὶ
288 3432 330 3518 τῇ
352 3437 527 3524 πολιορκίᾳ
550 3429 867 3523 ταλαιπωρούμενοι.
911 3430 1045 3502 διὸκαὶ
1073 3432 1151 3521 περί
