2566 3812
175 108 240 173 232
509 107 580 161 LIB.
593 108 670 163 VIII.
688 107 768 161 (λδ-Ρ.
779 109 839 166 XX,

177 249 389 338 λῃιζομένους
406 247 467 337 τὴν
484 244 660 337 σύμμαχον
677 245 733 316 διά
750 249 879 337 ταχέων
896 245 1010 320 ἐλθόιν
1027 247 1069 320 ού
1086 278 1151 321 κει-
1278 341 1279 346 ¹

176 354 297 439 τέλαβε
314 353 402 438 σφᾶς
426 353 511 439 ἐκεῖ,
535 346 725 437 φεύγοντας
750 343 782 417 δ’
803 351 964 433 ἐπεδίωξε
986 351 1043 420 καὶ
1065 345 1149 422 ύπο·

177 449 320 533 στάντας
352 455 502 538 ἐνίκησε,
533 457 689 520 Σκιπίων
714 449 752 519 δέ
781 449 865 520 κατά
892 448 1005 543 χάραν
1030 458 1149 541 μείνας

173 549 309 644 Ἀκέρας
327 549 531 649 ἐπολιόρκει,
549 553 606 622 καὶ
622 546 738 640 λοβόν
755 548 858 633 αύτάς
870 549 1072 644 ὁρμητήριον
1087 556 1151 624 τού

176 656 325 743 πολέμου
342 659 543 742 πεποίηκεν,
570 649 673 734 ούσας
690 654 884 744 ἐπικαίρους
907 655 964 724 καὶ
987 653 1179 745 εύερκεῑς.ε

177 752 367 826 κάντεύθεν
389 752 577 846 ὁρμώμενοι
600 752 639 825 τό
662 782 699 825 τε
724 752 940 826 Μεδιόλανον
963 757 1019 825 καὶ
1042 753 1150 845 κωμό-

177 865 277 928 πολιν
296 856 414 948 ἑτέραν
441 853 668 947 ἐχειρώσαντο.
705 851 856 927 ἁλόντων
881 856 918 926 δὲ
941 854 1070 928 τούτων
1092 859 1151 928 καὶ

73 963 213 1031 Ρῐεοσοί
224 959 334 1029 λοιποὶ
347 954 533 1047 Ἰνσούβροι
546 951 766 1045 ὡμολόγησαν
779 953 911 1045 αύτοίς,
930 955 1079 1048 χρήματα
1092 958 1150 1028 καλ

178 1059 277 1151 μέρος
294 1061 354 1147 τῆς
371 1062 432 1148 γῆν
452 1057 575 1140 δόντες.

257 1158 341 1230 Εἶτα
365 1156 537 1240 Πούπλιός
562 1187 598 1229 τε
621 1155 807 1249 Κορνήλιος
836 1161 893 1230 καὶ
915 1155 1056 1250 Μάρκος
1081 1169 1148 1230 Μι-
1163 1189 1192 1231 ιο

178 1259 313 1343 νούκιος
331 1257 384 1331 ἐπ’
394 1257 528 1352 Ἴστρου
542 1257 784 1352 ἐστράτευσαν,
802 1261 859 1330 καὶ
872 1259 979 1332 πολλά
996 1267 1064 1332 τεόν
1082 1265 1152 1332 ἐκεῖ

179 1361 354 1434 ἐθνεῖν
318 1391 358 1432 τα
385 1362 449 1450 μὲν
471 1363 624 1456 πολέμρι,
647 1361 744 1431 τάδε
766 1355 995 1450 ὁμολογίαις’
972 1387 1022 1432 νπ
1024 1363 1150 1447 έταξαν.

177 1461 384 1545 Λούκιοςδέ
411 1459 610 1553 Οὐετούριος
633 1464 690 1532 καί
711 1460 812 1544 Γάιος
834 1460 1017 1545 Λουτάτιος
1040 1453 1150 1588 ηλθρν

177 1568 274 1655 μέχρι
289 1592 358 1634 των
367 1560 537 1651 ’'Al-new,
562 1559 645 1634 άνευ
669 1564 707 1634 δέ
729 1560 835 1653 μάχης
857 1559 1049 1645 πολλούς’
1024 1563 1150 1658 ῳκειύ-

179 1687 291 1736 σαντο.
327 1659 345 1734 ὁ
371 1667 484 1754 μέντοι
507 1667 576 1734 τῶν
593 1661 836 1756 Σαρδιαίων”
814 1693 928 1755 αρχων
944 1663 1149 1788 Δημήτριος,
1162 1691 1190 1733 ιτ

179 1765 224 1848 ιδς
242 1765 314 1836 άνω
332 1791 398 1836 που
418 1775 563 1862 είρηται,
581 1781 650 1848 τοῖς
664 1770 853 1858 ἐπιχωρίοις
867 1757 1053 1856 ἐπαχθὴς
1033 1795 1077 1887 ην
1093 1770 1151 1838 καλ

178 1865 219 1937 τά
245 1870 314 1937 τεόν
338 1871 545 1956 πλησιοίκων
569 1865 764 1958 ἐκακούργει
794 1867 850 1937 καὶ
880 1865 990 1939 ἐδόκει
1012 1872 1053 1958 τῇ
1072 1867 1150 1940 Ῥω-

178 1973 289 2057 μαίων
313 1963 460 2062 φιλίρι’
440 1965 675 2061 αποχρύμενος
699 1966 839 2040 άδικεϊυ.
889 1967 1086 2059 αἰσθόμενοι
1112 1970 1150 2040 δὲ

178 2075 278 2141 τοῦτο
291 2074 327 2140 οἱ
341 2067 462 2140 ύπατοι
475 2075 630 2160 Αἰμίλιος
643 2073 780 2151 Παύλος
793 2070 850 2140 καὶ
860 2069 1001 2163 Μάρκος
1014 2069 1149 2158 Λιούιος
1219 2069 1221 2074 ’

145 2168 559 2262 Βμετεκέμψαντοαύτόν.
591 2169 636 2253 τός
650 2167 685 2240 δ’
699 2169 760 2261 ούχ
772 2167 977 2259 ὑπήκουσεν,
995 2169 1080 2242 ἀλλὰ
1092 2173 1149 2244 καὶ
1161 2196 1189 2238 ιο

178 2274 237 2361 τῆς
255 2279 462 2363 συμμαχίδος
486 2274 584 2361 σφων
600 2269 740 2360 ἥπτετο,
766 2271 990 2361 ἐστράτευσαν
1014 2271 1066 2343 ἐπ’
1088 2268 1150 2342 αύ-

178 2372 239 2443 τδυ
257 2377 294 2445 ἐν
311 2369 455 2464 τῇἿσση
472 2369 562 2444 ὄντα.
599 2375 656 2443 καί
675 2370 907 2464 προμαθόντες
929 2370 980 2444 ὅτι
996 2371 1151 2465 ύφιόρμει
1253 2408 1257 2416 ·

178 2500 247 2544 που
263 2476 333 2543 τοῖν
350 2471 564 2565 κατάρσεων,
583 2478 684 2565 μέρος
700 2481 769 2546 τῶν
785 2479 924 2546 νειόνί
892 2502 908 2545 ε
923 2503 940 2556 ς
910 2475 999 2545 ίτδι
1017 2477 1071 2546 ἐπὶ
1086 2472 1149 2546 θά-

178 2601 260 2664 τερα
277 2579 335 2662 τῆς
353 2573 462 2662 νήσου
477 2596 587 2664 προσμ
589 2579 657 2658 ίξαι
670 2583 832 2665 ἔπεμψαν.
869 2572 933 2648 κάκ
948 2576 1069 2648 τούτου
1082 2604 1150 2646 των

174 2671 421 2766 Ἰλλυριωνέπ’
383 2671 640 2758 πέκείνονς
616 2705 661 2758 ως
686 2679 744 2748 καὶ
766 2675 890 2767 μόνους
907 2673 1007 2760 ὄντας
1028 2703 1148 2766 τραπο-
1161 2701 1189 2744 ιι

177 2779 307 2866 μένων,
333 2771 429 2847 αύτολ
451 2776 536 2848 κατὰ
558 2775 683 2868 σχολὴν
704 2776 997 2870 προσπλεύσαντες
1021 2782 1058 2849 ἐν
1080 2782 1149 2850 ἐπι-

177 2884 300 2973 τηδείρι
317 2906 354 2949 τε
372 2877 718 2969 ἐστρατοπεδεύσαντο
735 2881 792 2950 καί
805 2879 1056 2972 προσπεσόντας
1073 2887 1149 2971 σφί-

178 3001 234 3051 σιν
265 2978 464 3072 αύθημερδν
488 2977 566 3061 τούς
593 2983 790 3071 ἐπιχωρίους
819 2979 904 3073 ὀργῇ
933 2985 994 3070 τῆς
1022 2978 1150 3068 ἀπάτης

177 3076 383 3154 άπεάσαντο.
436 3085 497 3152 τού
534 3081 572 3150 δὲ
600 3088 801 3173 Δημητρίου·
825 3086 859 3165 ἐς
889 3080 1005 3175 Φάρον
1032 3083 1150 3172 ἐτέραν

160 3185 284 3270 ,νῆσον
312 3180 553 3272 διαφυγόντος,
584 3185 641 3253 καὶ
665 3179 719 3253 ἐπ’
747 3185 879 3273 ἐκείνην
902 3189 1071 3255 ἔπλευσαν
1094 3184 1189 3254 καλω

165 3336 381 3352 μαι-...-

4 3381 6 3422 λ

4 3423 6 3462 ί

248 3413 280 3462 16
299 3405 359 3464 άνω
376 3409 447 3479 που]
467 3429 493 3480 p.
506 3414 565 3478 228,
586 3417 616 3466 12
635 3430 694 3480 seq.
