2562 3814
204 141 265 205 108
493 140 564 190 LIB.
576 139 638 192 VII.
657 137 734 191 CAP.
747 138 821 188 VIII.
833 139 882 188 IX.

202 277 313 372 θύρας
330 281 397 350 ταῖν
417 283 599 366 βασιλείων
616 267 715 365 ῆκον,
740 273 895 364 ἀλλήλοις
920 279 1028 364 δῆθεν
1052 281 1171 365 διαμα-
1263 284 1270 378 2}

202 381 355 473 χόμενοι,
379 387 439 450 καί
453 385 489 450 οἱ
505 383 621 450 ἐλθεῖν
639 385 685 460 είς
703 375 784 462 ὄψιν
801 379 942 450 ἐδέοντο.
979 379 1036 446 καὶ
1052 375 1170 467 τυχόν·
1268 391 1270 442 ζ

202 511 255 564 τες
273 482 392 553 τούτου
411 489 457 562 είς
475 479 595 568 λόγους
618 476 774 568 ἆλλῆλοις
791 474 1089 566 ἀποκατέστησαν,
1112 480 1172 548 καὶ
1259 463 1270 498 ¹

205 583 509 674 δικαιολογουμένῳ
532 584 579 675 τῷ
602 582 654 652 ἑνὶ
670 582 877 671 προσέχοντα
900 578 958 650 τὸν
982 577 1171 669 Ταρκύνιον
1268 635 1271 640 .

102 687 223 756 ΡΙεεεδ
243 688 354 773 ἕτερος
370 681 619 773 κατειργάσατο.
1185 709 1200 749 5

276 783 313 856 ‘0
331 785 394 874 μέν
411 774 476 856 ούν
495 781 682 874 Ταρκύνιος
699 785 850 854 τοιούτου
868 789 943 871 ἔσχε
960 784 1064 869 τέλος,
1082 781 1172 871 τριοὶ-
1269 821 1270 824 ¹

171 892 192 956 9
207 915 308 959 κοντα
320 889 377 958 καὶ
385 885 472 956 ὀκτοδ
485 881 689 974 βασιλεύσας
702 882 888 972 ἐνιαυτούς,
900 882 963 972 τῆν
976 883 1013 954 δὲ
1025 887 1083 972 τῆς
1097 881 1173 954 Ῥοί-

204 1016 267 1078 μῆς
280 985 483 1076 βασιλείανὸ
498 983 659 1067 Τούλλιος
672 987 853 1073 διεδέξατο,
867 990 1028 1076 συνεργίᾳ
1041 989 1099 1073 τῆς
1111 988 1173 1055 τού

210 1095 401 1180 Ταρκυνίου
423 1085 582 1178 γυναικὸς
605 1091 856 1168 Τανακυιλίδος.
892 1089 1012 1157 τούτου
1030 1086 1067 1155 δέ
1084 1084 1173 1174 γυνῆ
1271 1107 1273 1110 ·

203 1218 254 1272 τις
274 1185 400 1280 Ὀκρισί
400 1219 421 1258 α
444 1189 650 1278 καλουμένη,
675 1195 844 1276 Σερουίου
867 1191 1032 1258 Τουλλίον
1049 1182 1172 1278 ἆνδρδς
1185 1214 1216 1255 ιο

205 1298 354 1363 Λατίνου
368 1287 539 1382 εύνέτειρα
554 1292 591 1360 έν
608 1317 654 1382 τςο
640 1291 803 1383 πολέμῳ
817 1286 942 1360 αλοῦσα
954 1289 1011 1360 καὶ
1023 1316 1070 1382 τῳ
1060 1291 1170 1375 Ταρ-

205 1420 269 1463 κυν
272 1400 312 1485 ίῳ
332 1394 553 1482 έξαιρεθείσα,
571 1393 715 1476 τέτοκεν,
733 1385 923 1479 ῆέγκύμοιν
934 1379 1170 1460 οίκοθενοῦσα

204 1523 226 1580 η
210 1461 458 1580 συλλαβοῦσα
476 1491 557 1581 μετὰ
574 1488 637 1579 τῆν
653 1489 798 1562 αλονσιν
826 1489 1018 1580 λέγεται
979 1519 1043 1581 γαρ
1061 1488 1172 1580 ἀμφό-

204 1621 293 1719 τερα.
329 1583 426 1674 οὗτος
451 1595 484 1674 ές
501 1597 625 1672 παῖδας
647 1589 715 1680 ῆδῆ
738 1595 845 1663 τελῶν
869 1593 986 1662 έπὶί
948 1597 1074 1682 δίφρου
1091 1588 1172 1681 μεθ’

205 1794 292 1864 πολύ
312 1793 421 1864 ἐδόκει
439 1791 648 1878 ἐξάλλεσθαι.
679 1793 763 1882 ὅπερ
782 1789 898 1866 ίδοδνδ
917 1792 1102 1883 Ταρκύνιος
1117 1794 1173 1864 διὰ

174 1886 401 1982 Βσπουδῆς
381 1923 442 1984 ῆγε
459 1891 518 1965 τὸν
542 1921 588 1965 πα
591 1905 663 1985 ῑδα,
690 1897 813 1976 καλε
837 1893 971 1984 ἡλικίαν
987 1890 1175 1985 ἀφιγμένον

206 2012 275 2078 τοῖς
293 1992 509 2088 εὐπατρίδαις
527 1999 583 2066 καὶ
600 2024 641 2086 τῆ
626 2001 820 2118 γερουσία
837 1997 1006 2080 συνέταξε.

282 2101 560 2186 Συλληφθέντων
577 2087 641 2168 οὖν
657 2101 726 2168 τοῖν
742 2126 802 2168 του
787 2104 971 2187 Ταρκυνί
969 2126 1011 2168 ον
1024 2098 1173 2186 φονέων,

170 2222 173 2230 ’
205 2204 364 2287 μαθοῦσα
387 2228 409 2286 ῆ
398 2195 560 2270 ἐκείνου
577 2197 664 2288 γυνῆ
688 2193 780 2270 καὶὸ
803 2199 962 2323 Τούλλιος
985 2199 1047 2288 τῆν
1064 2226 1172 2288 παρα·
1186 2225 1218 2267 εο

206 2301 332 2388 σκενῆν
354 2305 413 2384 τῆς
437 2303 616 2388 ἐπιβουλῆς
647 2299 687 2370 ού
710 2300 860 2390 φανερὸν
885 2297 1004 2370 αὐτίκα
1033 2300 1091 2372 τὸν
1114 2303 1175 2370 τού

212 2406 402 2489 Ταρκυνίου
426 2397 577 2471 θάνατον
601 2407 738 2489 ἔθεντο,
763 2399 836 2472 ἀλλ’
858 2397 1053 2490 ἀνελόμενοι
1070 2398 1175 2472 αύιὸν

207 2499 251 2580 οδς
270 2505 318 2570 ἔτι
336 2502 520 2588 ἐμπνέοντα
539 2499 748 2592 ἐθεράπευον
768 2505 888 2592 δῆθεν,
909 2499 973 2574 κᾶν
990 2501 1099 2596 τούτῳ
1116 2509 1175 2571 πί-

206 2623 295 2682 στεις
312 2599 466 2690 ύλλῆλοις
485 2607 607 2674 ἔδοσαν
625 2598 710 2674 ὥστε
727 2600 786 2673 τδν
809 2604 971 2674 Τούλλιον
987 2601 1049 2691 τῆν
1066 2601 1175 2693 ιἰρχῆν

207 2700 366 2792 εἰληφότα
389 2718 458 2785 τοῖς
481 2705 598 2774 παισὶν
622 2702 725 2794 αὐτῆς
755 2699 986 2793 ἆνδροιθεῑσιν
1015 2707 1175 2791 ἐκστῆναι
1188 2733 1218 2774 οε

205 2801 337 2892 ταύτης.
383 2807 457 2874 ἐπεὶ
483 2806 519 2874 δὲ
549 2802 587 2876 τδ
614 2810 744 2894 πλῆθος
775 2804 971 2896 συνδραμύν
1002 2805 1174 2897 ἐθορύβει,

205 2903 406 2996 προκύψασα
431 2909 467 2977 ἐκ
484 2909 553 2977 τῶν
575 2901 781 3001 δπερςόωνῆ
804 2909 1006 2989 Τανακυιλδς
1027 2902 1095 2997 “μῆ
1112 2935 1176 2996 φο-

205 3003 345 3091 βείσθε”
367 3012 446 3096 ἔφη·
469 3001 510 3076 “δ
528 3004 592 3097 γὰρ
610 3005 696 3097 ἆνῆρ
713 3037 778 3097 μου
796 3011 852 3078 καὶ
870 3013 907 3101 ζῆ
925 3011 981 3080 καί
998 3007 1081 3098 ύμῖν
1098 3006 1172 3098 μετ’

205 3103 320 3194 ὀλίγον
338 3105 535 3196 ὀφθήσεται.
571 3113 628 3178 ἵνα
651 3109 689 3180 δέ
707 3105 806 3191 αὐτός
829 3137 865 3180 τε
882 3108 1051 3200 σχολάζων
1073 3104 1177 3200 ύγια-

273 3301 379 3369 Οερ..9
400 3305 884 3360 ΒίοαὶεΗίἰὶελοεαεΒοιοαααεΙοεί
896 3307 1010 3374 perditi:
1023 3311 1118 3376 ρ.111,
1131 3310 1174 3372 11,

203 3368 304 3501 ἑεογθιρ
316 3373 357 3492 γὲ,
351 3373 444 3438 ‚apud
457 3388 570 3438 gramm.
584 3373 707 3425 Bekkeri
697 3392 745 3442 ιβ
759 3377 871 3441 13917
894 3377 994 3442 Ρ.,109
1005 3377 1030 3442 5,
1043 3376 1077 3427 fr.
1089 3377 1122 3428 10
1134 3375 1173 3426 ib.
