2546 3822
400 185 471 238 LIB.
491 187 551 238 XV.
572 185 650 237 CAP.
669 185 786 240 111.1v.
1015 183 1076 248 341

110 327 300 411 δύσκολον,
326 323 363 406 ὃς
388 326 445 394 καὶ
471 324 603 394 δώδεκα
621 322 710 412 εἶχεν
730 324 863 414 ἑτέρους
882 331 1079 418 συνοικούν-

4 501 12 515 ‚
109 456 168 510 τας
188 420 300 520 αύτῷ,
326 423 505 506 κάκείνους
522 432 580 513 τῆς
598 430 734 514 λογικῆς
751 431 903 506 παιδείας
920 428 1078 514 μετέχου-

109 557 167 610 τας
185 526 269 598 κατά
287 526 325 598 τό
341 525 536 617 ἀκρότατον.
561 526 693 608 τούτοις
707 526 764 595 καὶ
782 527 924 615 σιτήσεις
943 522 1079 596 ἀνεῖντο

111 630 281 719 δημόσιαι,
300 629 356 698 καὶ
374 627 455 719 παρ’
475 625 591 708 αύτοίς
606 631 751 717 ἐφοίτων
769 621 819 710 οἷς
833 633 930 717 ἔμελε
943 633 1079 715 λογικῆς

83 760 96 801 τ
110 736 264 812 παιδείας
281 730 339 799 καὶ
355 731 525 817 γνώσεως,
539 726 601 810 ούς
611 729 669 798 καὶ
682 725 700 798 ὁ
714 729 905 816 βασιλεύων
923 728 1074 818 σνμβού-
1090 739 1112 790 O

109 841 191 913 λους
215 833 253 900 έν
276 845 347 912 τοῖς
371 831 545 921 πρακτέοις
574 838 744 918 πεποίητο.
795 829 937 911 τούτους
961 823 1026 900 ούν
1050 836 1082 900 εί

110 935 178 1003 ἕλοι
207 933 264 1001 καὶ
294 937 353 1020 τῆς
378 933 500 1002 ἑαυτοῦ
526 931 698 1020 ποιήσαιτο
721 930 875 1020 γνύμης,
903 937 1012 1022 ἔκρινε
1042 930 1079 999 τό

109 1038 178 1104 πάν
196 1032 476 1124 κατεργάσασθαι.
511 1033 569 1101 καὶ
585 1032 666 1114 τούς
684 1031 812 1124 άνδρας
829 1032 1080 1122 μεταστειλάμε-

109 1163 167 1216 νος
191 1134 253 1222 τῆν
277 1135 354 1224 περὶ
377 1139 447 1203 τῶν
465 1140 639 1222 σεβαστόν
657 1133 798 1203 εἰκόνων
815 1133 954 1223 γνιόμην
972 1131 1080 1202 αύτού

70 1268 96 1308 ιο
108 1233 171 1324 τῆν
188 1234 343 1326 πονηράν
361 1233 477 1316 αύτοίς
496 1235 705 1306 ἐκοινώσατο.
730 1239 766 1304 οί
782 1234 820 1303 δὲ
838 1231 901 1324 ούχ
918 1231 1001 1304 ὅσον
1018 1231 1080 1323 ούχ

110 1335 304 1426 ύμοδόξουν
327 1334 438 1429 αύτῷ,
464 1333 551 1406 άλλά
583 1337 640 1406 καὶ
667 1333 773 1406 αύτόν
795 1341 997 1426 μεταστῆσαι
1020 1341 1080 1423 τῆς

107 1438 243 1527 γνύμης
260 1437 385 1526 ταύτης
400 1440 596 1528 ἐπεχείρουν
608 1435 809 1528 ὁλοσχερῶς,
828 1443 877 1528 πῆ
894 1436 958 1526 μὲν
975 1463 1076 1506 κατα-

110 1546 242 1622 φωντες
259 1539 321 1609 τόν
338 1543 432 1629 θῆρα
455 1537 516 1607 τόν
534 1537 772 1628 λεοντιύνυμον
794 1538 857 1608 καλ
869 1536 1079 1629 κατεπάσον·

108 1667 161 1721 τες
179 1638 287 1712 αύτοῦ
304 1636 345 1710 τά
364 1638 521 1728 σωτῆρια,
549 1643 598 1728 πῆ
616 1638 654 1706 δὲ
673 1638 907 1730 γενναιότερον
925 1636 1080 1726 άντιβαί-

68 1769 95 1810 ιτ
109 1769 225 1822 νοντες
251 1741 308 1810 καὶ
333 1741 560 1828 διελέγχοντες
590 1736 663 1826 τῆν
682 1735 848 1828 άσέβειαν.
884 1737 902 1810 ὁ
934 1740 972 1809 δὲ
998 1737 1080 1820 ῆσεὶ

108 1840 209 1924 άσπὶς
228 1847 307 1929 ἐβνε
325 1838 364 1910 τά
385 1833 453 1910 εἶτα
467 1841 523 1909 καί
537 1845 654 1929 φωνῆς
670 1840 865 1933 ἐπᾳδόντων
878 1839 941 1911 ούκ
954 1839 1080 1929 ἤκουεν

108 1941 184 2013 ούό’
206 1941 456 2032 ἐφαρμακεύετο
474 1940 566 2031 παρά
583 1946 653 2010 τῶν
671 1949 797 2030 σοφῶν.
834 1941 993 2024 πολλάκις
1011 1934 1077 2012 ούν
1088 1968 1114 2018 D

108 2039 225 2126 αύτοίς
243 2041 505 2133 προσωμιληκύς
522 2042 579 2110 καὶ
596 2039 658 2128 τῆν
672 2040 786 2112 αύτῶν
798 2043 979 2132 μετάθεσιν
993 2041 1080 2112 άπο-

108 2144 226 2230 γνούς,
245 2143 324 2224 τούς
342 2143 405 2233 μέν
423 2139 557 2230 άφῆκεν
575 2147 624 2222 είς
641 2140 703 2229 τῆν
722 2143 888 2231 σφετέραν
905 2148 1080 2232 πορευθῆ-

67 2274 94 2314 20
108 2273 165 2313 ναι
190 2244 376 2334 ὃιατριβῆν,
400 2241 463 2312 τόν
486 2241 580 2335 οἶκρν
607 2245 739 2312 ἐκείνου
755 2241 885 2330 δηλαδῆ
902 2241 963 2312 τόν
980 2249 1081 2331 βασί-

108 2353 208 2433 λειον,
228 2339 331 2426 αύτὸς
352 2345 390 2415 δέ
408 2343 569 2424 κελεύσας
589 2341 778 2434 εὔπρηστον
795 2342 884 2432 ύλην
903 2349 1077 2433 συναχθῆ-

107 2474 162 2517 ναι
178 2445 309 2535 πολλῆν
326 2447 383 2535 καὶ
401 2446 496 2535 πέριξ
513 2449 573 2514 τού
592 2455 688 2515 οἴκου
702 2454 862 2515 τεθεῖσαν
879 2439 1081 2535 άναφθῆναι

44 2603 46 2608 -
107 2547 247 2636 νυκτός,
279 2547 368 2620 οὕτω
399 2546 460 2617 τόν
490 2573 525 2616 τε
555 2543 650 2622 οἶκον
680 2544 748 2616 σύν
777 2559 850 2628 ταῖς
872 2553 1000 2636 βίβλοις
1022 2547 1080 2616 καὶ

108 2650 189 2730 τούς
212 2649 341 2738 σοφούς
366 2651 517 2729 ἐκείνους
541 2645 668 2738 ἄνδρας
686 2647 742 2716 καί
760 2655 963 2737 σεβασμίους
980 2649 1078 2718 κατέ-

69 2777 96 2818 25
110 2770 224 2818 καυσε.

184 2847 250 2920 Λιά
273 2854 379 2919 ταύτα
405 2843 422 2918 ό
447 2846 517 2936 τῆς
529 2850 759 2940 πρεσβυτέρας
780 2847 904 2938 Ῥούμης
920 2849 996 2919 τότε
1012 2848 1111 2937 τῆν4

109 2953 288 3039 ἐκκλησίαν
308 2949 443 3020 ίθύνωυ
461 2947 645 3039 Γρηγόρως
664 2955 723 3038 τῆς
734 2947 826 3040 πρός
843 2949 905 3019 τόν
922 2955 980 3038 τῆς
998 2951 1077 3030 νέας
1104 2989 1108 2994 -

102 3049 226 3141 Ριόμης
253 3051 504 3142 προεδρεύοντα
534 3051 591 3120 καὶ
621 3049 701 3132 τούς
733 3052 803 3120 ἐκεί
788 3057 851 3145 ίνςο
882 3049 1076 3142 ὁμόφρονας

106 3148 254 3234 ἀποστάς
280 3160 476 3240 κοινωνίας,
509 3155 659 3232 ἐκείνους
689 3151 751 3241 μέν
776 3151 845 3222 σύν
868 3157 916 3246 τῷ
943 3159 1180 3282 βασιλεῖΡΠίθδ

62 3287 92 3328 ιο
106 3259 275 3348 συνοδικφ
301 3255 540 3342 καθυπέβαλεν
571 3247 777 3343 άναθέματι,
802 3253 884 3335 τούς
915 3254 953 3324 δέ
983 3233 1113 3344 μέχριΑ

103 3354 178 3426 τότε
191 3384 232 3447 τη
220 3323 398 3449 βασιλείᾳ
409 3362 503 3445 κομιζ
487 3354 643 3444 ζομένους
657 3356 789 3426 ἐκεῖθεν
804 3355 935 3484 φόρους
950 3355 1078 3445 ἐπέσχε,

104 3471 174 3540 τοῖς
190 3457 358 3549 Φράγγοις
372 3455 601 3547 σπεισάμενος·
616 3453 657 3527 ού
670 3457 736 3547 γὰρ
749 3461 818 3528 τού
830 3485 901 3528 των
908 3455 1079 3549 Ρωμαίων
