2586 3800
210 221 253 288 μ
545 223 855 278 mmmm

207 392 244 434 τε
268 367 325 453 τῆς
349 366 474 452 βουλῇς
501 364 557 432 καὶ
581 366 639 452 τῆς
663 367 818 452 στρατιᾶς
846 360 1136 452 ἀναγορευθέντος
1160 361 1207 452 ἡ·

207 462 407 557 Ἀγριππίνα
425 463 536 535 πάντα
553 463 594 534 τὰ
611 469 651 555 τῇ
670 460 757 554 ἀρχῇ
773 462 985 555 προσήκοντα
1004 461 1119 557 διῴκει
1136 467 1185 562 τῷ

210 571 342 638 ἐκείνου
366 563 506 656 ὀνόματι
530 563 766 655 καπηλεύουσα
790 565 907 637 πάντα.
944 562 1119 657 προϊόντος
1145 568 1183 636 δέ

208 673 268 740 τοῦ
286 667 410 760 χρόνον
428 667 446 738 ὁ
465 670 615 748 Σενέκας
639 674 780 757 ἔπαρχος
805 662 854 738 ’ὢν
874 671 934 740 τοῦ
953 673 1182 758 δορυφορικοῦ

96 823 98 828 -
209 773 266 842 καί
295 763 313 841 ὁ
339 773 489 860 Βοῦρρος
522 767 721 851 διδάσκαλος
752 775 813 840 τοῦ
837 769 998 858 Νέρωνος
1027 765 1089 858 την
1119 769 1181 858 μέν
1209 797 1224 840 ε

209 879 380 960 ἔπαυσαν,
413 869 509 944 αὐτοὶ
540 871 577 940 δέ
606 868 669 967 τὴν
692 867 800 962 ἀρχὴν
822 866 954 961 ἤνυσαν
976 870 1094 962 ἄριστα
1125 869 1179 960 ἐφ’

175 971 353 1063 ῦδσονπερ
371 969 604 1062 ἠδυνήθησαν.
641 973 659 1041 ὁ
686 969 750 1061 γὰρ
769 973 892 1060 Νέρων
916 969 1079 1054 νεώτατος
1101 1001 1183 1060 τυγ-

208 1072 322 1164 χάνων
345 1069 395 1146 ὅτ’
426 1071 671 1164 ἐμονάρχησεν,
705 1075 987 1145 ἑπτακαιδέκατον
1014 1071 1079 1165 γὰρ
1110 1080 1183 1156 ἔτος
1224 1105 1227 1114 ·

207 1167 269 1266 ἦγε
287 1173 361 1246 τότε
375 1181 434 1264 τῆς
447 1174 578 1264 ἡλικίας
592 1171 710 1263 αὐτοῦ,
724 1176 781 1244 καὶ
794 1173 877 1265 μήτε
893 1182 1183 1265 φιλοπραγματίας

106 1275 295 1365 W111880'2'v,
315 1275 444 1370 ἐτρύφα
462 1273 556 1348 καὶ”
534 1305 599 1368 ηρα
617 1277 674 1346 καὶ
688 1273 832 1365 ἐκώμαζε
845 1279 901 1346 καί
915 1279 1038 1366 ἐμέθυε
1051 1278 1106 1346 καὶ
1115 1305 1178 1366 μο-
1192 1307 1220 1352 10

208 1387 382 1470 νομαχίαις
395 1381 451 1450 καὶ
465 1381 701 1502 ἱπποδρομίαις
714 1375 877 1467 ἐσχόλαζε.
898 1375 1183 1460 πολυδίπανοςδέ

209 1469 554 1571 καὶούμικρόφρων
532 1507 592 1600 ην,
604 1476 688 1550 αλλα
697 1481 826 1567 μαλλον
835 1475 1098 1569 ασωτευομενος
1108 1506 1183 1549 τεκ·

209 1581 330 1674 μήριον
348 1584 402 1670 δέ,
420 1583 486 1651 τιυὶ
505 1585 573 1651 τῶν
590 1578 726 1669 περὶ’
686 1578 790 1652 αυτὸν
807 1606 1019 1670 πεντηκοντα
1036 1577 1106 1670 ἅμα
1123 1583 1181 1650 καί

208 1689 381 1765 διακοσίας
414 1679 582 1772 μυριάδας
615 1679 781 1773 ἀργυρίου
825 1686 971 1772 δοθῆναι
1005 1680 1180 1772 κελεύσας,

210 1781 325 1872 ἐπειδὴ
342 1779 579 1874 ἡἈγριππῑνα
596 1780 787 1873 ἀθροίσασα
804 1781 841 1853 τὸ
855 1781 1017 1874 ἀργύριον
1032 1781 1180 1854 ἐνώπιον
1196 1809 1221 1853 ιε

209 1882 315 1956 αὐτοῦ
346 1889 490 1974 τεθῆναι
519 1889 719 1974 πεποίηκεν,
747 1881 793 1955 ἵν’
827 1882 957 1976 ἀθρόον
988 1882 1073 1956 ίδων
1099 1883 1183 1956 αὐτὸ

208 1984 453 2077 μεταβάληται,
472 1988 587 2068 συνείς
606 1989 731 2068 ἐκεῖνος
749 1983 848 2077 ἤρετο
866 1985 973 2058 πόσον
991 1997 1042 2074 εἴη
1059 1983 1096 2057 τὸ
1114 1993 1182 2057 κεί-

208 2115 330 2178 μενον,
353 2091 411 2159 καί
435 2086 557 2178 μαθων
576 2083 771 2177 “ἠγνόησα”
807 2088 901 2160 εἶπεν
927 2084 1069 2176 “όλίγον
1091 2087 1180 2160 οὕτω

103 2225 105 2231 “
176 2188 485 2282 Βκεχαρισμένος”,
504 2192 560 2260 καὶ
578 2195 865 2276 διπλασιασθῆναι
883 2191 1067 2260 ἐκέλευσεν.
1090 2185 1178 2258 οὕτω

212 2293 249 2362 δέ
267 2290 350 2382 ταχδ
368 2289 447 2372 τούς
465 2287 658 2379 βασιλικοὺς
677 2287 855 2380 ἐξήντλησε
867 2288 1077 2382 θησαυρούς,
1094 2287 1180 2378 ταχὺ
1194 2317 1220 2358 το

211 2391 248 2462 δέ
280 2391 395 2481 πόρων
425 2389 551 2480 ἐδεήθη
581 2397 708 2462 καινῶν
732 2393 789 2462 καὶ
813 2393 892 2481 τέλη
915 2387 978 2462 οὐκ
1004 2394 1180 2481 είθισμένα

210 2490 382 2564 πάντοθεν
400 2493 575 2580 ἐξελέγετο.
718 2566 720 2569 ,

291 2597 358 2681 Τῆς
383 2589 414 2662 δ’
439 2588 673 2716 Ἀγριππίνης,
696 2621 748 2664 οτι
771 2623 817 2682 μη
835 2589 1078 2687 ἀργυρολογεῖν
1095 2587 1182 2681 ἠδύ-

209 2721 290 2764 νατο
307 2691 586 2787 φιλαργυρωτάτη
604 2685 706 2783 οὖσα,
731 2693 929 2786 περιθύμως
951 2691 1179 2819 ὀργισθείσης,
1275 2759 1276 2762 ,

210 2797 267 2866 καὶ
297 2794 565 2887 ἀπειλησαμένης
599 2793 679 2867 τόν
691 2796 915 2895 Βρεττανικὸν
950 2791 1177 2886 αὐτοκράτορα
1190 2819 1217 2860 2⁵
1273 2817 1275 2884 η

210 2896 441 2988 καταστησειν,
459 2895 659 2988 φοβηθείς“
644 2925 662 2967 ο
681 2898 805 2989 Νέρων
822 2893 996 2969 ἀπέκτεινε
1012 2895 1178 2990 φαρμάκῳ
1273 2893 1274 2900 ³

210 2996 323 3072 αὐτόν.
359 2994 455 3072 καί
438 3029 457 3072 ο
480 3001 542 3090 μὲν
565 3026 766 3092 παραχρημα
784 2995 933 3082 ἀπέψυξε
951 3000 1008 3070 καὶ
1025 2995 1181 3090 φοράδην

210 3129 255 3181 ως
273 3105 452 3190 ἐπίληπτος
470 3097 698 3192 ἐκκεκόμιστο
718 3102 756 3171 ἐν
774 3101 815 3170 δέ
829 3128 868 3189 γε
885 3129 925 3192 τη
915 3103 1089 3194 ἐκφορᾷ,
1109 3101 1181 3172 ἐπεί

210 3195 408 3283 πελιδνὸς
387 3199 455 3272 υπό
481 3230 541 3272 του
567 3199 746 3328 φαρμάκου
763 3204 893 3291 γέγονε,
912 3200 1011 3296 γύψω
1028 3203 1183 3293 χρισθεὶς

212 3296 323 3364 διὰ
284 3327 343 3387 της
360 3297 484 3391 ἀγοραῖς
501 3298 614 3388 ηγετο·
637 3301 733 3384 ὑετδς
753 3302 791 3374 δέ
808 3298 953 3386 πολυς
932 3309 1038 3394 υγρᾶς
1056 3309 1162 3373 ἐτι
1121 3331 1181 3392 της
1195 3325 1221 3367 ³⁰

212 3392 324 3478 γύψου
347 3397 449 3486 οὔσης
479 3399 699 3472 ἐπιπεσων”
677 3425 812 3474 απασαν
842 3400 948 3494 αὐτην
977 3400 1182 3492 ἀπίκλυσεν,

112 3486 345 3563 ΡΙὸθθωστε
313 3525 349 3564 το
361 3495 524 3568 δεινὰν
482 3525 527 3586 μη
537 3527 642 3587 μονον
649 3500 846 3593 ακουεσθαι,
860 3501 943 3576 ἀλλά
953 3509 1009 3576 καί
1022 3503 1182 3594 ὁρᾶσθαι.
