2546 3822
242 190 305 256 368
506 191 578 244 LIB.
596 191 655 242 XV.
674 188 752 242 cAP.
772 187 941 243 xl11.11v.

241 336 324 421 τήν,
350 335 409 456 της
434 337 631 420 βασιλίσσης
649 327 798 420 Είρήνης
823 328 991 418 νοσούσης
1022 330 1090 400 καίΙ
1106 332 1142 399 έν
1162 314 1224 422 τβ

243 444 325 527 οίκφ
343 429 448 520 αύτής
473 459 520 524 τῳ
509 434 577 501 έν
594 445 664 512 τοῖς
678 429 896 520 Ἐλευθερίου
914 433 1084 554 κειμένης·
1119 398 1202 500 εἶπόν

242 529 308 604 οάν
337 548 407 614 τοῖς
440 501 547 603 έκείσε
577 530 785 657 φυλάττουσι
815 531 918 618 παρά
934 539 994 621 τῆς
1019 533 1235 621 βασιλίσσης

244 640 459 724 σταληυαι,“
444 663 501 704 ινα
523 632 714 722 βασιλέα
679 659 740 702 τον
758 633 956 760 Νικηφόρον
973 631 1201 725 ἀναγορεύσω·
1234 641 1236 728 ή

211 757 311 825 Βσιν,
337 735 382 818 ἀς
406 733 449 805 ἀν
475 733 565 805 οὕτω
583 734 753 824 παύσηται
770 731 788 804 ὁ
807 739 982 824 πατρίκιος
996 733 1123 816 Ἀέτιος
1139 741 1199 823 βια-
1209 731 1236 794 ⁵¹

243 837 379 928 ζόμενος
396 834 504 926 αύτήν
521 836 582 906 τόν
601 839 725 907 ἑαυτοῦ
747 833 920 924 σύγγονον
936 843 1204 927 προχειρίσασθαι
1235 863 1237 906 ῑ

243 939 391 1028 βασιλέα.
427 937 664 1018 πιστεύσαντες
690 928 756 1007 ούν
781 951 851 1019 τοῖς
869 943 976 1008 ταύτα
993 939 1135 1025 λέγουσι
1149 962 1203 1007 πα-

242 1046 379 1130 τρικίοις
400 1045 470 1110 τῶν
493 1044 691 1132 περιφανῶν
717 1030 806 1128 οάσι,
831 1040 889 1108 καί
913 1036 1008 1108 αὐτοὶ
1024 1037 1090 1109 τόν
1108 1049 1204 1125 Νικη-

242 1140 351 1231 φόρον
375 1140 443 1212 σύν
461 1143 599 1222 ἐκείνοις
619 1146 667 1221 είς
684 1141 823 1228 βασιλέα
835 1137 1054 1230 ἐύφήμησαν,
1083 1141 1141 1210 καὶ
1156 1138 1206 1210 ού-

241 1267 288 1311 τω
306 1243 608 1334 παραχωρηθέντες
623 1247 671 1322 εἰς
683 1240 721 1311 τὸ
737 1242 823 1330 μέγα
837 1246 999 1329 εἰσῆλθον
1015 1239 1204 1332 ἀνάκτορον.
1214 1266 1229 1305 ιι

244 1341 317 1413 εἶτα
343 1341 387 1412 δι’
409 1341 515 1432 αὐτῆς
539 1349 599 1431 τής
622 1340 747 1423 νυκτός
765 1339 867 1431 ὄχλον
884 1341 1114 1433 ἀθροίσαντες
1133 1341 1206 1430 σύγ-

244 1449 354 1514 κλυθα
380 1443 435 1513 θιά
459 1443 568 1532 πάσης
593 1447 654 1532 τής
667 1439 810 1533 Ἀγορᾶς
834 1443 900 1532 πρό
924 1448 984 1532 τῆς
1007 1438 1139 1535 ἡμέρας
1155 1442 1205 1530 τήν

243 1551 307 1615 τοῦ
325 1545 525 1635 Νικηφόρον
550 1551 734 1633 πεποίηντο
752 1542 991 1634 ἀναγόρευσιν,
1015 1547 1076 1614 καὶ
1095 1551 1142 1640 τῷ
1158 1548 1206 1632 τῆς

245 1645 394 1736 Είρήνης
419 1657 513 1740 οίκφ,
540 1643 623 1716 καθ’
642 1643 684 1716 ὃν
701 1650 797 1735 ἀιήγε
813 1646 899 1734 τότε,
926 1644 1088 1737 φρουράν
1105 1647 1205 1736 περιέ-

205 1787 211 1801 1
244 1767 380 1835 στησαν.
407 1745 532 1837 ἡμέρας
550 1747 589 1817 δέ
605 1745 672 1836 ἤδη
690 1746 922 1836 έπιφανούσης
941 1753 989 1828 είς
1006 1747 1047 1818 τά
1066 1747 1155 1840 πρός
1170 1750 1229 1816 ἕνα

241 1852 393 1935 βασίλεια
409 1847 656 1936 μεταγαγόντες
674 1845 782 1937 αύτήν
795 1849 851 1918 καλ
869 1857 1150 1931 κατακλείσαντες
1167 1853 1204 1928 είς

243 1946 305 2035 τήν
320 1947 471 2037 μεγάλην
489 1951 670 2037 ἐκκλησίαν
684 1945 859 2038 ἀφίκοντο,
873 1949 920 2019 ἵν’
937 1952 1206 2035 έκεῑταινιωθείη

208 2043 260 2119 Οό
280 2049 477 2142 Νικηφόρος
494 2051 551 2120 καί
569 2048 789 2141 αὐτοκράτωρ
808 2049 1033 2148 ἀναρρηθείη·
1058 2049 1081 2122 ὃ
1100 2049 1205 2141 δήκαὶ

243 2153 371 2242 γέγονε.

195 2250 236 2316 14
328 2259 379 2343 Τῇ
396 2259 482 2342 γοῦν
501 2255 575 2342 ἑξῆς
591 2247 717 2378 ήμέρηι
718 2251 803 2342 πρός
820 2251 882 2342 τήν
899 2245 1143 2341 βασίλισσαν
1121 2277 1228 2344 ηκενμι

132 2323 404 2424 νἮιΙθθούσαν
381 2353 451 2424 νπὸ
475 2353 667 2479 φρουρούς,
694 2351 788 2426 ἀκων
806 2360 1020 2478 πρραχθήναι
1037 2357 1150 2443 λέγων
1167 2359 1205 2432 είς

241 2482 304 2542 την
321 2450 430 2544 ἀρχὴν
446 2453 510 2543 τήν
526 2461 709 2543 βασίλειον,
723 2453 867 2580 μηδὲ
826 2481 894 2546 γαρ
912 2453 1057 2525 εἶναι’
1016 2463 1113 2550 αυτῷ
1133 2452 1206 2546 πρός

240 2559 378 2643 βονλής,
402 2555 459 2622 καί
481 2563 625 2645 θαρρεῖν
649 2553 759 2644 αύτήν
777 2551 1032 2645 ἀναπείθων,
1006 2584 1051 2638 ως
1069 2553 1206 2633 ούθενός

241 2651 478 2744 άτυηήσουσαν
501 2661 571 2726 τῶν
593 2656 684 2747 παρά
715 2657 843 2726 θούλον
875 2654 1109 2747 ὀφειλομένων
1132 2653 1207 2748 πρός

242 2758 425 2828 δέσποιναν
441 2764 610 2844 γίνεσθαι.
636 2754 734 2848 ήξίον
753 2758 792 2827 δὲ
808 2756 889 2839 τούς
909 2758 1105 2846 βασιλικούς
1123 2757 1230 2829 ἀπο-ι

241 2861 349 2942 δείξαι
366 2858 494 2940 πάντας
512 2857 606 2953 αύτῷ
623 2859 833 2949 θησαυρούς.
860 2854 881 2947 ή
900 2860 939 2930 δὲ
951 2857 1015 2929 “τά
1034 2858 1112 2930 κατ’
1134 2852 1206 2949 ἐμά’

241 2961 325 3049 φησὶ
342 2958 426 3050 πρὸς
441 2956 565 3031 αύτόν”
583 2958 779 3050 ἀναθεμένη
796 2967 868 3054 θεῷ
885 2961 949 3050 τήν
965 2961 1029 3051 μὲν
1047 2967 1208 3032 ἔκπτωσιν

222 3065 299 3149 ’τῆς
316 3067 487 3148 βασιλείας
506 3062 679 3152 έπιγράφω
696 3077 770 3144 ταῖς
788 3060 962 3150 ἁμαρτίαις
979 3090 1064 3151 μου,
1091 3061 1158 3150 τὴν
1176 3058 1210 3129 δέ

205 3159 307 3248 Βσήν
331 3159 515 3254 ἀνάρρησιν
539 3164 731 3252 λογιζομένη
753 3161 820 3232 ἀπό
844 3170 931 3234 θεοῦ
955 3162 1000 3245 άς
1026 3167 1058 3247 ἐξ
1078 3166 1208 3233 ἐκείνου

240 3263 477 3388 προβληθέντα
495 3283 533 3333 σε
552 3287 748 3355 προσκυνω,
765 3291 824 3334 και
812 3262 922 3348 ἀξιω
940 3271 1130 3354 φείσασθαί
1144 3289 1235 3354 pov!

239 3385 299 3482 της
316 3359 496 3446 ἀσθενείας
509 3392 566 3434 και
555 3367 676 3435 ἐάσαι
688 3365 818 3454 διάγειν
835 3394 876 3456 με
895 3369 933 3437 έν
950 3373 997 3461 τῷ
1014 3378 1096 3461 οίκφ
1111 3355 1208 3454 μον.’

239 3456 394 3543 κάκείνος
407 3462 462 3534 “εί
476 3465 523 3554 μή
538 3492 569 3534 τι
586 3464 795 3559 ἀποκρύψεις
809 3473 878 3538 τεόν
890 3437 1209 3561 τεθησαυρισμένων
