2538 3824
461 165 534 218 LIB.
547 165 595 217 XI.
614 165 692 216 CAP.
704 167 756 218 111.
1058 169 1095 232 11
1122 210 1125 217 .

126 305 188 478 μὲν
212 301 444 400 κατεπονεῖτο,
467 304 541 374 τοτὲ
566 307 603 374 δὲ
626 301 870 397 άνερροῦννυτο.
906 304 1097 380 κάντεῦθεν

127 411 235 478 ἐνίοτε
252 406 315 507 μὲν
332 401 509 494 ήδοντο“
473 433 506 476 οι
522 433 560 476 τε
578 409 689 480 λοιποὶ
706 410 762 478 καὶ
779 406 948 492 δΓάιος’
925 437 969 491 υς
983 419 1096 481 τελευ-

126 507 301 598 τήσοντος,
334 511 387 579 ἐνί
373 514 441 578 ίοτε
464 503 551 578 δὲ
527 537 571 590 ως
594 510 650 578 καί
678 511 860 601 ζησομένου
889 509 1096 601 πεφόβηντο.

126 615 240 693 δείσας
264 599 328 682 οῦν
351 636 369 679 ο
388 607 488 693 Γαιος
511 639 556 700 μη
545 609 635 680 καί
660 607 851 703 άνασωθή,
871 609 948 684 οῦτε
971 630 1195 702 φανελνΡῑὸεκ

59 708 300 802 ταίτήσαντι
313 705 491 800 ἔδωκεν,
467 739 511 834 ῳς
520 708 603 801 τάχα
616 717 868 808 βλαβησομένῳ,
883 716 968 784 καὶί
954 713 1140 805 ματιαΨΙΙ
1147 739 1196 790 176

125 813 233 884 πολλὰ
256 815 312 884 καὶ
336 807 485 903 παχέα“
461 841 505 898 υς
516 819 710 903 θερμασίας
729 819 876 910 δεομένῳ
894 819 1114 907 προσέβαλε,

126 913 244 986 καλ·”
204 943 309 998 ουτως
326 911 569 998 άπέπνιξεν’
528 913 647 1035 αυτῦν,
673 915 817 1006 ζήσαντα
835 919 928 1007 ἐτη
910 917 993 990 επτά
1011 918 1094 1009 πρὸς

124 1031 194 1100 τοϊς
217 1015 446 1144 ἑβδομήκοντα
473 1019 536 1088 καὶ
559 1020 667 1108 μήνας
695 1019 858 1109 τέσσαρας
882 1015 988 1090 καὶ
969 1021 1093 1112 ημέρας

125 1111 272 1207 ἐννέα,’
253 1117 313 1208 αφ’
333 1107 382 1189 ιῦν
400 1116 464 1190 δῦο
482 1121 539 1189 καί
557 1129 682 1191 εἴκοσιν
699 1120 872 1244 ἐνιμυτοῦς
888 1120 1093 1212 ἐμονάρχησε

85 1253 111 1294 ιο
124 1223 182 1291 καὶ
204 1226 311 1310 μήνας
335 1219 418 1290 ἑπτά
440 1221 497 1290 καὶ
520 1219 688 1311 ἡμέρας
670 1219 762 1294 επτά
798 1219 980 1313 μετήλλαξε
999 1225 1093 1294 δε
1052 1253 1093 1312 τη

1 1320 3 1325 ’
118 1325 258 1413 -είκοστή
276 1349 336 1393 του
322 1327 512 1412 Μαρτίου
529 1321 644 1415 ήμέρῳ.

206 1421 334 1495 Τοδτου
363 1427 410 1516 τῷ
439 1421 725 1520 πεντεκαιδεκάτῳ
760 1431 826 1496 ἔτει
857 1427 978 1514 ἐβαπτί
976 1424 1089 1514 σθη’
1075 1455 1092 1496 ο

124 1524 239 1619 κῦριος
263 1519 374 1616 ήμοῦν
379 1523 505 1614 Ἰησοῦς
529 1525 686 1617 Χριστός,
713 1528 750 1598 ἐν
773 1527 856 1597 δέ
828 1555 884 1622 τῳ
864 1526 1092 1598 ὀκτωκαιδε-

124 1625 214 1722 κάτῳ
232 1623 430 1753 παρεδόθη
424 1630 516 1698 καλέ
516 1625 698 1751 στμυράθη
715 1657 771 1700 και
760 1623 921 1719 άνέστη.
967 1610 1095 1749 ίστορεί

1 1729 2 1750 ³
85 1729 195 1802 1566‘
180 1723 430 1817 οΕῦσέβιος
396 1759 456 1800 τον
474 1727 623 1802 Πιλάτου
639 1735 698 1818 τῆς
719 1727 884 1814 Ἰουδαίας
907 1735 1125 1822 τηνικαῦταΒ

125 1828 386 1922 ἐπιτροπεύοντα
410 1829 536 1922 γράψαι
559 1827 600 1902 τά
618 1835 695 1922 περὶ
711 1839 772 1904 τοῦ
789 1840 910 1925 κυρίου
926 1837 981 1928 τςῦ
997 1840 1091 1921 Τιβε·

125 1939 204 2026 ρίῳ,
229 1940 330 2014 ἔθους
352 1929 448 2016 ῦντος
471 1949 541 2016 τοϊς
562 1939 630 2004 τοῦν
655 1935 768 2004 ἐθνιῦν
785 1931 926 2024 ῦρχουσι
943 1931 983 2006 τά
1001 1934 1093 2025 παρὰ

124 2039 222 2125 σφίσι
254 2031 540 2124 καινοτομούμενα
575 2039 704 2124 δηλοῦν
737 2037 783 2129 τῷ
814 2035 875 2124 τήν
904 2043 1092 2125 μοναρχίαν

124 2133 290 2224 ίθῦνοντι,
304 2133 351 2206 ἵν’
368 2130 460 2231 αὐτῷ
472 2137 579 2227 μηδὲν
591 2131 750 2224 άγνοήται
762 2138 831 2208 τοῦν
843 2132 925 2226 παρ’
942 2134 1092 2218 ἑκάστοις

84 2269 111 2312 εο
122 2241 191 2310 τιῦν
209 2241 322 2309 ἐθνῶν
339 2239 535 2328 γινομένων.
571 2235 637 2328 ήδη
654 2235 718 2330 γάρ
736 2259 819 2328 φησι
836 2241 896 2328 τής
911 2239 947 2308 ἐκ
960 2240 1092 2327 νεκροῦν

122 2337 337 2421 ἀναστάσεως
354 2341 417 2409 τοῦ
433 2341 581 2430 σωτῆρος
598 2338 694 2430 ήμῦν
712 2337 759 2422 είς
776 2337 926 2422 ἅπαντας
945 2342 982 2410 ἐν
999 2337 1090 2430 πάσῃ

81 2490 84 2495 -
122 2445 164 2532 τῇ
182 2446 393 2532 Παλαιστίνῃ
413 2445 693 2532 διαβεβοημένης,
719 2438 760 2512 τά
777 2444 855 2535 περὶ
872 2440 975 2531 αῦτής
992 2435 1009 2512 6
1031 2451 1090 2512 Πι-

122 2541 222 2624 λάτος
240 2539 438 2614 ἐκοινάσατο
457 2549 600 2638 Τιβερίῳ
618 2548 664 2638 τῷ
682 2539 917 2637 αὐτοκράτορι,
929 2540 966 2627 δς
983 2540 1042 2625 τάς
1055 2572 1091 2614 τε

122 2641 226 2726 ῦλλας
249 2641 355 2716 αὐτοῦ
380 2642 574 2735 πυθόμενος
597 2652 766 2737 τερατείας
791 2647 847 2716 καὶ
866 2644 910 2730 63
927 2643 1010 2736 μετά
1027 2646 1090 2716 θά-

82 2774 108 2816 εε
123 2775 227 2818 νατον
244 2749 282 2816 ἐκ
299 2751 429 2838 νεκράν
446 2741 591 2829 ῦναστάς
607 2744 687 2830 θεὸς
710 2745 797 2818 εἶναι
815 2747 906 2838 παρά
924 2753 1090 2830 πλείστοις

123 2843 198 2980 ήδη
207 2845 471 2937 πεπίστευται,’
454 2845 619 2938 ανήνενκε
635 2849 755 2938 μὲν
714 2876 756 2939 τη
773 2846 949 2974 σμγκλήτῳ
967 2849 1088 2916 ταῦτα

123 2951 237 3040 ἐκείνη
254 2946 343 3020 δε
309 2978 368 3020 τον
386 2946 523 3038 λόγον’
503 2949 678 3039 αποῦσατο,
696 2947 745 3019 ὅτι
759 2947 807 3073 μή
825 2946 987 3040 πρότερον
1005 2947 1089 3036 αντη

121 3055 222 3122 τοῦτο
247 3039 500 3140 δοκιμάσασα
477 3081 538 3142 ην,
565 3053 710 3123 παλαιοῦ
727 3047 833 3140 νόμον
851 3043 1125 3140 κεκρατηκότοςῦ

121 3183 168 3243 μη
157 3149 294 3236 άλλως
311 3145 387 3224 τινά
404 3150 495 3244 παρά
513 3151 683 3243 Ῥωμαίοις
700 3163 934 3224 θεοποιεῖσθαι
952 3179 997 3242 μη
986 3146 1091 3242 οῦχὶ

193 3423 224 3472 12
245 3414 408 3474 Τοῦτουτ
467 3423 499 3474 14
510 3415 591 3474 καλ
573 3415 692 3488 ανεστη
680 3415 828 3488 Eusebu
839 3420 912 3472 Ηιελ
927 3418 1089 3484 οοο1.1,10

123 3439 812 3647 1420100326666‘6602'33203]Hist.emm,
