2538 3824
488 216 560 269 LIB.
573 217 622 272 XI.
641 216 720 270 OAP.
732 218 769 271 Π.
1093 217 1113 283 5

142 353 305 446 ἀπέσχετο
322 353 491 447 πράξεως,
519 355 564 445 μὴ
590 362 664 428 δεῖν
688 353 744 426 διά
767 351 844 441 τούς
862 359 1055 448 οἰχομένους
1073 357 1114 431 τά
1151 414 1156 421 ·

142 461 212 540 τών
230 455 364 542 ζώντων
381 459 489 546 λέγων
507 464 695 548 προίεσθαι.
731 479 734 483 ’

220 555 358 648 Κλήμης
388 560 429 629 δέ
449 589 496 642 τις
514 563 579 657 ’τού
599 555 785 650 Ἀγρίππου
816 557 962 650 γεγονώς
993 564 1112 646 δοῦλος

142 663 200 731 καὶ
225 658 428 752 προσεοικώς
450 657 542 754 αύτῷ
566 659 731 732 ἐπλάσατο
759 659 857 744 αὐτὸς
883 661 901 732 ὁ
928 659 1113 754 Ἀγρίππας

117 790 129 831 τ
145 761 246 834 εἶναι·
274 764 381 832 καὶί
350 769 381 832 εί
381 792 397 844 ς
415 759 477 852 τὴν
489 767 659 834 Γαλατίαν
677 761 789 834 έλθών
802 763 944 846 πολλοὺς
958 766 1019 854 μὲν
1033 767 1128 860 ἐκεῖ,

143 861 302 946 πολλούς
304 863 350 934 δε
374 867 473 936 έν
433 893 474 954 τη
497 867 618 958 Ἰταλία
636 863 920 955 προσεποιήσατο,
945 868 1001 937 καλ
1019 868 1112 948 τέλος

145 963 253 1036 ἐπὶ
217 991 278 1054 την
292 959 420 1056 Ῥώμην
438 962 593 1057 ώρμησεν
611 964 654 1048 ώς
667 963 730 1056 την
743 965 914 1086 παππῴαν
926 976 1112 1094 μοναρχίαν

113 1063 406 1156 ἀποληψόμενος.
443 1065 777 1192 ηειρωσάμενοςηδ
758 1097 847 1158 ομως
861 1059 995 1142 αύτόνο
985 1069 1109 1159 θ-Τιβέ
1123 1091 1145 1142 Β

144 1197 215 1261 ριος
234 1167 290 1238 διά
307 1198 410 1240 τινων
423 1198 464 1239 τα
450 1169 610 1241 ἐκείνου
623 1171 946 1261 προσποιησαμένωυ
958 1187 1112 1262 φρονείν,

104 1295 130 1336 ιο
145 1273 202 1341 καὶ
222 1277 467 1360 βασανίσας,“
452 1299 508 1342 ινα
531 1273 608 1363 περὶ
626 1269 835 1362 συνιστόρων
851 1301 883 1343 τι
901 1271 1012 1364 μάθη,
1040 1276 1113 1344 ἐπεὶ

142 1373 250 1464 μηδέν
269 1372 477 1462 έξελάλησεν,
494 1371 593 1466 ἤρετο
611 1369 717 1444 αὐτόν
728 1367 823 1454 ’πῶς
838 1369 1021 1466 Ἀγρίππας
1040 1379 1113 1464 ἐγέ-

143 1469 242 1559 νον;”
280 1475 336 1544 καὶ
366 1469 403 1557 ὃς
433 1472 635 1566 ἀπεκρίνατο
668 1473 719 1546 ὅτι
749 1471 878 1558 “ούτως
909 1474 953 1558 ώς
983 1479 1039 1546 καί
1070 1476 1113 1548 σύ

143 1571 305 1665 Καίσαρ”

195 1677 295 1766 Τὴν
314 1677 352 1747 δὲ
369 1706 455 1766 μυυα
458 1693 513 1748 ίκα
458 1674 731 1750 ίἸουλίαυ”
689 1705 767 1748 ουτε
782 1677 993 1769 ἐπανήγαγεν
1007 1681 1094 1750 ἐκ
1055 1708 1114 1770 της

105 1811 130 1851 15
145 1777 325 1872 ὑπερορίας
343 1774 386 1868 ἣν
404 1775 494 1869 παρά
512 1783 571 1852 τού
586 1777 710 1870 πατρὸς
724 1778 826 1869 αὐτῆς
838 1809 898 1851 του
883 1777 1114 1870 Λύμούστου

143 1877 371 1970 κατεδικάσθη
397 1877 444 1950 δι’
469 1877 662 1970 άσέλμειαν,
699 1878 784 1952 ἄλλα
813 1885 869 1953 καλ
897 1885 1112 1954 κατέκλεισεν

144 1978 267 2072 αὐτην,
298 1977 388 2054 ὥσθ’
419 1974 489 2053 ὑπὸ
513 1989 654 2073 κακουχί
654 2011 692 2064 ας
640 1983 772 2052 ίκαλ
796 1988 894 2072 λιμοῦ
924 1987 1110 2075 φθαρῆναι.

143 2085 278 2154 πολλώυ
294 2111 330 2154 τε
349 2081 453 2155 αὐτόν
469 2082 654 2168 ἀξιούντων
671 2079 732 2154 τόν
745 2085 938 2174 Νοέμβριον
950 2091 1052 2174 μῆνα,
1071 2075 1113 2154 ού

143 2189 184 2276 τῇ
208 2187 285 2278 ἕκτη
311 2186 365 2256 έπλ
390 2183 511 2278 δεκάτη
534 2185 731 2276 φεγέννητο,
772 2187 927 2276 Τιβέριον
951 2188 983 2268 ἐξ
1008 2183 1114 2255 αὐτού

104 2319 131 2358 ιο
144 2296 333 2376 καλεῖσθαι,
347 2284 426 2358 “καλ
444 2285 497 2358 τί”
519 2295 583 2378 ἔφη
596 2283 776 2375 “ποιήσετε
789 2281 832 2358 άυ
847 2293 1017 2378 δεκατρεῖς
1031 2293 1112 2356 Καί-

144 2410 245 2480 σαρες
262 2385 459 2478 ηένωυται;”

218 2487 272 2565 Ἐν
289 2489 419 2572 τούτοις
437 2489 455 2561 ὁ
473 2491 679 2582 Γερμανικὸς
698 2491 911 2580 ἐτελεύτησεν
929 2491 966 2564 έν
987 2484 1146 2562 'Amce-o

142 2597 229 2685 χείρ,
248 2598 529 2682 καταγοητευθείς
546 2594 657 2662 τεκαὶ
673 2594 884 2715 φαρμαχθιὶς
900 2585 967 2664 ύπὸ
984 2600 1113 2665 Πείσω-

142 2722 210 2776 νος.
246 2691 328 2766 ὀστᾶ
344 2722 380 2766 τε
397 2723 462 2784 μαρ
481 2689 607 2817 εὑρέθη
620 2689 817 2785 ἀνθρώπεια
831 2695 1112 2786 κατορωρυγμένα

103 2824 130 2864 25
145 2797 246 2866 έν
204 2823 321 2886 τηκ
268 2801 359 2888 οίκίμ
383 2786 468 2867 έν
445 2825 467 2887 η
491 2793 642 2890 κατῴκει.
681 2798 738 2866 καὶ
762 2805 824 2885 μολ
827 2801 952 2883 ίβδινοι
976 2796 1113 2883 έλασμοὶ

143 2895 228 2988 ἀράς
253 2925 345 2978 τινας
369 2896 450 2988 μετὰ
474 2901 534 2968 τοῦ
560 2895 721 2987 ὀνόματος
746 2895 852 2966 αύτού
855 2903 1018 3019 ἔχρντες.
1062 2892 1113 2964 ὅτι

144 2999 182 3068 δε
205 3000 263 3069 καὶ
285 2997 451 3095 φαρμάκῳ
482 2995 674 3130 ἐφθάρη
640 3027 677 3068 το
702 3001 798 3087 σῶμα
823 2993 927 3068 αύτού
953 2997 1113 3084 ἐξέφηνεν

144 3105 198 3183 είς.
214 3097 277 3190 τὴν
301 3097 428 3192 άγοράυ
451 3099 614 3191 κομισθέν
639 3099 696 3170 καὶ
713 3115 783 3182 τοις
791 3102 963 3222 παροῦσι
964 3098 1110 3186 δειχθέν.

142 3199 310 3284 θανόντος
338 3201 414 3274 δὲ’
399 3231 417 3272 ο
443 3203 505 3292 μὶν
533 3203 684 3323 Τιβέριος
708 3195 803 3291 καλη
821 3206 924 3289 Λιβία
941 3196 1112 3289 ησθησαν,

1 3392 2 3395 ¹
103 3331 130 3371 ιο
144 3301 228 3374 ολδ’
249 3300 343 3376 ἄλλοι
361 3303 572 3396 σφοδρότατα
589 3299 750 3394 ηλγησαν.
785 3301 959 3386 κάλλιστος
971 3299 1085 3392 μέν
1047 3329 1112 3390 γαρ

144 3404 183 3476 τὸ
202 3407 309 3496 σώμα,
327 3403 460 3496 άριστος
480 3404 570 3476 δέ
533 3433 596 3494 την
613 3403 725 3496 ψυηην
743 3411 821 3496 έφυ,
839 3411 976 3498 παιδείᾳ
993 3431 1030 3474 τε
1043 3397 1112 3492 άμα

144 3507 201 3576 καὶ
223 3503 364 3602 ἀνδρείᾳ
389 3511 427 3578 ἐν
451 3507 607 3596 πολέμοις
625 3503 814 3599 εύδοκιμών
831 3504 1024 3600 ἡμερώτατα
1043 3519 1114 3586 τολς
