2586 3800
426 174 496 227 mn.
509 174 573 228 ΧΗ
592 173 669 227 σεε
681 175 730 226 ει
1004 173 1066 238 109

96 311 263 404 Εὐσέβιος
283 296 407 437 ίστορεῑ
423 310 473 384 ότι
492 321 590 400 έρωτι
608 311 829 405 σωφροσύνης
843 317 899 386 καὶ
918 313 1066 400 ἀπέκοψε

12 457 13 462 1
94 446 138 488 τα
125 411 341 504 παιδομόνα
359 413 457 505 μόρια
474 413 574 497 αύτός
591 417 728 486 ἑαυτοῦ
752 413 846 487 ἀλλοι
865 419 905 488 δέ
920 439 1004 506 φασι
1020 415 1066 507 μή

96 525 248 608 ἐκτεμεῖν
265 512 368 588 αύτόν
384 521 505 606 ταῦτα,
531 514 620 588 πόαν
638 520 679 588 δέ
692 546 767 589 τινα
784 517 915 600 τούτοις
933 522 1066 646 ἐπενεχ-

96 635 191 708 κείν,
216 609 295 702 ἐξ
273 647 313 707 ης
335 623 555 710 ναρκωθὴναι
576 625 682 718 ταῦτα
699 620 828 709 συνέβη
845 625 1004 692 τοσοῦτον
1021 622 1066 704 ὡς

70 725 154 793 ικαὶ
187 736 321 811 νεκροίς
357 722 508 792 έοικέναι.
547 716 685 810 ἀφίκετο
717 722 754 792 δὲ
785 723 842 794 και
871 729 918 808 είς
937 720 1066 813 Ῥύμην

96 830 292 914 Ζεφυρίνον
326 826 384 911 τῆς
420 825 458 894 έν
488 817 573 913 αύτη
604 826 778 912 ἐκκλησίας
801 826 1062 915 προεσταμένου

13 958 18 968 ·
98 921 160 996 εἶτ’
186 915 288 1006 αὖθις
317 927 511 1013 έπανηλθεν
540 931 588 1004 είς
611 919 873 1015 Ἀλεξάνδρειαν.
918 929 1099 1016 έξηχεῑιοῦ

12 1071 16 1076 -
99 1027 136 1098 δὲ
153 1024 194 1096 τά
209 1023 378 1116 Ἑβραϊκά,
397 1027 452 1096 καί
471 1023 534 1114 τὴν
546 1023 705 1117 Ἐβραΐδα
721 1025 894 1098 διάλεκιον
908 1027 1067 1118 ἐκμαθών

96 1129 153 1200 καὶ
171 1125 230 1210 τάς
247 1126 338 1218 παρά
355 1145 423 1210 τοῖς
430 1125 606 1210 Ἰουδαίοις
623 1125 727 1211 ούσας
738 1123 1066 1221 χραφάςῈβραικοϊς

12 1233 13 1238 ’
57 1258 83 1298 ιο
98 1235 272 1320 στοιχείοις
289 1226 493 1319 κτησάμενός
510 1257 547 1301 τε
564 1231 620 1302 καί
640 1228 761 1320 έπιιόν,
785 1232 841 1302 καὶ
860 1235 928 1303 τῶν
944 1229 1065 1313 ταύτας

12 1401 13 1406 ,
94 1327 356 1421 ἡρμηνενκότων
390 1331 593 1420 σνναχαχιδν
626 1329 667 1402 τά
692 1330 956 1422 συγγράμματα,
997 1339 1066 1404 τῶν

96 1430 326 1524 ἑβδομήκοντα
352 1431 416 1504 δύο
447 1432 595 1523 δηλαδή,
625 1436 685 1504 τοῦ
713 1461 749 1504 τε
769 1431 892 1506 Ἀκύλα
920 1436 977 1505 καὶ
1005 1439 1066 1506 τοῦ

96 1533 284 1626 Συμμάχων
319 1536 376 1604 καὶ
409 1537 470 1606 τού
505 1541 730 1616 Θεοδοιίωνος
764 1538 821 1606 καὶ
855 1533 918 1606 δύο
954 1533 1066 1607 ἀλλων

96 1633 287 1726 ἀνωνύμων
318 1637 506 1726 ἑρμηνέων,
541 1633 723 1726 ἦχνόηνται
758 1636 821 1726 χάρ
855 1635 896 1708 τά
927 1642 1066 1709 ἐκείνων

56 1763 83 1804 1⁵
96 1733 275 1828 ὀνόματα,
293 1735 518 1827 έφιλοιτόνησε
540 1737 581 1808 τά
603 1741 672 1810 τεόν
697 1740 850 1832 ἑξαπλοόν
876 1742 1066 1830 λεγομένων

96 1836 346 1930 συγγράμματα.
406 1842 443 1910 έν
479 1839 517 1910 δδ
551 1855 619 1922 τοῖς
653 1849 797 1930 ψαλμοῖς
831 1843 886 1912 καὶ
922 1839 1066 1932 ἑβδόμης
1093 1843 1099 1856 “

97 1945 259 2030 μέμνηται
283 1941 459 2030 ἑρμηνείας
482 1938 527 2023 ὡς
552 1944 589 2012 έν
611 1937 741 2032 Ἱεριχοῖ
763 1936 957 2032 εὑρημένης.
1000 1949 1063 2014 ίδι-

98 2047 216 2112 αίιατα
241 2042 279 2112 δὲ
300 2039 363 2130 τὴν
377 2039 501 2113 Ἀκύλα
524 2043 582 2112 καὶ
599 2039 786 2131 Συμμάχον
803 2045 860 2112 καὶ
880 2051 1066 2114 Θεοδοτίω-

96 2172 155 2226 νος
180 2147 311 2214 ἔκδοσιν
333 2141 417 2233 μετά
440 2171 479 2232 χε
502 2148 561 2232 τῆς
585 2146 654 2214 τεόν
677 2141 907 2232 ἑβδομήκοντα
924 2147 980 2214 καὶ
1001 2143 1100 2215 δύου

54 2271 84 2312 ει
98 2252 305 2333 παρατιθείς,
323 2242 364 2315 τά
381 2245 545 2335 λεγόμενα
562 2250 730 2334 τετραπλᾶ
748 2245 975 2332 παραδέδωκε.

173 2353 372 2438 Δημητρίου
389 2351 514 2438 μέντοι,
532 2341 573 2419 όν
590 2344 661 2418 ἀνω
679 2349 920 2438 παραδέδωκεν
937 2342 1066 2436 όλόχος

13 2453 14 2456 '
95 2454 156 2536 τῆς
175 2451 212 2520 ἐν
225 2447 458 2542 Ἀλεξανδρεία
477 2452 652 2538 έκκλησίας
669 2453 869 2540 προστῆναι,
887 2447 1065 2538 θανόντος,

91 2547 258 2640 Ἡρακλάς
292 2553 350 2639 τῆς
381 2553 561 2640 ἐπισκοπῆς
592 2548 759 2640 ἀξιοῦται,
790 2550 948 2641 φοιτητὴς
975 2545 1066 2642 Ὠρι-

93 2653 216 2741 γένους
234 2651 421 2741 γενόμενος.
453 2658 512 2741 τῆς
531 2649 561 2724 δ’
584 2655 622 2722 έν
634 2651 873 2742 Ἱεροσολύμοις
891 2656 1065 2743 ἐκκλησίας

51 2780 80 2822 ει
96 2761 279 2842 προΐστατο
296 2753 508 2843 Νάρκισσος,
535 2751 622 2844 ἀνὴρ
639 2751 907 2845 θαυματοποιός,
931 2751 968 2836 ὃς
986 2772 1065 2838 ψευ-

96 2858 165 2936 δῶς
188 2852 280 2946 παρά
302 2881 406 2926 τινων
423 2861 687 2945 κατηγορηθείς,
707 2853 846 2942 ἐραστὴς
865 2855 903 2924 δὲ
921 2860 999 2942 βίον
1017 2852 1066 2926 ἀν

93 2954 366 3046 ἀναχωρηιικού,
392 2959 509 3046 διέδρα
532 2955 651 3026 λαθοδν
674 2957 730 3024 καὶ
749 2958 785 3024 έν
804 2959 954 3044 ἐρημίαις
971 2951 1065 3044 ηύλί-

34 3143 38 3148 ¹
94 3068 168 3142 ζετο
193 3055 427 3170 ἀγνοούμενος.
468 3063 528 3129 τοῦ
560 3057 596 3126 δέ
619 3051 910 3172 ἀνακεχωρηκότας
933 3053 1065 3128 ἀντεισ-

169 3226 183 3273 1
204 3216 355 3289 Εύσέβιος]
374 3223 516 3274 Historiae
536 3221 639 3273 ecclesi
641 3223 695 3271 asti
698 3220 784 3275 cael.
798 3223 823 3282 6,
843 3236 867 3274 c
879 3223 904 3274 8.
940 3212 1068 3344 2ἀλλοιχ

96 3291 161 3342 Iam
178 3290 353 3370 Epiphanius
370 3291 488 3342 Ηεετεε.
511 3292 553 3352 64,
576 3293 602 3352 3,
620 3289 676 3340 vol
682 3292 710 3352 1,
730 3304 756 3372 ρ.
775 3258 826 3340 523
844 3290 887 3340 ed
906 3291 1018 3342 Petav-

96 3351 169 3438 μέν
171 3353 200 3408 λε’
220 3372 284 3409 οναι
302 3356 405 3422 νεῦρον
423 3347 710 3436 ἀπριετμηκὲναιψ,
728 3358 811 3408 αλλοι
830 3353 864 3410 δὲ
882 3348 950 3424 ούχί
966 3373 1063 3424 φασιν,

95 3417 173 3476 ἀλλά
202 3375 341 3503 ἀπενόησέ
371 3443 398 3476 τι
428 3417 583 3491 φάρμακον
609 3416 759 3478 ετιιθειναι
786 3429 846 3485 τοις
872 3425 985 3493 μορίοις
1014 3426 1064 3480 καὶ

94 3483 291 3558 ἀποξηράναι.
