2586 3800
202 175 245 240 34
499 173 571 226 LIB.
584 174 632 227 XI.
651 173 730 224 CAP.
743 174 777 223 X.
790 171 838 226 XI.

202 343 292 396 τινος
305 317 363 404 τῆς
373 309 453 402 παρ’
470 309 574 383 αὐτοῦ
588 318 761 401 βοηθείας,
777 309 892 396 ἐπειδὴ
904 304 971 381 ὑπὸ
984 311 1044 380 τοῦ
1052 318 1172 380 Γαλλι-

204 421 266 488 κοῦ
286 421 541 504 ἐγκατελείφθη,
560 421 624 503 ἔφη
643 411 725 504 πρὸς
739 409 843 482 αὐτόν
855 407 934 481 “666
947 418 997 494 τίς
1011 434 1063 497 σοι
1079 411 1172 482 εἶπεν

203 515 253 589 ὅτι
270 533 429 607 κρεῖσσον
447 521 578 588 ἐκείνου
595 510 770 605 νηχομαι;”
865 599 871 609 .

153 631 192 694 11,
283 616 500 707 Νοσήσαντος
519 618 557 687 δέ
573 614 655 706 μετα
672 620 777 686 ταῦτα
790 621 850 686 τοῦ
864 620 1040 687 Κλαυδίου
1059 617 1169 702 είσηλ-

205 733 270 792 θεν
287 719 305 791 6
324 724 447 810 Νίρων
466 727 513 802 είς
532 719 568 788 τὸ
588 721 786 807 συνέδριον,
804 719 860 788 καὶ
887 724 919 786 εί
935 714 1199 807 ἀναρρωσθείηε

170 821 224 894 Βὸ
243 819 422 908 Κλαύδιος,
442 826 668 908 ἱπποδρομίαν
685 817 855 908 ὑπέσχετο.
893 815 1083 908 πάνταγὰρ
1101 817 1173 908 τρό-

206 950 271 996 πον
295 919 316 1012 6
334 921 536 1013 Ἀγριππῖνα
555 925 691 992 ε’κίνει“
676 950 730 991 ινα
748 922 799 1014 τῷ
815 949 851 990 τε
869 917 993 1008 πλήθει
1010 925 1173 1042 χαρίζοιτο

206 1023 322 1097 καὶ’
280 1054 381 1148 μρυος
400 1031 540 1097 ἔσεσθαι
557 1031 720 1112 νομίζοιτο
737 1027 795 1110 τῆς
813 1018 994 1111 αὐταρχίας
1009 1017 1172 1110 διάδοχος.

207 1125 259 1197 διδ
283 1125 342 1198 τόν
366 1153 402 1196 τε
428 1121 601 1197 ίππικδν’
582 1151 752 1217 αγωνα,
741 1152 767 1193 ω
786 1127 1000 1214 προσέκειντο
1017 1119 1172 1212 μάλιστα,

207 1227 399 1317 έποίησε
365 1256 425 1298 τον
442 1231 586 1317 Νέρωνα
609 1225 818 1316 ὑποσχέσθαι
845 1227 899 1295 έιτλ
921 1230 962 1316 τῇ
979 1229 1039 1294 τοῦ
1057 1232 1174 1346 Κλαρ-
1188 1255 1217 1296 ιο

208 1335 283 1401 δίου
306 1324 469 1422 ὑγεία,
448 1324 492 1417 66
514 1330 570 1398 καὶ
595 1325 687 1398 πάνυ
709 1325 891 1416 ιἰπηύχετο·
924 1327 980 1396 καὶ
1005 1325 1089 1417 πρὸς
1113 1321 1175 1414 τὴν

206 1435 330 1520 πρᾶσιν
343 1433 411 1502 τοῖν
423 1427 536 1520 ἄρτων
548 1427 701 1518 θόρυβόν
713 1457 789 1500 τινα
802 1430 963 1516 γενέσθαι
985 1447 1175 1517 παρασκευ-

206 1532 331 1620 ιὲσασα,
355 1527 568 1603 ἀνέπεισε
534 1559 593 1601 τον
610 1529 783 1602 Κλαύδιον
804 1535 850 1624 τῷ
874 1557 909 1600 τε
927 1527 1022 1623 δήμω
1041 1533 1078 1598 έκ
1095 1555 1175 1614 προ

207 1638 341 1758 γραρης
356 1636 503 1722 δηλῶσαι
521 1633 636 1702 καὶ
595 1660 636 1722 τη
654 1639 804 1724 γερουσί
792 1661 814 1701 οι
779 1605 1049 1754 ίέπιστεῑλαι”
1029 1659 1092 1718 οτι,
1110 1657 1174 1700 καν

152 1787 154 1792 s
207 1732 307 1814 αὐτὸς
324 1731 511 1822 ἀποθάνοι,
538 1731 556 1804 6
576 1736 700 1823 Νέρων
717 1731 757 1803 τοὶ
775 1730 871 1804 κοινὰ
890 1731 1002 1814 ίκανδς
1020 1729 1086 1821 ἤδη
1106 1733 1175 1802 ἐστὶ
1189 1761 1219 1802 15

209 1843 356 1906 διοικεῖν.
394 1831 489 1906 καλ’
474 1865 492 1906 ο
516 1835 578 1925 μὲν
601 1834 705 1918 πολύς
727 1863 763 1906 τε
787 1840 824 1905 έκ
847 1833 967 1908 τούτου
986 1823 1029 1922 ἦν
1047 1835 1102 1903 καὶ
1122 1831 1176 1904 διδ

208 1934 368 2026 στόματος
391 1934 489 2026 ἤγετο
513 1934 634 2026 ἅπασι,
667 1935 726 2007 τόν
751 1937 788 2006 δὲ
816 1935 1035 2024 Βρεττανικὸν
1058 1935 1176 2024 συχνοὶ

174 2039 271 2129 Ομὲν
293 2037 366 2110 οὐδ’
390 2045 421 2110 εί
437 2046 491 2128 ἔζη
509 2043 713 2128 ἐγίνωσκον,
741 2043 775 2108 οί
790 2041 899 2109 λοιποὶ
918 2038 956 2120 δὲ
972 2039 1175 2127 παραπλῆγα

207 2141 263 2212 καὶ
282 2143 481 2230 ἐπίληπτον,
508 2144 612 2212 ταῦτα
630 2138 856 2260 κηρυττούσης
873 2142 931 2259 της
945 2137 1172 2236 Ἀγριππίνης,

208 2241 321 2314 οἰόντο.
358 2247 536 2334 ῥαλσαντος
554 2243 591 2312 δὲ
608 2270 667 2312 του
654 2234 910 2312 Κλαυδίου
873 2270 936 2330 την
950 2244 1173 2366 λπποδρομίαν
1186 2267 1217 2311 ιο

207 2341 224 2414 ὁ
249 2347 373 2435 Νέρων
397 2347 657 2433 μεγαλοπρεπως
682 2346 870 2432 ἐπετέλεσε,
902 2341 1019 2414 καλ
982 2372 1068 2469 την
1063 2337 1175 2411 Ὀκτα-

207 2451 306 2515 ουίαν
326 2443 418 2514 δὲ’
381 2473 455 2514 τοτε
473 2451 612 2534 ἔγημεν,
637 2439 723 2515 ὥστε
741 2447 797 2515 καὶ
816 2447 853 2516 έκ
870 2443 989 2515 τούτου
1008 2440 1092 2534 ἀνὴρ
1110 2438 1177 2533 ἤδη

208 2552 331 2616 δοκεῖν.
368 2543 471 2616 οὐδέν
491 2546 527 2615 δὲ
544 2542 671 2636 ἀρκοῦν
683 2553 724 2638 τῇ
740 2542 938 2638 Ἀγριππίνη
954 2543 1076 2617 ἐδόκει·
1105 2549 1178 2614 καί·

208 2675 258 2716 τοι
281 2643 343 2716 ὅσα
366 2675 402 2718 τε
426 2644 447 2735 6
467 2654 569 2734 Λιβία
594 2656 669 2738 έσχε
686 2643 826 2738 κάκείνη
845 2649 996 2737 ἐδέδοτο,
1024 2648 1081 2718 καὶ
1099 2641 1174 2716 ἄλλ’

207 2747 288 2817 ἅττα
306 2757 409 2818 πλείω
428 2746 600 2874 έμηφιστο.
636 2744 657 2838 6
677 2749 714 2820 δὲ
732 2751 787 2820 καὶ
806 2747 1030 2842 ίσοκρατης
999 2753 1046 2818 τω
1059 2757 1173 2820 Κλαυ-
1188 2775 1216 2816 ιε

210 2846 317 2920 δίω”
295 2878 453 2942 αντικρυς
476 2847 699 2942 ὀνομάζεσθαι
723 2849 838 2974 ἤθελε.
876 2858 936 2922 καί
949 2877 1029 2921 ποτε
1047 2851 1176 2920 πολλοῦ

207 2952 270 3040 ’τὴν
286 2949 384 3022 πόλιν
403 2955 643 3043 ἐπινεμομένου
661 2949 777 3042 πυρός,
797 2949 880 3043 πρδς
896 2951 959 3041 τὴν
978 2956 1176 3041 ἐπικουρίαν

209 3057 326 3124 ἐκείνω
345 3056 624 3146 συμπαρεγένετο.
691 3081 692 3084 ’

275 3211 520 3282 4νοοήοαντος-
530 3235 556 3284 p.
562 3221 595 3270 35
598 3209 868 3284 ,6παρεσκευοίζετο
878 3234 930 3270 om.
941 3219 1047 3270 Diones
1057 3216 1178 3268 codices.

277 3282 345 3349 Cap
365 3288 405 3338 ll
441 3283 541 3334 Dionis
558 3287 701 3337 Historiae
719 3286 902 3338 Romanael.
921 3287 967 3351 60,
991 3303 1016 3338 ο.
1035 3288 1069 3336 84
1087 3289 1117 3335 et
1134 3287 1177 3348 35,

211 3363 243 3396 ex
262 3351 369 3400 Ζοιιατα
387 3350 541 3415 supplendi.
585 3353 700 3404 Eusebii
717 3355 860 3406 Historiae
879 3353 1092 3405 ecclesiasticae
1111 3351 1130 3401 1.
1150 3354 1177 3415 2,

210 3429 232 3464 ο.
255 3418 284 3464 11
304 3422 332 3468 ελ
351 3419 462 3474 13-15,
486 3419 559 3470 unde
577 3421 667 3484 petita
685 3427 748 3472 sunt
765 3422 892 3488 Ῑοεεμλιὶ,
915 3421 1011 3488 Lucae
1030 3426 1057 3472 et
1074 3419 1179 3470 Ιοελὶοἰ

207 3478 340 3544 Martyris
357 3485 527 3534 testimonia.
