2558 3820
411 197 483 248 Lm.
497 199 531 248 x.
549 171 627 248 σοι).
641 197 716 249 v111.
734 198 783 252 ιιι.
1019 197 1081 262 361

110 341 159 418 είς
175 340 303 424 χιλίους
321 331 421 417 ὄντας
440 333 525 406 ἰδών
548 332 704 424 άπῆλθεν
729 335 1001 427 ἐγκαλυψάμενος
1026 342 1083 412 καὶ

109 433 376 526 καταδακρύσας.
422 442 458 508 οἱ
479 434 514 508 δ’
540 436 632 508 ἄλλοι
656 436 779 521 πάντες
805 436 952 523 ἐκάκιζον
974 467 1082 530 φυγο·

105 541 280 628 μαχοῦνται
297 534 483 627 Πομπήιον.
520 541 681 611 ἐντεῦθεν
704 542 761 664 κμλ
785 536 876 612 άκων
901 547 948 623 είς
971 539 1114 630 μάχηνΒ

110 637 246 729 ἐχώρει,
274 636 464 710 διώκων
431 668 491 710 του
508 649 673 732 Καίσαρα.
711 639 755 724 ώς
780 642 817 712 δὲ
842 649 889 724 είς
910 641 973 731 την
991 652 1080 734 Φαρ

79 748 233 814 ισαλίαν
252 737 496 864 ἐμβαλόντες’
477 741 658 832 αμφότεροι
676 740 1081 832 ἐστρατοπεδεύσαντο,ό

107 843 171 965 μέμ
189 840 365 932 Πομπηίας
383 829 538 925 αὖθις
498 873 556 932 της
574 841 693 937 πρώην
706 871 722 913 ε
725 855 810 934 λχετο
826 843 977 934 γνώμης,
995 867 1080 935 φασ-

1 980 3 1010 ι
107 942 224 1033 μάτων
239 938 304 1014 οὐκ
322 949 442 1016 αἰσίων
466 940 557 1014 αὐτώ
580 948 789 1072 γενομένων
790 947 846 1018 καί
870 944 949 1018 καθ’
971 945 1081 1018 ὕπνον

107 1041 218 1131 ὄψεώς
235 1073 344 1133 τινος,
370 1043 536 1116 ἐδόκει
496 1075 560 1136 γαρ
580 1045 701 1117 ἑαυτὸν
727 1040 811 1137 όράν
829 1051 928 1120 ἐν’
882 1075 928 1140 τω
946 1044 1080 1142 θεάτρω

107 1142 177 1220 άπὸ
191 1140 363 1268 Ῥωμαίων
380 1146 667 1318 κροτομμενον,ο
650 1148 737 1218 οίδέ
760 1151 838 1239 περὶ
862 1147 970 1221 αὐτόν
992 1161 1079 1240 θρα

1 1242 2 1245 *
63 1281 93 1320 ιο
107 1265 179 1328 σείς
196 1236 285 1335 ἦσαν
301 1247 411 1318 καί
375 1277 437 1337 την
454 1255 555 1338 νίκην
571 1264 643 1331 ταῖς
662 1252 739 1320 ἐλπί
724 1256 772 1319 ίσι
789 1247 1035 1340 προειληφότες.

181 1347 217 1419 ‘0
236 1349 274 1419 δέ
291 1345 461 1472 Κμῑσαρ’
442 1348 553 1439 ηρώτα
570 1349 648 1432 τοὺς
665 1357 810 1434 οἰκείους
831 1351 1031 1441 στρατιώτας
1051 1357 1082 1421 εί

107 1447 190 1522 καθ’
212 1447 352 1532 ἕαυτοός
370 1457 545 1542 αἱροῦνται
561 1449 806 1542 μαχίσασθαι”
784 1482 806 1542 η
820 1453 1011 1544 περιμένειν
1024 1455 1081 1524 καί

108 1555 245 1642 ἐτέρους
268 1548 335 1642 ἤδη
358 1549 458 1634 ὄντας
482 1551 596 1642 ἐγγός·
624 1558 659 1624 οί
675 1555 713 1624 δέ
736 1551 781 1643 μὴ
799 1555 988 1645 περιμένειν
1006 1555 1081 1625 ἐδέ-

1 1657 18 1749 ρ’
107 1681 197 1725 οντο.
241 1650 386 1724 θάσαντι
414 1655 451 1725 δέ
481 1659 526 1750 τῷ
551 1663 700 1746 Καίσαρι
730 1653 749 1726 ὁ
774 1653 892 1746 μάντις
922 1654 1080 1745 ἐσήμαινε

63 1783 94 1826 ιε
109 1759 214 1844 τριῶν
243 1753 378 1844 ἡμερῶν
412 1752 495 1846 πρὸς
525 1756 602 1838 τούς
632 1763 813 1846 πολεμίους
843 1755 1078 1848 κριθήσεσθαι.

107 1858 270 1948 ἐρομένου
295 1856 333 1928 δέ
355 1865 526 1949 Καίσαρος
551 1861 628 1948 περὶ
650 1862 710 1929 τοῦ
732 1863 848 1942 τέλους
876 1866 913 1929 τί
940 1865 1113 1952 προορᾷ,0

108 1955 259 2048 μεγάλην
277 1956 406 2028 είπενέ
390 1959 443 2030 ἐπὶ
462 1956 502 2028 τά
521 1961 656 2030 ἐναντία
651 1963 867 2082 δηλοῦσθμι
891 1958 1080 2050 μεταβολὴν

108 2059 166 2130 καί
188 2055 415 2184 μετάπτμσιν·
447 2055 503 2130 “sl
531 2089 594 2150 μεν
624 2050 687 2130 οὖν
718 2050 757 2182 τό
780 2059 934 2150 πράττεις
966 2065 1003 2130 ἐυ
1033 2065 1079 2152 τῷ

107 2159 269 2290 παρόντι,
287 2159 350 2248 την
359 2167 502 2286 χείρονα
520 2159 693 2251 προσδόκα
710 2158 833 2267 τάχηυ,
854 2166 885 2230 εί
903 2162 940 2230 δὲ
957 2165 1079 2247 κακῶς,

1 2301 2 2306 “
62 2262 171 2351 αυτὴν
189 2258 379 2351 άμείνοναῗ

191 2369 241 2452 T6
266 2363 304 2433 δὲ
327 2362 392 2453 πρό
415 2367 474 2458 της
496 2361 602 2454 μάχης
630 2365 728 2437 νυκτί
756 2360 815 2446 τὰς
838 2359 992 2451 φυλακάς
1016 2363 1107 2432 sce-9

107 2461 254 2554 ριιόντος
277 2463 407 2556 περὶ
373 2493 410 2534 το
433 2466 656 2554 μεσονύκτιον
673 2471 844 2556 Καίσαρος
869 2459 971 2554 ώφθη
996 2473 1080 2554 λαμ-

106 2564 179 2648 πὰς.
198 2562 361 2656 οὐρανίου
386 2564 510 2658 πυρός,
537 2561 582 2655 ἣν
604 2564 641 2638 τό
665 2563 770 2638 αότοά
791 2565 1080 2657 ὑπερενεχθεῖσαν

107 2666 336 2762 στρατόπεδον
354 2671 447 2751 ἔδοξε
470 2665 626 2758 λαμπράν
643 2671 699 2738 καὶ
716 2665 877 2759 φλογώδη
895 2669 1080 2759 γενομένην

1 2797 2 2801 ’
64 2796 95 2840 τε
109 2775 158 2850 είς
182 2767 219 2838 τὸ
242 2773 303 2840 τοῦ
326 2775 506 2860 Πομπηίου
530 2787 654 2848 πεσεῖν.
696 2767 762 2860 666
787 2771 824 2840 δὲ
848 2767 1080 2860 διαλαμψάσης

106 2867 234 2959 ἡμέρας
256 2874 291 2944 οί
306 2872 423 2942 σκοποί
447 2877 663 2960 καταβαίνειν
683 2867 894 2960 ἀπήγγελλον
918 2874 972 2940 ἐπί
989 2867 1078 2958 μάχη

105 2970 187 3054 τούς
210 2978 398 3062 πολεμίους.
451 2971 632 3063 περιχαρὴς
656 2973 693 3043 66
717 2968 899 3061 γενόμενος
923 2968 1113 3060 ώρμησευῐ)

108 3079 157 3155 είς
175 3069 302 3163 μάχην,
326 3075 383 3144 καὶ
400 3073 584 3164 συμβαλών
600 3089 669 3154 τοῖς
686 3075 747 3142 τοῦ
763 3077 943 3161 Πομπηίου
960 3071 1079 3160 τρέπε-

107 3203 163 3246 ται
181 3172 330 3256 τούτους.
360 3175 535 3304 Πομπήιος
554 3175 591 3248 66
604 3171 752 3246 κατιδών
763 3169 841 3255 τούς
860 3177 972 3254 ίππείς
985 3177 1079 3262 φυγῇ

66 3305 96 3347 εο
108 3272 421 3360 σκεδασθέντας’
378 3277 491 3348 ουκέτι
508 3266 551 3365 ἦν
567 3275 586 3348 ὁ
604 3273 706 3360 αὐτὸς
719 3271 794 3346 066’
815 3275 975 3366 ἐμέμυητο
988 3283 1128 3364 Πομ

108 3441 248 3562 ῚΒ-ξμμ.
266 3443 291 3493 9.
321 3441 466 3494 Plutarchi
485 3440 592 3493 Caesar
614 3458 638 3496 c
651 3443 717 3494 43-
720 3443 766 3506 46,
790 3441 973 3507 Pompeiane
