2566 3800
189 148 252 213 140
507 147 580 202 ΜΒ.
593 147 655 200 x11.
676 147 755 203 cAP.
769 149 873 202 xxm.

85 292 275 364 wn234uoe2
295 285 393 362 εἷλον.
433 295 479 370 είς
499 290 572 370 δέος
591 287 629 358 δὲ
645 290 805 360 τοσούτου
823 283 971 370 ἅπαντας
989 291 1161 380 περιέστη-

154 413 255 464 Ιισαν
274 389 319 475 ὡς
333 387 534 480 Ἀθηναίους
556 389 619 478 μὲν
645 385 960 479 ἆνοικοδομῆσαι-τὸ
976 407 1083 480 τεῖχος
1100 394 1163 478 τῆς
1244 384 1249 394 ’

147 539 151 549 -
191 496 323 564 ἑαυτῶν
346 491 490 583 πόλεως,
521 491 760 582 καθῃρημένον
794 493 830 562 ἐκ
855 492 924 563 τοῖν
952 494 1015 562 τού
1039 491 1161 562 Σύλλα

189 592 341 685 χρόνων,
365 599 643 682 Πελποννησίους
668 593 706 662 δέ
730 598 927 682 διατειχίσαι
951 591 1011 664 τὸν
1024 591 1161 683 Ἰσθμὸν

190 693 256 768 ιἰπὸ
273 692 448 784 θαλάσσης
467 701 514 776 εἰς
530 691 718 765 θάλασσαν.
755 689 838 764 ἆλλὸι
855 691 925 784 μήν
942 695 999 766 καὶ
1015 697 1158 786 Πέρσαι,
1172 723 1186 764 τ

191 795 363 889 Σαπύρον
383 801 481 886 σφων
499 793 751 884 βασιλεύοντος,
769 794 833 884 τήν
850 803 985 887 Συρίαν
1001 799 1163 886 κατέδρα-
1268 785 1272 866 ὸ

191 927 256 988 μου
272 901 329 970 καὶ
346 896 409 986 τήν
426 902 675 970 Καππαδοκίαν
693 895 848 988 ἐδῄωσαν
865 899 922 968 καὶ
939 894 1001 986 τήν
1013 897 1164 969 Ἕδεσαν
1270 901 1273 932 ’·

192 998 420 1091 ἐπολιόρκουν.
469 994 696 1090 Οὐαλεριανὸς
720 999 758 1068 δὲ
781 994 881 1070 όκνει
897 1001 1077 1089 προσγίξαι
1092 1015 1165 1083 τοῖς

192 1109 369 1191 πολεμίοις.
411 1100 533 1191 μαθων
565 1101 602 1170 δέ
633 1097 679 1180 ὥς
708 1105 743 1170 οί
765 1103 803 1170 ἐν
821 1097 938 1192 Ἐδέση
963 1104 1165 1190 στρατιῶται

193 1203 333 1286 ἐξιόντες
349 1205 408 1292 τής
425 1201 553 1284 πόλεως
570 1203 627 1272 καὶ
651 1199 917 1292 συμπλεκόμενοι
939 1217 1010 1285 τοις
1034 1201 1162 1293 βαρβύ-
1176 1231 1204 1272 ιο

193 1331 264 1394 ροις
288 1301 432 1386 πολλούς
454 1300 632 1394 ἀναιροῦσι
656 1305 713 1373 καὶ
739 1312 880 1376 πλεῖστα
903 1306 1009 1374 σκύλα
1033 1302 1165 1393 λαμβά-

191 1425 329 1494 νουσιν,
346 1402 578 1496 ἀνεθάρσησε,
600 1406 657 1476 καὶ
681 1401 844 1475 ἀπελθὸν
865 1401 948 1494 μετὰ
963 1411 1023 1493 τῆς
1040 1403 1166 1476 συνού-

193 1531 255 1596 σης
272 1505 363 1600 αύτῷ
390 1509 545 1597 στρατιᾶς
568 1504 762 1596 συνεπλάκη
785 1523 855 1588 τοῖς
872 1508 1030 1596 Πέρσαις.
1073 1511 1108 1576 οί
1123 1507 1165 1578 δὲ
1277 1533 1280 1602 j

90 1618 186 1672 P1630
196 1615 447 1688 πολυπλασίους
464 1603 558 1688 ὅντες
575 1606 653 1688 τούς
668 1602 847 1696 Ῥωμαίους
872 1605 1082 1697 ἐκύκλωσαν,
1106 1611 1165 1678 καί

192 1715 228 1780 οί
243 1715 379 1790 πλείους
396 1708 459 1796 μέν
476 1713 615 1796 ἔπεσον,
634 1716 716 1780 ἔνιοι
736 1707 773 1778 δέ
790 1711 844 1779 καὶ
865 1710 1045 1799 διέφυγον,
1066 1707 1159 1780 Οὐα-
1177 1736 1206 1778 15

192 1807 345 1898 λεριανὸς
377 1809 415 1880 δέ
444 1807 511 1880 σὸν
539 1825 609 1892 τοῖς
639 1812 718 1902 περὶ
741 1807 845 1882 αὐτὸν
869 1808 1070 1900 συνελήφθη
1094 1827 1165 1893 τοῖς

192 1917 364 2001 πολεμίοις
381 1913 439 1982 καὶ
455 1907 538 2002 πρὸς
554 1908 614 1982 τὸν
633 1908 806 2001 Σαποόρην
823 1909 970 2002 ἀπήχθη.
1011 1909 1029 1982 ὁ
1049 1913 1087 1983 δέ
1104 1919 1165 1984 τοῦ

193 2013 356 2102 βασιλέως
373 2011 540 2105 κρατήσας
564 2009 701 2085 πάντων
724 2008 790 2103 ήδη
814 2028 952 2104 κρατείν
978 2009 1074 2108 ᾤετο·
1106 2015 1165 2085 καὶ

194 2107 283 2205 οόμὸς
301 2108 350 2185 ω”ν
368 2120 460 2208 πρίν,
479 2117 593 2209 πολλῷ
609 2119 731 2206 χείρων
749 2115 912 2186 είσέπειτα
929 2115 1075 2204 γέγονεν.

273 2220 319 2287 Οί
345 2217 408 2307 μὲν
437 2207 501 2288 οὖν
529 2212 636 2296 οὕτως
662 2213 872 2307 αίημιίλωτον
900 2217 1077 2288 έαλωκέναι
1099 2211 1162 2285 τὸν
1177 2246 1211 2287 νο

196 2313 428 2407 Οὐαλεριανὸν
457 2333 527 2398 τολς
556 2319 704 2406 Πέρσαις
735 2315 932 2410 ἱστόρησαν·
962 2317 1027 2388 είσλ
1058 2313 1092 2385 δ’
1129 2325 1169 2388 οἳ

193 2417 313 2490 ἑκόντα
347 2420 432 2505 φασὶ
465 2409 525 2487 τὸν
557 2415 790 2506 Οὐαλεριανὸν
824 2421 1059 2511 προσχωρῆσαι
1093 2433 1168 2500 τοῖς

194 2522 354 2606 Πέρσαις,
372 2512 423 2588 ὅτι
441 2521 479 2588 ἐν
487 2515 604 2610 Ἐδέση
624 2517 798 2608 διόγοντος
815 2518 920 2592 αὐτοῦ
933 2519 1027 2610 λιμὸς
1041 2521 1165 2608 ἐπῆκτο

192 2634 262 2700 τοῖς
292 2615 524 2708 στρατιώταις,
556 2616 747 2694 κάντεῦθεν
773 2628 821 2706 εἰς
843 2619 961 2694 στάσιν
986 2627 1165 2710 κεκίνηντο

192 2721 250 2790 καὶ
267 2714 401 2792 ἅνελείν
419 2718 554 2811 ἐζήτουν
570 2717 630 2794 τόν
646 2719 883 2816 αύτοκροίτορα.
920 2717 939 2793 ὸ
960 2723 998 2793 δέ
1015 2721 1077 2813 τήν
1093 2725 1164 2792 τῶν
1176 2749 1208 2792 25

195 2823 406 2913 στρατιωτῶν
425 2820 584 2906 δεδοικιὸς
611 2823 837 2896 ἐπανάστασιν
859 2823 943 2916 πρὸς
960 2819 1020 2894 τὸν
1036 2821 1167 2894 Σατύ-

195 2953 260 3015 ρην
276 2925 483 3014 κατέφυγεν,
508 2930 568 2996 ἵνα
590 2921 637 3015 μή
659 2922 727 2997 ὑπὸ
750 2929 819 2997 τοῖν
836 2932 971 2998 οἰκείων
988 2920 1166 3013 ἀπόληται,

156 3047 181 3097 Β
193 3029 240 3120 τῷ
257 3031 405 3120 πολεμίῳ
424 3027 645 3118 προδεδωκὸς
664 3024 802 3116 ἑαυτὸν,
825 3022 910 3098 ἄλλό
927 3028 1058 3116 μέντοι,
1080 3021 1167 3096 ὅσον

192 3124 229 3196 τὸ
248 3122 302 3196 ἐπ’
322 3121 430 3220 αύτῷ,
448 3130 505 3198 καὶ
521 3127 562 3199 τὸ
575 3125 745 3219 Ῥωμαίων
762 3125 1000 3219 στρατεύματα.
1037 3124 1078 3198 ού
1094 3123 1169 3216 μήν

191 3231 228 3294 οί
242 3229 441 3318 στρατιῶται
464 3225 659 3320 ἀπόλοντο,
683 3226 767 3302 ἀλλὰ
790 3227 928 3320 γνόντες
952 3226 1017 3317 τήν
1036 3232 1167 3318 προδο-
1180 3253 1214 3298 εο

9 3383 14 3424 ,ρ
192 3331 272 3395 σίαν
307 3331 495 3416 διέφυγον,
542 3325 667 3418 ὀλίγων
701 3327 960 3424 ἄναιρεθέντων.
1022 3339 1089 3401 εἴτε
1123 3329 1167 3398 δδ

10 3435 22 3552 ’ρ
193 3422 404 3514 δορυιίλωτος
431 3425 564 3519 ἐλήφθη
594 3446 664 3513 τοῖς
686 3427 876 3526 Πέρσαιςὸ
906 3427 1064 3522 βασιλεύς
1088 3426 1162 3502 εἴθ’
