2546 3822
230 115 294 178 414
519 117 590 168 Lm.
610 117 668 168 xv.
689 115 767 168 σεε.
786 112 914 166 xxvm

227 261 314 342 γοῦν
345 253 440 337 ἐντός
464 255 573 347 χώρας
592 253 763 344 Ῥωμαίων
787 255 937 341 ἐγίνετο,
962 256 1010 344 τῷ
1040 257 1107 344 υίρῐ
1136 257 1197 322 τοῦ

224 355 435 445 Ἰσραηλίτου
465 365 697 448 κεριτιλαιιείς,
727 356 793 428 “σδ
827 353 913 444 μίν”
950 359 1017 441 ἔφη
1046 351 1196 441 “τέιινον,

226 455 420 548 ὖτόστρεφε
443 457 529 548 πρός
552 459 595 528 τά
612 458 669 547 σά,
692 458 760 546 ἐγώ
777 459 817 528 δὲ
834 457 919 546 πρὸς
932 452 1115 543 Ῥωμαίους
1133 481 1196 524 τιο-

227 557 415 649 ρεάσομαι.”
451 559 651 629 ἐπανελθών
668 557 702 628 δ’
722 565 770 640 είς
787 557 849 648 τήν
865 555 1110 647 μεγαλόπολιν,
1134 581 1195 626 κε-

226 667 370 750 ριχαροῑς
394 662 516 749 ἐδέχθη
539 660 631 750 παρά
654 667 714 732 τοῦ
740 659 987 748 αὐτοκράτορος
1012 658 1070 726 καὶ
1095 657 1222 747 μάν-ο

123 777 326 846 ΡΙΙιῠοστρος
350 759 471 832 αὐτίκα
494 769 658 852 τετίμητο,
680 763 738 831 καὶ
756 765 793 832 ἐκ
809 767 871 831 τοῦ
888 759 989 847 άγίου
1006 764 1196 847 βαπτίσμα-

190 845 279 944 Δτος
302 861 363 932 τόν
386 869 446 932 τοῦ
469 865 632 950 βασιλέως
658 862 740 934 υἱόν
767 862 904 952 Μιχαὴλ
929 861 1080 948 ἐδέξατο,
1106 856 1150 929 δν
1178 857 1197 928 ὁ

224 963 334 1053 πατὴρ
356 965 413 1033 καὶ
435 963 614 1054 διαδήματι
637 969 755 1048 ἔστεφε
778 964 835 1033 καί
867 963 1005 1052 βασιλέα
1024 959 1198 1049 Ῥωμαίων

224 1060 352 1135 άνεῑτε.
387 1071 449 1135 τοῦ
466 1065 673 1155 πατριάρχου
691 1066 730 1135 δὲ
741 1061 932 1136 Ἀντωνίου
949 1062 1012 1150 τὴν
1028 1059 1116 1149 ζωὴν
1132 1089 1197 1130 κα·

223 1168 481 1255 ταστρέψαντος,
507 1165 545 1247 ὃς
563 1175 620 1254 ἔτη
637 1174 697 1256 τῆς
717 1170 892 1255 ἐκκλησίας
912 1161 1073 1254 ἐκράτησε
1091 1168 1191 1232 δεκα-
1208 1187 1234 1226 10

222 1274 316 1355 τρία,
338 1262 512 1356 Ἰωάννης,
539 1265 581 1337 ὃν
599 1266 617 1336 ὁ
636 1267 734 1355 λόγος
752 1266 818 1357 ἤδη
836 1273 1014 1356 προείρηκε
1031 1263 1194 1334 διδάσκα-

222 1377 284 1438 λον
301 1370 459 1455 γενέσθαι
476 1375 538 1466 τοό
554 1377 723 1456 Θεοφίλου
737 1371 795 1438 καὶ
811 1365 1088 1458 συναιρεσιάτην,
1107 1391 1193 1453 προ-

221 1477 393 1558 χειρίζεται
423 1469 640 1560 πατριάρχης,
672 1468 714 1540 δν
743 1472 801 1540 καὶ
827 1468 962 1557 Ἰάννην
992 1466 1137 1536 ἐκάλουν
1160 1470 1198 1534 οί

220 1569 315 1659 τότε,
341 1571 398 1640 καὶ
416 1570 472 1642 διά
489 1571 552 1659 τὴν
569 1575 698 1660 αἵρεσιν
715 1573 773 1640 καὶ
790 1569 848 1641 διά
865 1575 1032 1658 γοητείας·
1056 1559 1103 1654 ἦν
1126 1565 1195 1655 γάρ

221 1669 341 1752 αόταίς
367 1673 530 1762 ἐντριβής.
573 1671 634 1742 τόν
658 1672 697 1742 δὲ
723 1673 902 1764 ίεράτατον
929 1667 1123 1754 Μεθόδιου,
1154 1665 1195 1749 δς
1210 1692 1237 1733 ιι

224 1772 369 1862 ὕστερον
398 1773 455 1842 καὶ
484 1773 545 1843 τόν
574 1772 812 1864 κατριαρχικόν
849 1773 1012 1862 ἐκόσμησε
1048 1767 1195 1859 θρόνον,

191 1871 269 1961 Bm}
287 1870 491 1962 πειθόμενον
508 1876 700 1944 συνθέσθαι
713 1882 757 1965 τῇ
770 1877 952 1964 κακοδοξίᾳ
969 1871 1089 1957 αὐτοῦ,
1107 1867 1195 1957 μετά

218 1975 385 2062 μαστίξεις
397 1974 523 2056 πολλάς
541 1976 598 2044 καὶ
614 1981 684 2046 τάν
701 1975 869 2063 σιαγόνων
882 1971 987 2044 αὐτοῦ
1001 1970 1196 2042 συύθλασιν
1260 1967 1262 2048 λ

219 2076 276 2145 καὶ
299 2081 369 2145 τάν
392 2071 545 2147 ὀδόντων
570 2079 752 2168 ἐκρίζωσιν,
778 2083 825 2158 είς
843 2075 908 2165 τήν
926 2076 1109 2163 Πάνορμον
1125 2076 1195 2159 νῆ-

220 2197 298 2264 σον,
329 2175 351 2265 ἢ
379 2181 448 2248 νῦν
479 2184 541 2247 τοῦ
564 2175 760 2265 Ἀντιγόνου
787 2186 951 2264 καλεῖται,
978 2173 996 2245 ό
1022 2169 1194 2260 δυσσεβὴς
1208 2198 1234 2239 ιο

218 2275 406 2368 ότεροριῖει
425 2278 606 2368 Θεόφιλος,
630 2281 687 2349 καλ
706 2279 799 2360 ἐντός
817 2285 1040 2368 καθείργνυσι
1056 2272 1194 2362 μνήμα-

219 2405 274 2460 τος
291 2376 374 2468 ρετά
393 2379 457 2450 δόο
475 2387 626 2470 λῃστῶν·
653 2373 702 2449 άν
725 2386 786 2450 τοῦ
811 2379 884 2461 ἑνὸς
907 2377 1086 2461 θανόντος,
1104 2372 1195 2461 όσην

120 2542 125 2551 ,
219 2477 348 2564 ὁάγιος
373 2481 409 2548 ἐκ
433 2485 491 2568 τῆς
514 2481 692 2562 δυσάδους
715 2487 777 2551 τοῦ
801 2486 987 2560 τεθνεῶτος
1013 2476 1193 2564 ἀποφορᾶς

217 2576 388 2666 δτήνεγκε
406 2586 486 2667 βίαν
502 2582 560 2650 καὶ
578 2581 702 2670 άηδίαν
719 2580 782 2652 οὐκ
801 2581 845 2652 άν
862 2609 911 2662 τις
935 2580 1035 2667 λόγος
1060 2580 1194 2654 ἱκανῶς

218 2679 448 2772 διαγράψαιτο.
485 2684 556 2751 ἐκεῖ
570 2689 688 2753 τοίνυν
707 2685 982 2772 ἐγκεκλεισμένου
999 2685 1061 2748 τοό
1079 2674 1192 2746 άοιδί-
1206 2701 1235 2743 νε

215 2807 281 2871 μου
302 2784 432 2852 ἐκείνου
450 2783 588 2872 πατρός,
606 2786 716 2854 καλοί
732 2781 946 2871 αδτάδελφοι,
965 2781 985 2852 ὅ
1002 2808 1038 2850 τε
1052 2775 1193 2866 Θεοφά-

216 2910 276 2968 νης
294 2885 352 2952 καὶ
370 2881 387 2952 ὁ
405 2883 592 2974 Θεόδωρος,
610 2885 693 2974 μετά
711 2885 860 2974 τὴντῶν
876 2883 1069 2975 προσοίκων
1085 2877 1191 2947 κατά-

217 2986 320 3066 στιξιν
344 2982 614 3075 άτιεροριζόμενοι
638 2987 695 3055 καὶ
726 2985 808 3056 κατά
834 2985 895 3056 τόν
919 2980 1039 3073 Κάρτα
1068 2981 1190 3068 λιμένα

182 3084 465 3167 οιιαταλόσαντες
490 3085 545 3156 διά
568 3114 659 3168 τινος
684 3085 802 3169 άλιίοος
826 3085 998 3174 συνήθους
1028 3088 1076 3176 τῷ
1109 3091 1190 3150 Με-

213 3189 324 3276 θοδίρι
344 3187 575 3256 εἰιιστίλλουσι
591 3194 709 3276 ταῦτα,
974 3227 980 3240 ·
1200 3205 1243 3250 su

265 3289 312 3374 τῷ
330 3290 426 3367 ζῶντι
443 3285 555 3380 νεκρῷ
572 3289 629 3356 καὶ
646 3295 757 3384 νεκρῷ
774 3281 975 3382 ζωηφόρηιξῗὲ

263 3390 396 3453 ναίουτι
412 3385 475 3473 τὴν
492 3394 558 3474 γῆν
575 3389 630 3457 καὶ
649 3397 810 3461 πολοόντι
827 3388 890 3461 τόν
906 3389 1025 3475 πόλον,
