2562 3814
156 186 159 192 ’
210 179 271 244 172
543 182 615 234 τεν
629 182 705 237 vm
724 180 838 236 cAP1.

209 333 376 392 Σαυνῖται
394 321 431 390 δέ
450 323 503 392 ἐπὶ
516 338 592 404 τοῖς
602 318 786 410 γεγονόσιν
790 318 1080 410 ἀγανακτήσαντες
1093 321 1179 412 πρὸς

208 419 373 495 ἀπόνοιαν
398 417 574 512 ῶρμησαν,
600 419 645 505 ῶς
669 416 690 510 ή
714 423 935 513 κρατήσοντες
959 416 981 543 ή
1004 429 1178 506 παντελῶς

105 523 450 615 ΡΙεστάπολούμενοι,
480 523 632 597 θανατον
661 521 901 612 ἀπειλήσαντες
929 527 978 594 τῶ
1006 527 1093 596 οίκοι
1120 553 1177 616 με·

207 634 334 698 νοῶντι.
374 628 429 696 καὶ
448 627 534 696 οί
498 655 561 715 μεν
579 631 611 708 ές
635 625 697 715 τήν
714 635 919 716 Καμπανίαν
944 595 1120 716 ένέβαλυν,
1145 633 1181 698 οί

209 724 237 798 δ’
255 727 376 799 ὕπατοι
398 734 521 818 ἔρημον
543 724 584 798 δυ
607 731 819 818 στρατιωτῶν
843 727 879 798 τὸ
904 726 1056 800 Σαύνιον
1074 727 1177 817 ,έπόρ-
1203 758 1219 800 ο

207 841 298 902 θουν
315 831 371 900 καὶ
390 828 503 910 πόλεις
523 826 613 899 εἷλόν
630 858 733 910 τινας.
771 827 855 900 ὅθεν
873 833 908 900 οί
924 841 1091 901 Σαυνῖται
1116 831 1178 920 τήν

207 940 413 1020 Καμπανίαν
426 929 579 1014 λιπόντες
593 938 641 1012 είς
657 930 720 1019 τήν
732 938 861 1002 οίκείαν
878 926 1101 1020 ἠπείχθησαν,
1120 933 1178 1002 καὶ

207 1040 254 1126 τῷ
285 1035 336 1103 ἑνὶ
366 1039 435 1103 τῶν
457 1030 598 1104 ὑπάτων
621 1036 842 1122 συμμίξαντες
867 1039 904 1102 ἔκ
926 1060 1016 1114 τινος
1039 1033 1178 1122 ήιτηντο

209 1131 493 1224 στρατηγήματος,
520 1136 574 1204 καί
601 1131 767 1223 φυγόντες
787 1137 907 1216 δεινῶς
925 1140 1103 1221 ἔπταισαν,
1121 1137 1178 1205 καὶ

208 1235 244 1304 τδ
263 1234 492 1324 στρατόπεδον
509 1231 697 1324 ἀπέβαλον,
722 1232 805 1325 πρός
828 1237 866 1306 δέ
884 1239 940 1306 καλ
962 1233 1000 1306 τό
1017 1235 1174 1326 πόλγσμα,
1191 1268 1217 1308 ιο

210 1327 477 1430 ᾦέπεβοήθουν.
515 1332 533 1407 ὁ
560 1338 598 1407 δέ
620 1335 746 1418 ὕπατος
770 1335 810 1408 τά
827 1365 863 1408 τε
888 1341 1033 1408 ἐπινίκια
1052 1346 1178 1428 ἔπεμψε

209 1440 265 1508 καλ
289 1439 330 1508 τά
352 1437 580 1526 ἀθροισθέντα
605 1442 641 1508 έκ
663 1444 732 1509 τῶν
754 1437 918 1529 λαφύρων
942 1442 1176 1529 ἐδημοσίωσεν.

208 1537 227 1610 ὁ
246 1536 279 1610 δ’
300 1544 410 1630 ἕτερος
426 1537 551 1621 ὕπατος
569 1537 658 1609 κατά-
669 1544 737 1610 τῶν
760 1543 945 1630 Τυρσηνῶν
963 1539 1177 1631 στρατεύσας,

115 1673 118 1680 ’
210 1643 266 1712 καὶ
284 1638 493 1729 καταστήσας
511 1637 634 1722 αύτούς
653 1638 694 1711 δι’
713 1639 842 1730 ὀλίγου,
862 1640 956 1712 σῖτόν
972 1671 1008 1713 τε
1025 1645 1081 1712 καὶ
1099 1642 1177 1732 χρή-

175 1763 196 1812 Β
210 1770 297 1830 ματα
314 1737 390 1828 παρ’
402 1737 514 1812 αὐτῶν
533 1741 721 1832 εἰσπράξας,
740 1742 780 1813 τά
798 1745 862 1833 μὲν
876 1760 945 1824 τοῖς
963 1742 1177 1834 στρατιῶταις
1191 1771 1219 1814 ιο

211 1845 363 1933 διέδωκε,
381 1836 422 1914 τά
442 1839 471 1912 δ’
492 1843 685 1934 είσήνεγκεν
699 1852 746 1926 είς
764 1843 840 1925 τούς
858 1844 1062 1934 θησαυρούς.
1106 1889 1110 1898 ·

286 1943 545 2034 Συμβεβηκότος
571 1947 609 2016 δέ
633 1950 752 2035 λοιμοῦ
776 1951 932 2036 ἰσχυροῦ,
957 1952 992 2016 οί
1012 1957 1178 2018 Σαυνῖται

208 2048 265 2116 καὶ
284 2056 446 2120 Φαλίσκοι
463 2047 777 2174 καταφρονήσαντες
799 2055 867 2118 τῶν
882 2043 1051 2137 Ῥωμαίων
1069 2048 1124 2118 διά
1141 2077 1176 2118 τε

207 2146 282 2236 τήν
299 2146 403 2221 νόσον
432 2146 538 2275 κμλ
518 2178 568 2220 οτι
597 2149 675 2230 τούς
705 2145 855 2231 ὑπάτους
885 2148 926 2220 ού
956 2147 1023 2220 κατ’
1054 2147 1176 2238 ἀρετήν

208 2246 345 2340 ήρηντο,
364 2249 408 2334 ῶς
422 2281 467 2340 μη
453 2249 667 2341 πολέμων”
649 2280 768 2339 οντων,
784 2259 1021 2342 παρεκίνησαν.
1049 2250 1174 2340 μαθόν-
1189 2279 1217 2320 κο

208 2379 261 2431 τες
272 2341 337 2421 ούν
349 2350 441 2423 τοῶθ’
453 2346 508 2420 oc‘
508 2363 662 2441 Ρωμαῖοι,
673 2349 801 2448 Ἰουνίω
819 2353 882 2442 μέν
893 2351 1176 2447 ΒρούτωτδνΚα·

209 2460 372 2574 ρρυίλιου,
392 2461 462 2524 Κυί
461 2482 529 2546 ντφ
545 2455 582 2523 δὲ
601 2461 706 2547 Φαβί
693 2483 720 2524 ω
738 2454 797 2525 τόν
811 2458 937 2543 πατέρα
951 2453 1009 2524 τόν
1023 2452 1177 2526 Ῥούλλου

208 2551 267 2622 τὸν
277 2552 464 2643 Μάξιμον
445 2553 749 2645 υποστρατήγουςη
734 2549 968 2645 ”πρεσβεντάς
978 2559 1177 2643 συνεξέπεμ-

209 2669 287 2736 ψαν.
324 2649 422 2744 ὁμέν
439 2645 502 2726 ούν
519 2660 666 2744 Βρούτος
685 2665 876 2738 Φαλίσκους
900 2661 1034 2746 ἐνίκησε
1057 2659 1114 2726 καλ
1136 2654 1176 2726 τά

105 2753 342 2826 ΨΠεετούτων
359 2759 414 2827 καλ
432 2753 473 2827 τά
491 2760 559 2827 τῶν
583 2755 696 2829 ἀλλων
718 2763 903 2848 Τυρσηνῶν
924 2763 1082 2846 ἐληίζετο,
1108 2756 1175 2830 Φά·
1189 2784 1216 2826 ω

207 2865 279 2946 βιος
313 2860 349 2928 δέ
379 2863 437 2948 τής
457 2854 579 2949 Ῥῶμης
603 2859 667 2951 πρὸ
692 2863 754 2931 τοῶ
777 2858 899 2950 πατρὸς
924 2857 1096 2947 ἐξελάσας,
1121 2861 1177 2928 καί

174 2977 195 3027 c
208 2960 285 3042 τούς
299 2968 470 3043 Σαυνίτας
488 2969 661 3050 ληίζεσθαι
674 2961 736 3050 τήν
749 2968 954 3051 Καμπανίδα
972 2959 1177 3051 πυθόμενος,

206 3058 371 3150 ἠπείγετο.
408 3061 608 3151 προσκόποις
632 3065 671 3134 τέ
690 3084 778 3134 τισιν
802 3059 913 3134 αύτῶν
932 3059 1096 3152 έντυχῶν,
1120 3064 1176 3134 καὶ

206 3165 331 3251 ταχέως
349 3160 609 3253 ἀποχωρούυτας
629 3168 718 3254 σφοῖς
740 3162 966 3254 θεασάμενος,
990 3162 1117 3244 πάντας
1139 3192 1176 3234 τε

206 3271 386 3352 πολεμίους
408 3264 587 3355 τυγχάνειν
610 3270 680 3338 ἐκεῖ
702 3265 835 3357 ἐνόμισε
861 3268 918 3338 καί
940 3263 1082 3354 φεύγειν
1101 3267 1175 3336 έπί-
1189 3291 1216 3334 εο

206 3385 342 3436 στευσε·
377 3364 441 3435 κάκ
465 3365 586 3438 τούτου
604 3366 751 3450 σπεύσας
769 3364 883 3450 αύτοίς
907 3375 1093 3457 συμβαλεῖν
1111 3365 1175 3455 πρὸ

206 3473 266 3535 τού
283 3463 342 3536 τόν
359 3468 485 3558 πατέρα
505 3466 609 3539 αὐτοῦ
621 3467 815 3558 ἀφικέσθαι,
834 3468 875 3540 ἵν’
891 3467 1045 3556 αάτούμδ
1059 3466 1176 3558 κατόρ-
