2566 3800
188 173 248 238 188
473 176 544 231 τιε,
563 175 641 225 x111.
661 173 740 225 ονε.
758 173 806 225 1v.
825 173 857 223 v.

186 316 336 404 θρύπως
361 316 591 404 διατιθέμενος
616 319 732 400 ἔλεγεν
756 311 807 382 ὅτι
836 311 874 381 τό
901 316 1028 382 νοσούν
1057 314 1162 400 μέλος

186 412 398 487 άποκοπτέον
415 417 472 485 καὶ
492 411 647 503 σεσηπός,
665 419 723 484 ’ίνα
740 412 786 504 μῆ
806 414 945 496 καὶτοῖς
963 410 1161 500 ύγιαίνουσι

186 527 402 608 λυμανεῖται·
434 515 475 587 ού
499 517 612 606 μέντοι
635 514 674 586 τύ
700 513 833 603 ύγιείας
849 510 915 603 ῆδη
937 513 1043 604 τυγδν
1059 510 1081 604 ῆ
1100 515 1160 584 καὶ

187 618 416 708 ύγιαζύμενον.

148 715 169 779 5
288 720 357 792 Καὶ
383 717 401 790 ὁ
427 719 491 810 μὲν
512 718 699 808 τρισόλβιος
728 716 888 807 βασιλεύς
919 720 1046 799 ἐκεῖνος
1070 716 1187 808 πρὸςῡ

187 821 246 904 τάς
270 827 430 902 αἰωνίους
453 823 616 910 μετετέθη
639 819 774 908 σκηνάς.
810 817 888 908 ῆδέ
903 825 973 890 τῶν
985 818 1161 908 Ῥωμαίων

187 921 350 1013 ἡγεμονία
375 929 423 1004 εἰς
447 921 528 1004 τούς
552 937 642 1011 τρεῖς
668 925 801 992 ἐκείνου
831 926 955 1002 παῖδας
981 921 1162 1012 μεμέριστο

152 1025 363 1114 Βξύμπασα,
401 1022 446 1104 αἱς
471 1025 535 1113 μέν
557 1049 646 1105 τινες
673 1022 947 1112 συνεγράψαντο,
980 1021 1069 1114 παρά
1094 1027 1160 1092 τοῦ

187 1125 313 1214 πατρὸς
333 1133 429 1215 σφίσι
446 1129 699 1214 διανεμηθεῖσα,
719 1123 764 1206 αἱς
782 1121 816 1194 δ’
837 1127 953 1213 ἕτεροι,
971 1117 1055 1194 καθ’
1074 1125 1161 1193 ἑαυ-

186 1225 266 1308 τούς
292 1227 421 1314 ταύτην
444 1223 560 1297 αύτων
586 1227 790 1314 διελομένων
813 1225 896 1315 μετά
919 1224 983 1313 τῆν
999 1223 1159 1314 άποβίω-
1175 1255 1201 1296 ιο

187 1350 241 1399 σιν
264 1335 326 1398 τού
351 1328 486 1418 πατρός.
521 1327 610 1398 οὕτω
636 1325 669 1395 δ’
690 1325 861 1418 ἱστόρηται
879 1331 1046 1417 προβῆναι
1062 1325 1159 1417 παρά

188 1437 306 1517 σφίσιν
322 1427 344 1518 ῆ
359 1431 569 1518 διανέμησις·
587 1435 634 1521 τῷ
647 1428 710 1516 μὲν
724 1427 921 1499 Κύνσταντι
934 1435 1160 1518 προσκληρω-

188 1537 292 1618 θῆναι
309 1529 373 1619 τῆν
384 1527 528 1601 Ἰταλίαν
544 1531 601 1598 καὶ
618 1529 682 1617 τῆν
695 1527 824 1618 Ῥύμην
837 1527 945 1618 αύτῆν
962 1529 1024 1618 τῆν
1039 1525 1161 1620 Ἀφρι-

188 1631 253 1719 κῆν
282 1659 318 1701 τε
348 1633 405 1700 καὶ
424 1637 586 1702 Σικελίαν
612 1631 669 1699 καὶ
699 1629 760 1712 τάς
790 1630 908 1712 λοιπάς
937 1637 1006 1702 τοῖν
1026 1629 1160 1720 νῆσων,

187 1731 273 1801 άλλά
296 1733 409 1818 μέντοι
432 1732 489 1801 καὶ
511 1731 549 1800 τδ
565 1727 751 1822 Ἰλλυρικὸν
774 1733 831 1802 καὶ
854 1731 917 1820 τῆν
935 1738 1162 1804 Μακεδονίαν
1175 1763 1200 1805 15

186 1833 243 1902 καὶ
262 1823 329 1901 σύν
345 1839 387 1923 τῆ
401 1830 520 1924 Ἀχαΐᾳ
543 1831 605 1921 τῆν
622 1833 903 1922 Πελοπόννησον·
929 1841 977 1926 τῷ
995 1833 1034 1904 δὲ
1051 1835 1160 1906 Κύν-

187 1941 353 2027 σταντίνςο
381 1933 442 2016 τάς
466 1942 610 2016 Κοττίας
632 1931 766 2016 Ἀλπεις
795 1934 863 2006 σύν
891 1950 965 2017 ταῖς
997 1943 1161 2017 Γαλλίαις

187 2042 475 2126 προσνεμηθῆναι,
500 2043 637 2108 Κοττίαι
655 2035 692 2105 δὲ
712 2034 961 2127 ὠνομάσθησαν
978 2035 1046 2107 άπό
1064 2045 1158 2108 Kot-

186 2143 274 2226 τίαν,
291 2139 453 2226 βασιλέως
470 2143 540 2208 τῶν
552 2138 664 2208 τόπων
680 2137 811 2209 τούτων
828 2138 1024 2228 γενομένου·
1042 2140 1099 2209 καλ
1115 2137 1156 2207 τδ

187 2249 389 2329 Πυρηναλον
410 2246 513 2329 κλίμα
534 2241 630 2329 μέχρι
651 2244 722 2310 τοῖν
745 2240 904 2330 Μαύρων
920 2247 991 2311 ταῖν
1007 2243 1057 2334 τῷ
1072 2265 1158 2328 πορ-
1173 2271 1202 2312 το

153 2346 269 2431 οθμῷ
292 2341 524 2432 διωρισμένων
541 2347 590 2433 τῷ
607 2347 668 2409 τού
683 2338 846 2412 Ὠκεανοῦ
856 2361 863 2377 ·
888 2347 950 2412 τού
968 2351 1160 2413 Κωνσταν-

83 2448 286 2519 ιυΠῙῃτίου
303 2442 342 2510 δὲ
360 2440 460 2528 λάχος
478 2442 639 2527 γενέσθαι
663 2439 727 2511 ὅσα
744 2443 828 2512 κατά
845 2442 909 2532 τῆν
928 2444 1015 2537 ἕρίαν
1031 2457 1162 2533 μοῖραν

185 2533 272 2628 ῆσαν
288 2537 462 2630 Ῥωμαίοις
484 2539 631 2629 ύπῆιιοα,
655 2544 712 2612 καλ
730 2543 815 2634 πρὸς
831 2545 962 2627 τούτοις
979 2543 1042 2633 τῆν
1060 2544 1160 2636 Θρᾴ-
1278 2631 1279 2638 ,

185 2667 250 2728 κην
267 2640 334 2710 σύν
350 2645 393 2731 τῆ
411 2639 505 2712 πόλει
518 2647 561 2733 τῆ
574 2650 729 2735 πατρικῆ.
754 2645 843 2716 ούτω
857 2645 895 2716 δὲ
911 2652 974 2716 τού
990 2653 1162 2737 μερισμοῦ
1277 2667 1279 2720 ι

184 2747 243 2830 τῆς
267 2737 372 2834 ἀρχῆς
397 2743 604 2833 προβάντος,
628 2743 646 2814 ὁ
670 2745 734 2835 μὲν
758 2744 996 2830 Κωνστάντιος
1018 2754 1068 2829 είς
1092 2745 1206 2836 τῆνεε
1277 2753 1279 2762 ’

187 2841 275 2938 έςύαν
299 2844 482 2937 ἐχαίρησεν,
507 2846 736 2936 ἐκστρατεύων
759 2847 843 2919 κατά
862 2855 1016 2940 Περσῶν.
1052 2847 1161 2940 ὁγὰρ

183 2945 315 3017 τούτων
331 2945 550 3037 ἡγεμονεύων
567 2945 750 3040 Σαπύρης,
768 2946 830 3020 τόν
846 2951 997 3021 θάνατον
1013 2955 1075 3021 τού
1093 2977 1160 3038 με·

184 3047 291 3133 γάλου
309 3048 414 3135 γνούς
428 3055 704 3138 Κωνσταντίνον,
716 3049 801 3120 κατά
817 3057 887 3121 τῶν
903 3049 972 3122 ύττδ
985 3050 1163 3141 Ῥωμαίοις

183 3148 375 3218 τελούντων
393 3148 497 3219 ἐπιοδν
513 3150 570 3219 καὶ
588 3151 779 3242 ληιζόμενος
803 3151 868 3223 ούκ
892 3152 1043 3223 ἐπαύετο.
1078 3149 1097 3222 ὃ
1117 3152 1162 3224 δὲ

183 3255 442 3330 Κωνσταντῑνος
465 3257 513 3342 τῷ
531 3247 729 3322 Κύνσταντι
753 3253 930 3342 ἐπεφύετο,
952 3253 1015 3341 τῆν
1037 3256 1160 3323 διανέ-
1176 3287 1208 3331 εο

182 3367 283 3430 μησιν
305 3354 374 3418 τῶν
404 3357 524 3440 χαράν
555 3352 749 3442 αἰτούμενος
779 3355 836 3423 καὶ
867 3351 888 3444 ῆ
913 3361 1163 3446 παραχωρῆσαι

184 3445 308 3528 μύθους
326 3445 421 3540 αὐτῷ
438 3457 497 3536 τῆς
514 3449 620 3541 ἀρχῆς
637 3449 823 3544 άπαιτῶνῆ
841 3451 1077 3527 ἀναδάσασθαι
1094 3455 1162 3539 τάς
