2562 3814
388 167 532 219 LIB.V11.
552 165 629 218 οΑΡ.
643 167 745 219 xvm.
993 165 1053 230 139

108 305 230 378 νοάκιον
247 303 301 377 διά
316 304 379 394 τὴν
394 296 498 394 ἧτταν
514 304 576 396 τὴν
593 312 795 397 στρατηγίαν
812 301 979 395 άφείλετο,
997 307 1053 376 καὶ

108 403 194 491 αὐτὸς
210 403 402 479 άπέθετο
367 435 430 496 την
447 405 562 499 ἀρχήν.

173 515 216 582 Οί
241 511 352 599 μέντοι
377 504 529 598 Ρωμαῖοι
558 516 684 582 οίκελον
713 506 869 598 ἐσχήκασι
894 509 1049 610 πόλεμον,
1069 519 1107 584 18

106 605 186 692 ὀς“ίκ
202 611 330 682 δούλων
346 611 491 699 συνέστη
506 612 563 681 καί
575 609 740 700 φυγάδων
757 617 908 700 τινῶν,ο
890 604 1087 691 οἳνυκτὸςο

86 713 288 794 οέκελθόντες
312 715 509 836 ἐξαπιναίως
532 716 592 782 τοῦ
616 719 832 786 Καπιτωλίου
858 711 1052 802 ἐκράτησαν.

110 807 169 882 οδ
188 809 288 902 ὅμιλος
306 811 418 884 καλ’
381 841 455 903 τοτε
472 811 512 885 οὐ
530 812 693 904 πρότερον
712 817 748 884 ἐν
765 830 834 894 τοῖς
852 814 966 893 ὅπλοις
985 815 1054 900 ἐγέ-

105 941 172 984 νετο
186 923 260 1006 πρίν
276 945 309 986 τι
327 919 429 986 πλέον
447 932 541 1004 σχεῖν
558 918 625 985 των
640 913 860 1006 εὐπατριδῶν,
887 912 1155 986 &mam-ww

103 1043 148 1097 τες
169 1019 206 1086 δέ
224 1045 263 1106 γε
286 1031 358 1097 τοῖς
382 1014 602 1086 στασιάσασιν
629 1014 816 1106 ἐκράτησαν
841 1016 904 1106 μὲν
929 1011 1054 1102 αὐτῶν,

102 1117 230 1200 πολλοὺς
247 1119 286 1189 δε
304 1147 373 1188 των
390 1119 492 1207 σφετί
491 1146 561 1209 ρων
578 1111 756 1205 άπέβαλον.

75 1249 93 1288 ιι
165 1219 230 1290 Διίι
246 1224 360 1291 ταῦτα
377 1226 495 1291 τοίνυν
512 1224 548 1290 oc
566 1213 719 1308 Ρωμαῖοι
741 1220 796 1288 καὶ
821 1217 876 1288 διά
900 1246 976 1288 τινα
994 1243 1055 1306 οη-

99 1337 165 1408 μείω
182 1318 427 1410 εὐλαβηθέντες
445 1349 514 1390 των
530 1347 567 1390 τε
584 1319 668 1410 πρὸς
681 1315 845 1407 άλληλους
862 1315 1053 1440 ἀπηλλάγη-

102 1443 154 1492 σαν
170 1421 384 1514 ἐγκλημάτων
407 1424 463 1492 καλ
486 1419 550 1510 την
574 1427 747 1492 πολιτείαν
772 1421 935 1545 ίσωτίραγ
958 1417 1055 1508 ποιή-

101 1537 210 1596 σασθαι
223 1527 442 1614 ἐψηφίσαντο.
468 1524 523 1594 καὶ
536 1537 626 1614 τρεῖς
639 1519 765 1613 ἄνδρας
779 1520 875 1603 είς
839 1549 901 1611 την
914 1515 1056 1592 Ελλάδα

101 1622 147 1694 διά
161 1625 234 1710 τούς
252 1624 380 1716 νόμους
398 1627 453 1696 καὶ
467 1624 507 1695 τά
521 1621 603 1716 παρ’
618 1628 758 1706 ἐκείνοις
772 1628 836 1712 ἔθη
849 1619 1052 1712 πεπόμφασι.

73 1729 147 1798 οιαὶ
162 1729 394 1818 κομισθέντων
412 1726 526 1797 αὐτων
549 1723 607 1807 τάς
624 1753 661 1796 τε
677 1721 779 1807 άλλας
803 1721 905 1816 άρχδις
916 1727 978 1796 ,καὶ
995 1724 1088 1806 τάςι)

99 1833 157 1897 τῶν
173 1828 354 1921 δημάρχων
371 1829 577 1916 κατέλυσαν,
601 1831 657 1898 καί
673 1824 800 1918 ἄνδρας
824 1825 909 1898 ὀκτοδ
930 1831 966 1898 ἐκ
986 1831 1054 1897 τῶν

100 1928 227 2018 κράτων
243 1930 459 2018 άνθείλοντο,
477 1927 686 2000 καλ”Αππιον
706 1925 878 2001 Κλαύδιον
902 1934 1002 1999 Τίτον
1019 1953 1055 1998 τε

101 2030 267 2104 Γενούκιον
286 2029 466 2114 ἀπέδειξαν
478 2031 562 2102 κατά
572 2029 632 2100 τὸν
645 2027 798 2100 ἐνιαυτὸν
811 2033 942 2099 ἐκείνου
955 2049 1056 2116 στρα-

99 2133 205 2220 τηγοὺς
222 2130 481 2223 αὐτοκράτορας.
517 2134 574 2202 καὶ
592 2128 715 2219 νόμους
733 2125 845 2208 αὐτοῖς
863 2126 1057 2252 συγγράψαι

71 2235 291 2324 κίκίτρεψαν,
318 2240 486 2324 μηδεμίαν
509 2261 545 2304 τε
563 2239 663 2319 δίκην
688 2226 882 2319 ἐφέσιμον’
865 2224 925 2296 απ’
945 2223 1058 2298 αὐτῶν

99 2339 243 2419 γενέσθαι
261 2343 460 2459 προσεγηφί
458 2353 575 2406 σαντο
601 2328 621 2403 6
638 2330 756 2425 πράην
773 2328 892 2401 οὐδενί
909 2334 977 2401 τῶν
994 2326 1049 2416 ἆρ-

98 2434 215 2522 χάντων
231 2436 324 2526 πλὴν
341 2441 410 2507 τῶν
428 2433 642 2526 δικτατάρων
659 2437 802 2504 ἐδέδοτο.
831 2421 935 2555 ηρξάν
952 2458 988 2502 τε
1001 2418 1057 2501 οὗ·

98 2564 142 2607 τοι
163 2542 203 2628 ἐφ
207 2534 412 2629 ’ἡμέραν“
392 2559 546 2625 εκαστος,
577 2534 773 2618 ἐναλλὰξ
740 2563 776 2605 το
800 2531 975 2659 πρόσχημα
998 2559 1057 2621 της

98 2635 230 2728 ηγεμονί
228 2670 268 2723 ας
294 2637 529 2728 λαμβάνοντες
572 2640 629 2707 καὶ
652 2636 776 2726 νόμους
802 2635 1057 2758 συγγράψαντες

70 2739 191 2820 meg
155 2769 216 2828 την
233 2740 362 2832 ἀγορὰν
380 2743 558 2828 ἐξέθηκαν
584 2743 656 2808 ολέ
602 2740 713 2808 λέπελ
737 2743 840 2808 πᾶσιν
856 2733 1058 2826 ηρεσαν,ς
1025 2739 1058 2814 ἐς

100 2839 152 2910 τὸν
169 2848 277 2932 δημον
296 2869 311 2912 ε
313 2840 515 2932 σηχθησαν,
533 2842 590 2910 καὶ
606 2841 818 2930 κυρωθέντας
836 2843 971 2908 σανίσιν
989 2839 1058 2904 ἐνε-

98 2939 271 3032 γράφησαν
295 2945 389 3014 δέκα·
415 2939 479 3013 ὅσα
496 2940 561 3034 γάρ
584 2943 737 3031 φυλακης
762 2942 948 3029 ἐκρίθησαν
970 2931 1159 3023 άξια,ΡΙ347

102 3043 310 3127 ἕνσανιδίοις
331 3047 598 3167 ἐθησαυρίζοντο
705 3083 707 3088 v

163 3143 304 3268 Ἐκελγοι
320 3135 440 3235 μὲν
398 3174 461 3216 ουν
478 3145 537 3216 τὸν
552 3141 708 3216 ἐνιαυτὸν
719 3137 905 3221 άνάσαντες
923 3133 1058 3228 ἀφῆκαν

18 3297 22 3386 χ
69 3241 157 3332 υτην
172 3241 297 3337 άρχην,
322 3245 483 3339 ἔκμαθ’
507 3235 608 3328 αὖθις
631 3245 823 3337 αἱρεθέντες
847 3236 973 3312 δίκα“
947 3262 1059 3332 ωσπερ

18 3387 23 3422 γ
100 3389 297 3406 -·—-—·-—-·

134 3473 197 3542 Gap.
205 3479 245 3529 18.
260 3479 358 3533 Dionis
368 3479 511 3532 Historiae
521 3479 662 3530 Romanae
670 3476 735 3527 libri
744 3475 858 3542 perditi:
872 3473 970 3541 fragm.
981 3475 1022 3534 23,
1034 3474 1058 3522 3.
