2580 3816
204 165 268 230 286
541 163 612 218 LIB.
632 163 705 218 xlv.
725 161 803 218 OAP.
822 163 857 214 X.

206 309 438 392 ἐκδικοῦντος,
463 300 681 394 ἀδεεστέρους
700 305 844 391 έποίησε.
879 311 940 372 καί
953 327 1033 373 ποτε
1050 311 1178 392 προελ-
1278 315 1283 320 ’

204 405 281 478 δάν
299 403 483 495 ήνωχλήδη
506 403 598 494 παρά
616 409 755 475 πολλῶν
773 401 818 486 ἀς
836 400 1079 494 ἀδικουμένων.
1114 405 1177 490 γέ-

204 535 307 598 γονεν
332 499 398 578 ούν
421 502 443 594 ή
468 511 539 576 τάν
555 503 789 594 ἀδικουμένων
808 508 976 595 ἐκδίκησις
994 505 1049 574 διά
1065 531 1176 594 φρον-

203 615 297 693 τίδος
321 606 425 700 αύτῷ.
478 613 686 698 φροντίζοντι
707 606 746 676 δὲ
771 607 850 697 περὶ
873 607 997 677 τούτου
1021 605 1181 695 πρόσεισί

203 739 252 793 τις
283 708 587 798 ἐπαγγελλόμενος,
619 713 652 778 εί
679 712 823 799 ἔπαρχος
847 709 982 796 γένοιτο
1006 708 1066 776 καὶ
1088 705 1199 776 κατάε

204 811 341 883 πάντων
359 807 453 903 αύτῷ
472 812 608 893 ἐξουσία
625 814 745 898 δοθείη
763 805 809 879 δι’
829 807 1018 900 άρισμένου
1041 813 1176 898 καιροῦ,

204 912 325 1003 μήτινα
349 909 534 1001 εύρεδῆναι
556 909 618 980 τδν
642 905 877 1000 ἀδικούμενον.
911 908 1032 999 ήσδείς
1048 902 1176 1000 οάντή

103 1013 387 1102 Ρῃτιύποσχέσει
420 1011 527 1102 ταύτῃ
563 1008 581 1080 ὁ
615 1011 775 1099 βασιλεύς
809 1011 871 1083 τὸν
905 1010 1014 1102 ἀνδρα
1045 1011 1178 1082 ἐκεῖνον

170 1112 457 1206 Απροεχειρίσατο
481 1119 639 1203 ἔπαρχον.
672 1110 692 1182 ὁ
717 1111 757 1183 δέ
775 1121 1008 1204 προκαθίσας,
1033 1119 1177 1202 προσελ-

204 1215 327 1296 θόντος
345 1212 439 1308 αύτῷ
456 1241 545 1296 τινος
563 1214 621 1284 καὶ
634 1215 834 1303 αίτιωμένου
846 1219 915 1283 τῶν
930 1215 1177 1302 ἐπισημοτέραν
1191 1241 1217 1280 ιο

85 1395 89 1398 ,
205 1321 435 1405 συγκλητικῶν
450 1318 522 1404 ἕνα,
536 1316 777 1404 μετεκαλέσατο
789 1314 851 1386 τὸν
864 1315 1077 1406 αίτιάμενον·
1097 1311 1174 1382 ἀλλ’

205 1416 270 1489 ούκ
300 1415 492 1506 ἀπήντησεν
524 1418 661 1498 ἐκεῖνος.
710 1415 782 1487 εἶτα
804 1417 862 1486 καὶ
888 1415 1050 1506 δεύτερον
1077 1421 1176 1498 ἔθετο

206 1519 347 1610 μήνυμα
364 1516 452 1609 πρὸς
469 1515 590 1589 αάτόν·
609 1515 627 1588 ὁ
645 1516 755 1588 δὲκαὶ
774 1517 897 1588 τούτου
917 1513 1174 1608 καταφρονήσας
1288 1517 1289 1520 “

206 1627 254 1703 είς
271 1619 310 1691 τδ
327 1618 505 1708 βασιλικὸν
519 1617 621 1710 ἀπῄει
634 1618 837 1708 συμπόσιον·
857 1625 956 1708 ἔτυχε
972 1617 1039 1708 γάρ
1056 1624 1178 1704 κεκλη-

205 1723 306 1812 μένος
336 1720 421 1812 πρὸς
443 1725 554 1790 τούτο.
608 1717 654 1801 οδς
677 1720 716 1790 δὲ
738 1726 845 1792 τούτο,
864 1727 952 1808 ἔγνω
975 1718 993 1790 ὁ
1019 1725 1178 1810 ἔπαρχος,
1192 1742 1219 1783 ιε

206 1821 340 1910 ἀπῆλθε
362 1819 519 1902 κάκεῖνος
543 1826 591 1900 είς
615 1821 656 1890 τά
681 1819 862 1914 ἀνάκτορα,
891 1821 949 1890 καὶ
980 1813 1081 1910 εὗρεν
1110 1815 1181 1908 ήδη

83 1994 85 1997 .
208 1921 455 2010 συνιστάμενον
470 1919 508 1991 τδ
527 1929 713 2014 συσσίτιον,
731 1929 791 1993 καί
805 1937 888 2012 φησι
905 1920 989 2014 πρὸς
1006 1918 1068 1992 τάν
1084 1927 1179 2008 βασι-

206 2025 265 2094 λέα
285 2021 504 2112 “ύπεσχόμην
527 2044 591 2112 σοι,
615 2030 766 2112 βασιλεύ,
784 2023 840 2094 διά
857 2023 956 2094 τόσου
974 2027 1094 2113 καιροῦ
1111 2049 1180 2110 μη-

207 2127 289 2202 δένα
311 2133 508 2195 καταλιπεῖν
530 2123 768 2214 ἀδικούμενον·
792 2119 893 2196 τούτο
915 2124 955 2194 δὲ
971 2123 1106 2204 πάντως
1123 2149 1182 2211 μοι

206 2223 450 2315 ἀνυσθήσεται,
468 2231 501 2297 εἰ
516 2227 572 2303 καὶ
588 2225 651 2314 τήν
666 2229 702 2295 ἔκ
719 2231 782 2296 τού
795 2226 939 2318 κράτους
957 2247 1020 2296 σου
1039 2228 1179 2304 ἔπικουῂ
1189 2247 1220 2308 ιεο

172 2338 287 2417 Βρίαν
310 2335 375 2417 ἔχω
399 2328 457 2397 καὶ
476 2325 541 2417 τήν
564 2326 689 2417 ῥοπήν·
715 2333 748 2396 εί
769 2327 959 2418 δὲμᾶλλον
982 2325 1087 2405 αύτδς
1108 2330 1182 2396 τοῖν

206 2425 417 2500 ἀδικούντων
434 2426 591 2518 ἀντιποιῇ
615 2429 673 2496 καὶ
697 2435 817 2517 φιλίως
835 2426 952 2510 αύτοϊς
970 2433 1183 2516 διακείμενος

206 2529 494 2617 συνεστιωμένους
519 2533 615 2616 ἔχεις,
638 2527 742 2600 ούδέν
758 2557 814 2618 μοι
831 2537 923 2602 ἔσται
938 2525 1122 2618 ἀνύσιμον·
1151 2525 1182 2615 ἦ

206 2635 292 2718 γοῦν
315 2627 360 2717 μή
383 2633 566 2718 μεταδίδου
590 2635 779 2721 παρρησίας
803 2627 920 2714 αύτοῑς
943 2625 966 2719 ή
984 2626 1120 2700 παῦσόν
1138 2656 1185 2718 με

205 2735 264 2818 τής
282 2727 397 2820 ἀρχῆς.
430 2730 488 2800 καί
506 2728 524 2800 δ
541 2731 713 2820 βασιλεύς,
727 2729 783 2802 “ei
798 2731 902 2815 αύτδς
920 2731 987 2819 ε’γοά
1005 2728 1089 2821 εἰμί’
1108 2758 1185 2820 φη-
1199 2757 1226 2798 τε

178 2843 185 2880 ³
206 2839 263 2903 σίν
289 2827 452 2920 “ἀδικύν,
480 2831 706 2922 έξανάστησόν
740 2861 782 2923 με
813 2829 1003 2908 ἔντεύδεν.”
1054 2827 1187 2903 αὐτίκα

205 2941 324 3004 τοίνυν
354 2931 371 3002 δ
405 2939 550 3024 ἔπαρχος
579 2932 642 3004 τάν
666 2934 866 3024 αίτιάμενον
892 2937 1024 3010 ἐκείνου
1055 2935 1093 3002 έκ
1117 2939 1188 3022 τῆς

206 3041 408 3116 πανδαισίας
431 3034 656 3125 ἐξαναστήσας
681 3037 740 3108 καί
761 3042 810 3118 είς
827 3035 866 3106 τδ
884 3033 1097 3126 δικαστήριον
1113 3061 1188 3102 κα-

205 3136 371 3224 ταστήσας
401 3137 458 3205 καὶ
488 3143 536 3230 τῷ
566 3135 642 3206 κατ’
674 3135 783 3208 αὐτοῦ
813 3138 945 3226 λέγοντι
971 3133 1189 3217 συνδεκάσας

208 3231 333 3324 αύτάν,
358 3237 415 3306 καὶ
438 3238 543 3324 γνούς
567 3235 767 3328 ἀδικοῦντα,
794 3241 925 3310 ἐκεῖνον
948 3237 1012 3327 μὲν
1037 3237 1191 3308 ἐκόλασε
1205 3266 1237 3309 εο

207 3350 280 3415 ταῖς
305 3343 353 3416 εἰς
377 3341 473 3426 σῶμα
497 3348 661 3427 πληγαῖς,
684 3345 731 3432 τῷ
756 3340 794 3410 δέ
817 3335 1030 3432 ἀδικουμένῳ
1057 3340 1094 3407 έκ
1116 3345 1192 3427 τῆς

209 3433 340 3503 ἐκείνου
374 3433 549 3525 ὑπάρξεως
579 3439 830 3510 πολλαπλάσιον
860 3436 1109 3528 ἀποκατέστησε
1143 3438 1194 3508 τὰ
