2538 3824
409 178 481 230 LIB.
494 177 528 234 X.
547 177 626 231 cAP.
638 178 754 230 XXXII.
1006 177 1068 242 437
1096 225 1099 233 .

108 315 294 407 νενόμιστο,
321 314 407 387 ἄλλα
429 345 466 386 τε
488 319 594 390 πολλὰ
618 323 801 406 πεποίηκεν
824 325 872 400 είς
894 319 994 408 τιμὴν
1011 323 1070 406 τῆς

103 416 219 508 Ῥώμης
243 421 299 489 καλ
321 422 389 490 τών
412 423 557 491 πολιτῶν
590 422 646 490 καὶ
669 417 820 512 χρήματα
844 428 978 502 πολλοῖς
1001 425 1070 492 τών

104 523 295 610 βουλευτῶν
321 524 495 611 ἐχαρίσατο
519 525 678 612 λαμπρώς
704 519 944 611 πενητεύσασι,
970 519 1070 622 τότε

104 621 226 692 παλαιὰ
244 621 432 712 συμβόλαια
448 627 517 693 τών
536 631 583 706 είς
600 623 637 694 τὸ
655 623 771 696 κοινόν
787 621 994 712 ὀφειλόντων
1012 651 1070 692 κα·

81 725 257 796 ετίκαυσε·
285 726 341 794 καὶ
358 719 420 794 ὅσα
439 726 493 794 ἐπὶ
507 730 660 796 Λεπίδου
673 727 728 796 καλ
744 721 924 796 Ἀντωνίου
942 725 1070 807 ἀδίκως

103 827 273 914 ἐγένοντο,
293 821 339 895 δι’
360 824 435 906 ἕνδς
452 825 708 916 προγράμματος
726 829 909 898 κατέλυσεν
926 822 1067 897 ἅπαντα.

101 931 156 998 καλ
180 929 235 997 ἐπὶ
257 924 385 1010 τούτοις
407 924 638 1018 ὑμνούμενος,
656 933 722 999 ’ἵνα
745 931 872 1018 μᾶλλον
898 935 1068 1017 τιμηθείη,

103 1032 156 1101 καλ
175 1026 257 1116 παρ’
279 1026 424 1100 ἑκόντων
436 1025 498 1117 τὴν
510 1035 698 1119 μοναρχίαν
710 1036 829 1118 λαβεῖν
843 1027 1068 1119 ἐπεθύμησεν,

102 1126 144 1212 ύς
162 1127 208 1221 μη
228 1136 343 1219 δοκοίη
360 1126 513 1202 ἀκόντων
530 1128 654 1221 ἄρχειν.
696 1134 752 1202 καλ
770 1129 848 1213 τούς
866 1127 956 1226 αύτῷ
974 1131 1068 1221 μάλι·

68 1260 89 1301 κ
102 1255 163 1304 στα
196 1234 404 1320 ἐπιτηδείους
431 1229 688 1322 παρασκευάσας
720 1239 767 1313 είς
797 1231 859 1321 τὴν
889 1238 1104 1323 γερουσίανῖ)

101 1340 262 1424 είσηλθεν
280 1337 425 1423 ἕβδομον
441 1331 635 1404 ὑπατεύων·
677 1335 734 1404 καὶ
756 1345 991 1425 παραιτεῖσθαι
1016 1335 1071 1402 λέ-

100 1465 171 1524 γων
201 1433 264 1524 την
293 1441 480 1526 μοναρχίαν
509 1438 565 1506 καλ
596 1433 704 1506 πάντα
734 1429 802 1507 ύπδ
827 1451 898 1517 τοῖς
924 1433 1070 1524 ἀρίστοις

100 1553 227 1624 ποιεῖν,
252 1539 361 1608 ἐδέετο
385 1533 514 1608 τούτων
538 1540 699 1622 δέξασθαι
722 1534 826 1609 αὐτοῦ
848 1535 911 1626 τὴν
934 1543 992 1625 τῆς
1009 1564 1072 1625 μο-

100 1645 241 1732 ναρχίας
259 1636 435 1710 ἀπόθεσιν.
476 1643 511 1709 οί
527 1640 564 1710 δὲ
581 1645 639 1728 τῆς
656 1645 798 1729 βουλῆς,
815 1644 852 1709 οί
865 1639 928 1728 μὲν
946 1636 1071 1721 εἰδότες

67 1767 89 1808 ιε
100 1739 162 1830 τὴν
181 1738 319 1829 γνώμην
336 1736 453 1828 αύτού,
473 1746 508 1812 ολ
523 1736 557 1811 δ’
576 1738 835 1830 ὑποπτεύοντες,
852 1746 885 1811 ολ
901 1742 964 1831 μὲν
982 1741 1072 1828 ἐλίγ-

101 1845 153 1926 ξαι
173 1838 279 1912 αὐτόν
296 1837 359 1912 ούκ
377 1838 577 1930 ἐβούλοντο,
603 1847 638 1914 οῖ
660 1840 692 1912 δ’
721 1846 945 1914 ἐδεδοίκεσαν.
987 1840 1071 1914 ὅθεν

100 1947 156 2015 καὶ
175 1940 345 2014 πιστεύειν
363 1939 453 2036 αύτῷ
471 1947 507 2013 οί
521 1943 584 2032 μὲν
598 1941 809 2032 ἐπλάττοντο,
826 1949 862 2014 οἱ
874 1944 912 2014 δὲ
925 1941 1071 2033 ἡναγκώ-

101 2055 210 2132 ζαντο·
238 2047 295 2115 καλ
313 2047 452 2133 ἐβίασαν
470 2050 578 2135 δῆθεν
596 2042 700 2114 αὐτὸν
717 2039 906 2133 αόταρχεῖυ.
939 2047 995 2114 καλ
1008 2041 1071 2130 τὴν

99 2141 365 2236 μὲνὴγεμονίαν
382 2142 487 2227 οὕτως
506 2142 596 2232 παρά
613 2173 650 2216 τε
666 2148 725 2232 της
744 2150 921 2235 γερουσίας
935 2145 992 2213 καὶ
1009 2151 1071 2213 τού

66 2247 213 2340 αιδημου
238 2245 480 2336 ἐβεβαιώσατο,
504 2249 561 2316 καὶ
585 2247 646 2335 τὴν
672 2251 838 2336 φροντίδα
861 2251 929 2316 τών
947 2249 1072 2313 κόινύν

9 2357 12 2450 ξ
99 2355 216 2422 πᾶσαν
228 2343 421 2433 ὑπεδέξατο.
456 2346 570 2420 τῶνδ’
589 2351 702 2419 ἐθνών
715 2346 831 2438 τὰμὲν
844 2341 1072 2432 ύσθενίστερα

10 2462 13 2533 λ
100 2448 146 2534 ώς
166 2448 320 2541 είρηναῖύ
342 2479 379 2522 τε
402 2453 458 2520 καλ
483 2447 635 2540 ιἰπόλεμα
652 2445 806 2522 ἀπέδωκε
822 2453 863 2540 τῇ
882 2451 1008 2542 βουλῇ,
1031 2444 1072 2518 τύ

10 2543 12 2558 ’
100 2551 133 2624 δ’
163 2551 361 2643 ἰσχυρότερα
384 2549 429 2634 ώς
448 2555 649 2624 ἐπικίνδυνα
665 2549 749 2644 τύχα
767 2552 823 2622 καὶ
841 2550 994 2642 σφαλεροὶ
1011 2578 1072 2620 κα-

9 2651 12 2682 *
98 2658 218 2744 τέσχεν
236 2649 352 2744 αύτός,
378 2652 513 2742 δοκήσει
528 2653 591 2743 μὲν
608 2652 698 2736 ὅπως
715 2649 737 2741 ἡ
755 2663 915 2744 γερουσία
932 2649 972 2724 τό
989 2650 1174 2725 κάλ-Ρ1533

10 2833 11 2836 ¹
62 2783 87 2822 τε
100 2766 199 2828 λιστα
216 2758 274 2844 τῆς
292 2751 395 2845 ἀρχῆς
412 2772 583 2845 καρποῖτο,
602 2754 694 2848 αύτῷ
713 2753 745 2825 δ’
766 2761 803 2826 οί
812 2753 911 2826 πόνοι
925 2759 1071 2828 ἐπίκειν-

9 2869 10 2950 J
99 2887 171 2946 ται,
196 2861 237 2948 τῇ
262 2857 293 2926 δ’
321 2855 466 2950 ἀληθείη
488 2861 545 2928 ἵνα
570 2859 692 2928 ἐκεῖνον
715 2857 778 2945 μὲν
804 2859 859 2926 καλ
877 2853 996 2927 ἄοπλοι
1014 2857 1072 2924 καὶ

9 3029 10 3048 χ
100 2957 224 3049 ἄμαχοι
241 2948 337 3048 ώσιν,
364 2953 464 3040 αύτός
483 2958 521 3030 δὲ
539 2960 595 3029 καλ
611 2954 698 3028 ὅπλα
716 2963 775 3046 ἔχη
793 2957 849 3026 καὶ
868 2953 1071 3044 στρατιώτας

9 3103 13 3130 τ
99 3063 218 3152 τρέφη.
260 3068 318 3132 ἵνα
337 3061 374 3131 δὲ
390 3060 436 3151 μη
452 3087 484 3130 τι
501 3057 705 3149 μοναρχικόν
722 3061 838 3145 δοκοίη
855 3073 998 3145 φρονεῖν
1004 3107 1015 3144 ,
1040 3059 1072 3138 ἐς

9 3191 10 3241 3
44 3230 46 3235 ,
102 3163 185 3232 δέκα
203 3168 260 3251 ἔτη
277 3159 340 3250 την
357 3157 464 3253 ἀρχὴν
480 3164 548 3231 τών
565 3155 851 3249 ύπονεμηθέντων
868 3157 958 3252 αὐτῷ
976 3184 1073 3228 κατε·

9 3259 11 3318 Ῐ
62 3287 88 3330 ιο
104 3265 230 3347 δέξατο.
275 3259 421 3357 τοσούτῳ
439 3261 503 3354 γὰρ
521 3259 631 3356 χρόνῳ
649 3257 735 3332 αύτδ
752 3258 972 3348 καταστήσειν
988 3253 1073 3330 ύπέ-

103 3386 211 3456 σχετο,
229 3361 318 3458 λόγῳ
335 3370 441 3436 ταῦτα
459 3361 755 3455 ἐπαγγελλόμενος.
792 3365 851 3450 τῆς
869 3358 933 3452 γαρ
952 3368 1071 3433 δεκαε-

103 3473 176 3548 τίας
193 3472 420 3559 περανθείσης
437 3469 532 3558 ἕτερα
550 3467 649 3537 πέντε
667 3471 741 3554 ἔτη,
773 3460 834 3534 εἶτ’
853 3455 956 3546 αὖθις
974 3465 1073 3534 πέντε
