2586 3800
177 119 217 182 18
490 119 562 173 τιν.
575 118 623 172 xl.
643 117 720 170 σεε.
732 119 766 170 v.
780 119 828 170 τι.

178 255 282 341 δόξως
307 256 428 346 ἐσώθη.
479 260 535 327 ἐπί
554 285 621 330 τινι
643 257 707 349 γάρ
732 263 821 348 αἰτίᾳ
848 259 879 338 ἐς
903 254 940 327 τό
964 261 1145 348 συνέδριον
1261 287 1263 290 ·

176 356 313 448 άγαγόιν
336 355 456 447 αὐτόν,
486 357 587 446 λόγον
615 353 689 428 κατ’
720 357 822 429 αὑτοῦ
844 353 975 448 άνέγνω
996 357 1144 450 μακρόν,

51 511 56 520 ·
176 465 273 531 νικᾶν
291 459 354 553 γάρ
372 456 467 550 ἠξίου
485 459 613 542 πάντας
630 457 708 541 τοὺς
732 457 890 550 ῥήτορας,
917 462 973 530 καὶ
996 457 1055 532 τόν
1072 473 1145 533 Λυ-

176 569 286 653 μίτιον
311 560 502 634 δεινότατον
526 559 606 632 όντιι
625 567 734 632 εἰπεῖν
750 556 957 652 ὑπερβαλεῖν
976 561 1144 634 ἐσπούδα-

92 665 96 672 ’
177 687 254 752 σεν,
285 659 302 733 ὁ
335 664 372 734 δὲ
402 661 481 734 οὑτε
503 691 536 733 τι
556 657 716 734 ἀντεῖπεν
739 659 813 733 οὔτ’
839 659 1170 754 άνταπελογήσατο,τ

176 762 349 854 θαυμάζεν
375 766 411 835 δὲ
435 764 497 854 τὴν
520 767 581 835 τοὺ
598 771 704 835 Γαῖον
723 763 896 853 δεινότητα
913 781 1144 854 προσεποιεῖτο

177 869 233 937 καὶ
258 864 566 954 καταπλήττεσθαι,
594 867 650 935 καὶ
674 862 842 954 ἠντιβόλει
865 869 979 936 τεκαὶ
1004 868 1143 954 ίιιίτενε,

176 966 235 1038 τόν
254 965 376 1058 ῥήτορα
393 971 520 1057 μάλλον
538 963 558 1056 ἢ
576 965 635 1038 τόν
650 974 805 1055 Καίσαρα
823 973 1006 1056 φοβεῖσθαι
1024 970 1141 1056 λόγων.

176 1072 233 1140 καὶ
252 1072 306 1140 ἐπὶ
322 1065 452 1150 τούτοις
468 1067 586 1158 ἡσθεὶς
601 1072 738 1156 ἐκεῖνος,
757 1069 813 1138 καὶ
827 1067 1008 1150 πιστεύσας
1020 1076 1061 1160 τῇ
1074 1073 1167 1140 τῶν·

145 1205 165 1270 6
178 1169 287 1259 λόγων
297 1169 461 1260 δεινότητι
474 1175 635 1260 κρατῆσαι
648 1165 765 1257 αὑτοῦ,
781 1167 946 1241 ἐπαύσατο
958 1175 1018 1259 τῆς
1031 1166 1141 1262 ὀργῆς.
1157 1205 1184 1246 ιο

142 1294 167 1343 D
254 1270 339 1343 Εἶτα
358 1279 405 1353 είς
422 1271 485 1359 τὴν
502 1277 672 1343 Γαλατίαν
689 1267 896 1361 άφοόρμησεν
914 1267 959 1353 ιὺς
975 1269 1058 1361 τάχα
1075 1277 1144 1343 τῶν

175 1378 315 1448 Κελτῶν
336 1393 370 1443 ’τι
387 1370 680 1464 παρακινοὺντων,
705 1375 761 1442 καὶ
784 1372 861 1454 τοὺς
884 1372 947 1462 μὲν
963 1380 1144 1463 πολεμίους

176 1471 280 1546 οὐδέν
297 1504 328 1544 τι
347 1481 485 1562 ἔβλαψε,
504 1470 581 1556 τοὺς
600 1469 637 1542 δ’
655 1469 826 1562 ὑπηκόους
843 1475 899 1544 καλ
915 1471 993 1556 τοὺς
1012 1474 1145 1564 συμμά-

176 1605 255 1666 χους
278 1578 334 1646 καὶ
357 1574 435 1656 τοὺς
461 1580 597 1656 πολίτας
621 1583 760 1645 πλεῖστα
785 1573 940 1647 ἐκάκωσε.
984 1575 1145 1665 κυβεύων

179 1681 217 1746 δέ
233 1703 330 1764 ποτε,
348 1677 405 1748 καὶ
421 1674 525 1764 γνοὺς
543 1674 587 1758 τός
604 1671 666 1747 οὑκ
684 1683 751 1765 ἔχει
768 1674 947 1768 ἀργύριον,
964 1673 1068 1766 ᾔτησε
1084 1675 1143 1762 τάς
1156 1710 1183 1750 15

176 1781 244 1848 των
262 1779 424 1848 Γαλατῶν
440 1774 648 1866 ὑπογραφάς.
691 1780 747 1848 καλ
764 1776 923 1860 κελεύσας
941 1786 1143 1868 θανατωθῇ-

176 1908 233 1948 ναι
250 1877 330 1960 τοὺς
346 1876 618 1960 πλουσιωτάτους
636 1876 760 1969 αὐτῶν,
780 1883 951 1968 ἐπανῆλθε
968 1877 1050 1968 πρός
1063 1878 1143 1964 τσὺς
1186 1964 1191 1966 ,

177 1980 408 2069 συγκυβευτάς
432 1981 488 2052 καὶ
512 1981 606 2052 εἶπεν
629 1978 674 2062 ὡς
699 1975 799 2070 κπερὶ
828 1976 952 2069 όλῖγων
984 1987 1143 2073 δραχμῶν

175 2079 271 2172 ὑμεῖς
289 2078 504 2172 άγωνίζεσδε,
524 2081 588 2171 ἐγὼ
607 2082 645 2152 δὲ
662 2089 784 2171 μυρίας
802 2084 858 2152 καὶ
876 2090 1140 2174 πεντακισχιλίας

175 2181 318 2275 ἤδροισα
341 2181 533 2274 μυριάδας.”
577 2178 681 2264 οὑτως
704 2180 846 2274 ἀκρίτως
870 2181 981 2255 πάντα
1005 2187 1136 2274 ἐγίνετο.
1151 2213 1181 2256 εο

175 2287 230 2356 καὶ
248 2284 308 2356 τόν
325 2288 474 2356 Λέπιδον
494 2283 526 2353 δ’
547 2285 752 2356 ἐκεῖνοντὸν
771 2283 925 2374 ἐραστήν,
943 2286 1002 2357 τόν
1020 2283 1139 2376 ἐρόμε-

177 2413 248 2473 νον,
265 2382 325 2456 τόν
341 2390 400 2472 τῆς
417 2391 629 2474 Δρουσίλλης
646 2382 766 2477 άνδρα,
790 2379 830 2456 ὃν
846 2384 1066 2478 ὑπερετίμησε
1085 2389 1142 2457 καὶ

176 2483 334 2574 διάδοχον
352 2487 437 2568 ἕξειν
453 2489 512 2574 τῆς
528 2481 632 2577 ἀρχῆς
650 2487 887 2578 ἐπηγγέλλετο,
906 2494 1033 2560 ἔκτεινε
1041 2507 1054 2522 ’·
1085 2490 1141 2559 καλ

174 2583 234 2667 τάς
259 2582 408 2675 άδελφάς
432 2587 489 2668 τὰς
512 2593 636 2668 οἰκείας
660 2583 705 2670 οἱς
736 2593 853 2684 ἐκείνῳ
884 2595 1142 2678 συμφθαρείσας

70 2693 224 2768 mauce
242 2683 300 2768 τάς
318 2693 483 2770 Ποντίους
500 2687 625 2778 νήσους
642 2687 810 2779 ἀπήγαγε·
847 2692 903 2760 καὶ
925 2687 1011 2761 άλλυ
1033 2690 1141 2762 πολλὰ
1153 2721 1182 2763 ετ

173 2793 311 2878 τοιαῦτα
341 2796 533 2878 πεποίηκεν.
583 2789 653 2862 εἶτα
678 2791 741 2880 τὴν
767 2801 946 2864 Παυλῖναν
977 2791 1145 2882 ἐκβαλών,

174 2888 340 2981 προφάσει
364 2891 425 2980 μὲν
448 2892 492 2974 ὡς
515 2889 560 2981 μὴ
584 2897 781 2982 τίκτουσαν,
811 2891 848 2964 τό
875 2891 906 2963 δ’
936 2891 1060 2982 άληθὲς
1090 2890 1141 2964 ότι

174 2989 331 3083 διακορὴς
349 2995 477 3082 ἐκείνης
496 2993 636 3082 ἐγένετο,
659 3001 835 3066 Μιλωνίαν
852 3003 1048 3066 Καισωνίαν
1066 3003 1141 3085 ἔγη-

174 3099 249 3182 μεν,
267 3089 309 3181 ἣν
326 3091 489 3185 πρότερον
506 3095 567 3183 μὲν
585 3097 767 3184 ἐμοίχευσε,
785 3092 858 3168 τότε
873 3096 911 3166 δὲ
924 3098 979 3167 καὶ
993 3096 1142 3186 γαμετὴν

244 3351 311 3420 Cap.
330 3357 354 3406 6.
378 3355 476 3406 Dionis
495 3355 637 3409 Historiae
655 3361 796 3413 Romanae
815 3360 834 3412 l.
851 3363 893 3428 59,
914 3378 938 3413 ο.
956 3356 1069 3426 2'1-26,
1088 3362 1139 3412 sed

174 3419 332 3482 integrioris
352 3435 435 3484 quam
453 3421 525 3486 apud
543 3423 722 3489 Xiphilinum.
