2538 3824
204 165 269 230 420
517 167 588 224 LIB.
600 167 635 222 X.
652 167 732 220 CAP.
745 169 857 221 XXVII.

137 339 139 344 ’
205 311 317 378 πᾶσαν
340 305 402 397 τὴν
420 303 599 398 Ἀρμενίαν
623 309 779 397 κατέσχε,
814 314 874 378 τοῦ
901 303 1058 397 Ἀρτάξον
1089 309 1172 400 πρὸς

205 407 282 491 τοὺς
304 406 467 500 Πάρθους
490 404 785 500 ἀποχωρήσαντος,
810 409 988 501 ἐπείπερ
971 413 1088 500 ηττάτο
1111 439 1172 502 μα-

204 509 352 602 γόμενος.
881 571 883 578 ,

278 607 457 694 Ἀνιωνιος
476 611 566 682 δὲ
530 641 652 738 ταμεν
676 579 905 703 στρατεύματα
929 619 975 696 εἰς
993 610 1173 704 Ἀρμενίαν

204 715 398 804 κατέλιπεν,
434 709 534 796 αὐτὸς
567 711 599 782 δ’
632 709 841 803 ἀνεκομίσθη
872 711 954 805 πρὸς
985 725 1199 804 Αίγνπτον,ε

139 859 140 862 ¹
204 815 286 906 μετά
310 823 369 906 τῆς
392 814 551 906 γυναικὸς
574 817 631 886 καὶ
656 822 725 888 των
748 842 795 886 πα
796 813 926 888 ίδων”
892 845 997 906 αγων
1021 813 1148 888 ἐκεῖ
1114 845 1174 888 τον

201 914 391 1008 Ἀρμένιον
418 917 528 988 ταδ’
488 947 550 1008 την
562 945 599 988 τε
612 923 707 990 λείαν
726 945 767 1008 τη
752 916 981 1012 Κλεοπάτρα
999 921 1174 1009 ἐχαρίσατο

101 1014 104 1022 “
204 1017 309 1090 καὶ
277 1047 337 1092 τον
358 1014 531 1109 Ἀρμένιον
548 1019 715 1110 μετὰτῶν
732 1048 750 1090 ο
753 1025 802 1088 ίκε
805 1025 867 1090 ίων
884 1019 1078 1111 περιβαλων
1094 1049 1174 1150 χρα-

203 1123 291 1204 σίοις
317 1126 450 1212 δεσμοῖς
475 1124 586 1212 ἐκείνη
611 1118 834 1212 προσήγαγεν.
878 1127 914 1193 ολ
939 1121 976 1192 δὲ
1000 1118 1078 1194 οὔθ’
1108 1124 1174 1192 ικέ-

203 1246 329 1295 τενσαν
342 1219 449 1312 αὐτήν
463 1219 540 1294 οὔτε
552 1221 620 1313 μήν
634 1220 903 1315 προσεκύνησαν,
921 1218 996 1294 ἄλλ’
1012 1219 1175 1314 ὀνομαστὶ
1190 1251 1216 1293 ω

204 1323 490 1416 προσηγόρευσαν.

283 1425 381 1498 Μετά
401 1428 438 1498 δὲ
454 1432 551 1498 τοῦτο
568 1423 632 1516 τήν
649 1424 870 1516 Κλεοπάτραν
883 1423 1059 1508 Ἀντώνιος
1076 1434 1177 1516 βασιἡ

107 1534 287 1600 ΡΙσκλλίδα
305 1529 472 1616 βασιλέων
488 1537 667 1600 καλεῖσθαι
685 1531 850 1619 ἐκέλευσε,
868 1531 997 1600 καὶτοῦ
1010 1529 1176 1620 προτέρου

209 1638 381 1719 Καίσαρος
399 1627 506 1719 αὐτήν
523 1631 585 1720 μὲν
602 1646 747 1719 γυναῖκα
764 1626 928 1722 ὠνόμαζε,
952 1627 1011 1702 τὸν
1036 1631 1073 1700 δὲ
1097 1621 1178 1702 νίδν

140 1785 142 1789 -
207 1727 310 1819 αὐτῆς
333 1735 439 1802 παῖδα
463 1736 594 1803 ἐκείνου
619 1726 664 1814 ως
687 1727 841 1822 άληθῶς,
866 1738 924 1803 ἵνα
940 1731 1000 1802 τὸν
1017 1739 1177 1823 Καίσαρα
1191 1767 1217 1808 ιι

207 1831 266 1904 τὸν
279 1831 450 1922 Ὀκτάβιον
469 1828 515 1916 ὦς
532 1832 672 1922 ποιητὸν
690 1836 821 1906 ἐκείνου
839 1838 945 1905 παῖδα
962 1835 1019 1904 καὶ
1036 1831 1081 1923 μή
1096 1832 1178 1923 γνή-

209 1959 285 2008 σιον
303 1935 465 2028 διαβάλῃ,
490 1937 546 2006 καὶ
570 1933 680 2026 χωρας
698 1931 814 2018 αὐτοῖς
831 1943 950 2026 ἔνειμε.
985 1950 1055 2017 τοῖς
1074 1933 1106 2006 δ’
1126 1937 1179 2008 ὀί-

207 2044 309 2122 κείοις
334 2038 430 2108 παισὶ
453 2053 522 2119 τοις
546 2040 582 2107 ἐκ
604 2039 663 2127 τής
688 2035 923 2129 Κλεοπάτρας,
960 2037 1178 2128 κεκλημένοις

206 2146 406 2234 Πτολεμαίῳ
430 2141 486 2210 καὶ
507 2137 734 2233 Ἀλεξάνδρῳ,
762 2141 875 2231 ἑτέρας
892 2137 1016 2222 πολλάς
1034 2160 1177 2230 προσκε-

207 2239 367 2332 κλήρωκε.
403 2245 540 2312 τοιαῦτα
564 2242 601 2310 δὲ
627 2238 782 2332 πράττων
806 2244 979 2312 ἐπίστελλε
1001 2245 1042 2332 τῇ
1064 2243 1175 2331 βουλή
1188 2273 1219 2315 εο

207 2340 258 2415 ὅτι
275 2347 333 2432 της
351 2339 453 2434 άργής
470 2371 508 2412 τε
524 2339 688 2412 παύσεται
705 2342 815 2413 καὶτὰ
828 2341 1005 2434 πράγματα
1019 2337 1071 2414 ἐπ’
1086 2339 1177 2434 αὐτῇ

208 2446 264 2514 καὶ
276 2447 326 2538 τῷ
339 2442 434 2538 δήμω
447 2441 631 2534 ποιήσεται,
649 2439 711 2536 οὐχ
724 2441 813 2516 οὕτω
826 2449 976 2536 φρονῶν,
994 2439 1067 2514 ἀλλ’
1085 2440 1178 2528 ὅπως

206 2561 280 2626 ταῖς
298 2543 378 2635 παρ’
409 2540 512 2616 αὐτοῦ
531 2549 662 2618 ἐλπίσιν
681 2541 700 2635 ἢ
717 2541 932 2635 άναγκάσωσι
949 2544 1099 2638 παρόντα
1116 2545 1179 2618 τὸν
1265 2633 1266 2638 ¹

206 2652 364 2737 Καίσαρα
386 2648 597 2719 καταθέσθαι
620 2646 660 2718 τά
686 2645 773 2718 ὅπλα
789 2643 811 2737 ή
828 2647 1017 2738 μισήσωσιν
1034 2645 1177 2737 άπειθή-

207 2767 322 2821 σαντα.
1189 2780 1219 2822 εε

172 2863 195 2914 Β
275 2847 373 2942 Ἀχρι
398 2851 434 2921 δὲ
457 2855 518 2922 τοῦ
538 2847 677 2943 Ἀράξον
696 2853 824 2941 ἐλθών,
850 2849 896 2934 ὡς
915 2853 969 2922 ἐπὶ
986 2849 1064 2934 τούς
1081 2849 1178 2942 Πάρ-

207 2964 293 3036 θονς
312 2949 519 3043 στρατεύων,
549 2948 701 3044 ήρκίσθη
718 2955 760 3046 τῇ
777 2951 861 3044 πρὸς
877 2951 938 3026 τδν
955 2959 1081 3044 Μήδαν
1097 2949 1177 3045 ὁμο·
1264 2991 1266 2996 ·

208 3062 313 3147 λσγίρι.
350 3053 580 3145 συμμαχήσειν
596 3052 662 3144 γάρ
679 3051 833 3145 άλλήλοις
851 3058 1052 3146 συνέθεντο,
1075 3053 1094 3127 ὁ
1112 3057 1177 3146 μὲν
1264 3131 1266 3140 ,

208 3153 291 3224 κατά
308 3161 376 3225 τῶν
394 3154 567 3248 Πάρθων,
586 3152 604 3227 ὁ
622 3158 663 3228 δέ
677 3157 816 3247 γεκατὰ
832 3160 894 3228 τοῦ
910 3165 1098 3250 Καίσαρος,
1117 3159 1176 3228 καλ
1264 3163 1266 3168 ’

209 3253 410 3340 στρατιώτας
432 3255 587 3346 ἀλλήλοις
609 3255 803 3331 ἀντέδοσαν
847 3255 942 3330 καὶ“
926 3289 944 3332 ο
968 3260 1030 3350 μὲν
1054 3266 1174 3350 Μήδως
1188 3286 1221 3328 εο

209 3357 267 3438 τῆς
287 3350 465 3445 Ἀρμενίας
492 3363 550 3445 τῆς
576 3357 756 3449 νεοκτήτον
781 3363 814 3446 ἐξ
834 3358 1018 3434 Ἀντωνίον
1043 3362 1173 3452 εἰλήφει

210 3449 295 3542 τινά,
311 3451 486 3538 Ἀντώνιος
506 3456 597 3527 δὲ
560 3487 622 3547 την
635 3457 861 3556 θνγατίρα’
820 3469 923 3534 αυτοῦ
937 3461 1109 3554 Ἰωτάπην,
1128 3492 1173 3546 ως
