2562 3814
183 163 245 229 160
485 165 556 217 Llss.
570 163 634 216 vn.
652 162 731 213 σεε,
744 161 846 214 xx1V.

181 306 237 375 καὶ
255 302 338 376 κατὰ
350 310 409 391 τῆς
423 304 545 394 πέτρας
558 299 681 382 ὠσθεὶς
698 297 860 390 ἀπώλετο,
877 300 950 372 καθ’
968 293 1007 391 ής
1023 305 1150 386 ἐκεῖνος

180 404 240 477 τόν
259 401 387 478 Κελτόν
404 401 676 496 κατεκρήμνισεν.
1071 435 1073 438 ·

259 506 342 578 Εἶτα
360 509 493 577 πολλῶν
511 505 665 595 πολέμων
684 501 767 576 κατό
784 533 820 574 τε
837 511 895 594 τῆς
906 499 1029 594 Ῥύμης
1046 501 1152 594 αύτής

182 611 238 679 καὶ
272 612 340 679 των
374 605 604 696 ὑποκειμένων
638 603 723 698 αὐτῇ
762 603 893 678 πόλεων
927 609 1150 696 κινηθέντων,

184 708 418 794 ἐπεξελθόντες
442 725 512 789 τοῖς
536 711 698 790 ἐναντίοις
721 714 756 778 οί
773 706 925 798 Ῥωμαῖοι
951 708 1006 778 διά
1030 738 1066 780 τε
1089 711 1152 780 τού
1164 737 1178 777 ε

149 819 359 902 ΟΚαμίλλου
377 812 432 881 καὶ
451 806 492 880 δι’
513 812 647 902 ἑτέρων,
665 807 731 899 ήδη
751 814 881 880 ἐκείνου
894 808 1154 900 ύπεργηράσαυ-

182 943 248 1003 τος,
275 911 353 994 τούς
370 939 407 983 τε
432 914 595 1000 πολέμους
620 914 834 982 κατέπαυσαν
858 912 913 982 καὶ
933 910 1070 1002 είρήνην
1087 921 1152 1001 βα-

181 1028 284 1086 θεῖαν
302 1023 400 1105 ἔσχον
417 1011 501 1102 πρός
514 1012 590 1095 τούς
606 1011 712 1099 ἐκτός,
731 1013 813 1102 πρὸς
831 1009 994 1102 ἀλλήλους
1009 1015 1045 1084 δὲ
1060 1018 1151 1084 ἐστα-

182 1125 305 1201 σίαζον,
336 1113 482 1204 ,Μάρκος
499 1113 564 1203 χάρ
582 1143 631 1197 τις
656 1112 781 1202 Φύβιος
799 1115 1020 1206 εὐπατρίδης,
1044 1128 1152 1205 θυγα-

83 1249 85 1254 ’
183 1221 291 1308 τέρων
318 1215 381 1288 δύο
406 1215 582 1307 τυγχάνων
606 1214 731 1304 πατήρ,
757 1215 819 1304 τήν
842 1217 904 1305 μὲν
922 1219 1153 1307 πρεσβυτέραν
1166 1245 1193 1284 ιο

184 1327 327 1412 Λικινίῳ
350 1322 416 1390 τιυὶ
442 1316 595 1390 Στόλωυι
619 1316 829 1406 κατηγγύησε
854 1316 940 1388 πολύ
965 1317 1070 1388 αύτού
1093 1347 1154 1388 κα-

136 1465 137 1470 *
183 1423 406 1515 ταδεεστέρφ,
442 1417 505 1508 τήν
529 1420 566 1488 δέ
587 1420 764 1511 νεωτέραν
790 1427 994 1514 Σουλπικίφ
1013 1415 1152 1543 Ῥούφφ,
1251 1483 1257 1494 .

185 1517 333 1612 ἀυδρλ’
318 1551 398 1611 ομοτ
401 1530 483 1615 ίμφ,
516 1519 691 1614 συνςόκισε,
736 1515 984 1613 χιλιαρχοῦντος
1008 1513 1070 1592 οὖν
1092 1527 1153 1592 τού
1206 1585 1209 1591 .

68 1671 71 1686 ι
168 1622 324 1713 ,Ῥούφου
342 1621 435 1692 καλ”
415 1651 511 1703 ουτος
530 1619 607 1692 ἐν’
590 1627 712 1714 αχορᾷ,
740 1621 822 1711 πρὸς
848 1622 911 1712 τήν
928 1641 1072 1711 γυναῖκα
1090 1619 1152 1692 αύ-

186 1728 247 1794 τού
272 1720 293 1812 ή
325 1720 455 1812 ἀδελφή
481 1719 583 1811 αύτής
607 1727 846 1812 παραγέγονεν.
890 1722 1093 1814 ἀφικομένου
1119 1721 1151 1794 δ’
1169 1751 1196 1791 ιε

187 1831 318 1896 ἐκείνου
335 1822 396 1915 τήν
414 1823 526 1913 θύραν
543 1822 561 1894 6
580 1829 767 1950 ῥαβδοῦχος
780 1823 863 1896 κατά
876 1854 908 1895 τι
922 1833 1000 1908 ἔθος
1013 1824 1155 1916 ἀρχαίου

187 1935 335 2017 ἔκρουσε
379 1925 565 2015 διεπτοήθη
591 1927 628 1996 δέ
653 1925 736 2016 πρὸς
762 1927 822 1998 τόν
848 1925 996 2016 ττάταχον
1018 1957 1040 2052 χ
1065 1925 1153 2060 γυνή

186 2026 280 2100 ούπω
297 2026 418 2100 τούτου
436 2030 678 2119 πεπειραμέυη
698 2031 754 2098 καὶ
772 2032 876 2117 γέλως
897 2032 949 2099 ἐπὶ
966 2029 1073 2124 τούτῳ
1097 2032 1153 2100 και

152 2128 278 2220 Βπαρά
300 2137 358 2220 τῆς
382 2127 530 2220 ἀδελφῆς
555 2133 701 2200 καὶτῶν
724 2129 900 2219 παρόντων
925 2135 1069 2220 ἐγένετο,
1096 2133 1152 2200 καὶ

188 2232 232 2316 τός
251 2236 372 2314 ίδιωτις
392 2231 561 2321 ἐσκώφθη.
597 2228 689 2322 τῇδ’
711 2236 748 2303 ἐν
767 2229 919 2324 δεινῷ
885 2261 921 2302 το
940 2237 1074 2324 πράχμα
1092 2259 1154 2301 πε·
1167 2267 1195 2309 20

187 2342 248 2405 ποί
247 2363 322 2423 ητο,
346 2331 453 2403 καὶ
420 2362 478 2403 του
495 2330 604 2425 ἀνδρα
622 2330 690 2414 ές’
672 2331 779 2452 αρχήν
802 2304 1023 2423 πάριιγχειλαι
1042 2330 1153 2423 ήρέθι-

189 2431 251 2520 ζεν
283 2433 307 2504 6
324 2438 407 2522 γοῦν
421 2435 559 2505 Στόλων
576 2429 642 2504 ύπδ
660 2438 718 2524 τη”ς
728 2432 893 2606 χυυαικὸς
911 2439 1155 2558 παρακινηθεὶς

74 2592 76 2596 -
187 2544 324 2631 Λονκίφ
332 2537 408 2606 τινὶ
422 2539 562 2629 Σεξτίφ,
580 2532 681 2626 ἀνδρὶ
695 2565 764 2607 των
781 2535 861 2626 όμοί
860 2567 919 2626 ων,
937 2536 978 2607 τά
991 2541 1052 2608 τού
1069 2535 1156 2629 πρά-

188 2667 310 2728 μματος
340 2637 603 2727 κοινωσάμενος,
634 2637 735 2728 ἀμφω
764 2645 972 2729 δημαρχήσαι
1002 2637 1154 2728 κατεβιά-

71 2799 74 2804 Ᾰ
189 2762 308 2827 σαυτο,
332 2742 388 2810 καὶ
412 2737 471 2810 τόν
493 2737 618 2829 κόσμον
636 2743 693 2828 τῆς
717 2747 883 2822 πολιτείας
908 2744 1084 2830 συνέχεον,
1111 2737 1155 2821 69
1169 2775 1199 2816 ετ

188 2844 243 2912 καὶ
259 2844 312 2912 ἐπὶ
325 2844 503 2932 τέσσαρσιν
518 2847 627 2912 ἔτεσιν
636 2839 801 2932 ἀναρχίαν
814 2845 974 2930 γενέσθαι
987 2849 1032 2935 τῷ
1048 2842 1154 2935 δήμφ·

187 2945 245 3027 τάς
262 2942 326 3034 γάρ
339 2948 407 3013 τῶν
422 2940 632 3033 εὐπατριδῶν
644 2941 857 3033 ἀρχαιρεσίας
872 2943 1071 3029 ἐνεπόδιζον.
1099 2946 1155 3013 καὶ

189 3048 369 3116 ἐπίπλεον
394 3040 437 3116 ἀν
461 3051 508 3114 έτι
535 3052 632 3115 τούτο
656 3048 803 3134 ἐγένετο,
830 3052 861 3116 εί
881 3045 927 3136 μή
950 3075 998 3128 τις
1017 3041 1157 3135 ἀγγελία

188 3144 362 3236 κεκόμιστο
388 3147 443 3217 ἐπὶ
465 3145 526 3234 τήν
547 3141 675 3236 Ῥεόμην
698 3139 799 3229 αὖθις
825 3146 978 3232 ἐλαύνειν
995 3145 1155 3230 Κελτούς.

189 3244 279 3319 ἅπαν
297 3239 359 3318 οὖν
377 3249 458 3338 πρὸς
482 3246 646 3337 ἀλλήλους
665 3244 806 3340 ἀφέντες
832 3247 1014 3341 διάφορον,
1040 3247 1157 3320 δικτά-
1171 3279 1201 3322 ao

208 3403 294 3464 13
316 3412 584 3480 χιλιαρχοῦντος-
596 3417 642 3480 21,
664 3417 858 3484 παραχχειλαι
882 3409 1032 3484 ἠρέθιζεν]
1055 3416 1156 3468 Dionis

192 3484 376 3548 fragmentum
388 3483 428 3532 29.
