2562 3814
194 119 256 186 186
517 120 682 174 L1ss.v111.
702 119 781 172 οιε.
800 122 833 172 v.

191 259 309 352 ρήσειν
331 257 428 354 ,αὐτῷ
458 262 556 332 τοῦτο
585 264 708 350 πρᾶξαι
730 257 913 347 θελήσαντι
949 260 1006 328 καὶ
1036 267 1161 348 ζωγρη-

157 364 298 441 Βθέντα
328 364 438 443 κακῶς
467 357 669 433 ἀπολεῖσθαι
698 356 867 450 ήπείλησε.
909 357 993 449 πρὸς
1016 357 1102 448 άπερ
1128 366 1164 431 οί

190 459 312 534 ὕπατοι
340 460 564 551 ἀπεκρίναντο
595 460 739 553 μηθενὸς
769 459 922 534 τοιοάτον
946 468 1048 551 ἔργον
1073 468 1162 549 σφᾶς

193 570 344 636 δεῖσθαι·
377 562 510 645 πάντως
534 563 599 653 γάρ
622 562 729 634 αὐτοῦ
756 567 813 634 καλ
836 560 945 644 άλλως
970 559 1159 652 κρατήσειν.

191 672 340 754 ποταμοῦ
366 665 404 735 δὲ
428 664 484 736 διά
506 667 610 754 μέσον
627 669 696 736 τάν
712 666 947 756 στρατοπέδων
964 661 1028 734 οὐκ
1046 659 1187 735 εὔδια-ε

103 815 106 821 ·
191 765 296 855 βάτον
321 767 472 858 ῥέοντος,
496 763 617 858 ήροντο
640 764 782 858 πότερον
805 762 904 848 αὐτὸς
921 769 1162 855 περαιωθῆναι

110 866 113 872 ’
192 866 350 956 βούλεται
367 865 490 958 άθεολς,
516 865 629 938 αὐτῶν
651 864 959 958 ἀναχωρησάντων,
983 861 1004 955 ή
1023 870 1162 948 ἐκείνοις

193 973 366 1062 ἐπιτρέψαι
395 973 493 1042 τοῦτο
523 971 677 1058 ποιήσαι,
708 965 757 1041 ἵν’
789 974 822 1052 ἐξ
846 965 1032 1043 ἀντιπάλου
1055 966 1161 1058 μάχης

192 1069 362 1161 άκὲραίων
383 1077 452 1142 τάν
471 1069 649 1162 δυνάμεων
667 1079 714 1152 είς
731 1089 845 1161 χείρας
863 1073 1038 1143 ἐλθονσάν
1061 1063 1079 1140 ὁ
1104 1077 1162 1158 τῆς

192 1169 352 1262 άνθρείας
375 1181 506 1262 ἔλεγχος
529 1176 659 1261 γένοιτο
683 1167 832 1265 ἀκριβής.
876 1177 911 1244 οἱ
930 1171 993 1260 μέν
1010 1161 1075 1256 οὖν
1088 1165 1161 1242 Ῥω-
1174 1196 1200 1238 ιο

191 1290 284 1363 μαῐοι
313 1271 396 1365 πρὸς
424 1272 629 1364 κατάπληξιν
658 1271 717 1348 τάν
746 1273 848 1362 λόγον
872 1276 1049 1362 ἐποίησαν,
1082 1270 1162 1344 ὁὸὲ

192 1373 328 1466 Πύρρος
353 1374 467 1457 αὐτοῖς
490 1381 594 1465 ἐφῆκε
617 1379 777 1466 διαβῆναι
800 1372 861 1446 τὸν
889 1371 1056 1464 ποταμόν,
1075 1374 1162 1462 μέγα

193 1481 331 1568 φρονεῖν
349 1481 403 1550 έπλ
420 1492 491 1559 τοῖς
505 1480 673 1570 ἐλέφασιν.
701 1483 737 1550 οί
752 1471 950 1567 θέῬωμαῑοτ
965 1474 1007 1546 τά
1024 1503 1061 1546 τε
1078 1472 1162 1546 ἄλλα

91 1575 486 1668 ΡΙ376παρεσκενάσαντο
517 1582 574 1649 καὶ
596 1579 680 1670 πρὸς
704 1576 783 1662 τούς
814 1581 997 1668 ἐλέφαντας
1026 1583 1162 1665 κεραίας
1264 1669 1266 1674 Ι

194 1678 250 1767 ἐφ’
276 1674 412 1768 άμαξοόν
435 1685 704 1771 σεσιδηρωμένας
729 1683 785 1751 καλ
815 1676 1030 1769 πανταχόθεν
1060 1705 1162 1764 προε-
1174 1698 1200 1741 1⁵

193 1778 317 1870 χοάσας
340 1775 542 1870 ἡτοίμασαν,
566 1787 624 1853 ἵνα
648 1782 839 1866 τοξεύοντες
862 1778 919 1852 ἀπ’
948 1775 1062 1850 αὐτῶν
1080 1775 1163 1848 άλλα

193 1909 229 1952 τε
251 1883 308 1952 καλ
333 1887 402 1974 πάρ
422 1880 578 1971 ἐμποδών
595 1891 692 1974 σφίσι
707 1890 878 1972 γίνωνται.
921 1884 1163 1973 προσμίξαντες
1276 1963 1278 1968 Ι

195 1985 244 2069 δέ,
262 1979 371 2075 χρόνῳ
384 1983 451 2074 μέν
468 1989 503 2054 ολ
513 1983 665 2075 Ῥωμαῖοι
682 1984 759 2066 τούς
769 1983 945 2072 Ἕλληνας,
962 1981 1109 2054 έάσαντο
1128 1979 1160 2052 δ’

194 2075 275 2173 οὖν,
307 2087 420 2176 μέχρις
450 2079 630 2178 ὁΠάρρος
658 2102 727 2169 τοῖς
752 2089 911 2176 ἐλέφασιν
933 2084 974 2156 οὐ
999 2081 1082 2154 κατά
1106 2079 1163 2164 τάς

194 2184 337 2276 ἁμάξας,
361 2185 434 2260 ἄλλ’
462 2189 517 2258 έπλ
541 2185 669 2278 θάτερα
688 2184 949 2277 προσβοηθήσας
971 2182 1084 2264 αὐτοῖς
1100 2179 1202 2270 τήναν

193 2293 298 2358 ἵππον
322 2292 419 2377 σφοῖν
443 2289 500 2358 καλ
523 2291 605 2380 πρὶν
629 2291 808 2380 προσμίξαι
832 2290 929 2382 φόβχο
945 2293 1014 2358 τῶν
1030 2290 1163 2374 θηρίων

195 2392 363 2476 ἐτρέψατο.
404 2392 450 2480 τῷ
475 2391 588 2478 μέντοι
610 2395 696 2485 πεζῷ
720 2387 824 2462 οὐδὲν
847 2390 933 2478 μέγα
967 2385 1163 2476 ἐλυμήνατο.

194 2488 258 2560 κάν
280 2486 388 2584 τοάιφ
411 2494 480 2561 τῶν
493 2488 668 2562 Ἀποάλων
684 2492 773 2574 τινές
793 2492 847 2564 ἐπὶ
865 2490 902 2560 τὸ
919 2491 988 2562 τοῖν
1003 2484 1166 2576 Ἠπειρω-

194 2597 262 2660 τολν
285 2588 474 2681 ὡρμηκότες
496 2591 722 2682 στρατόπεδον
750 2597 809 2682 τής
838 2599 935 2680 νίκης
964 2599 1065 2661 αίτιοι
1095 2603 1165 2670 τοῖς

190 2685 545 2782 Ῥωμαίοις-ἐγένοντο.
593 2693 686 2777 τινάς
709 2693 772 2786 γάρ
796 2696 864 2766 τάν
887 2694 1085 2783 μαχομένων
1110 2687 1161 2760 ἐπ’
1178 2711 1204 2754 2⁵

160 2788 319 2875 Βαάτοτλς
348 2797 409 2866 τοῦ
439 2793 580 2885 Πύρρον
617 2799 809 2886 πέμψαντος
840 2793 963 2876 πάντες
993 2797 1029 2863 οί
1057 2793 1167 2862 λοιποὶ

149 2959 153 2969 .
195 2892 439 2985 ἐταράχθησαν,
457 2898 513 2968 καὶ
530 2893 588 2978 τάς
606 2925 642 2967 τε
659 2895 784 2987 σκηνάς
804 2897 987 2968 ἑαλωκέναι
1005 2896 1061 2964 καλ
1080 2895 1167 2964 έκεί·

194 3025 275 3078 νονς
298 2995 440 3086 φεύγειν
465 2993 737 3088 ὑποτοπήσαντες
761 2999 939 3070 ἐνέδοσαν·
972 2997 1030 3067 καλ
1048 2995 1167 3084 συχνοὶ

195 3095 308 3167 αὐτῶν
332 3105 473 3187 ἔπεσον,
497 3095 517 3170 ὅ
538 3127 574 3170 τε
592 3099 730 3193 Πύρρος
752 3101 810 3172 καὶ
827 3095 923 3170 άλλοι
939 3103 1008 3170 τῶν
1027 3099 1063 3168 έν
1079 3097 1168 3170 τέλει

196 3199 313 3268 πολλοὶ
338 3197 554 3290 ἐπράθησαν,
579 3203 636 3272 καλ
659 3198 741 3291 μετά
763 3208 868 3272 ταῦτα
892 3197 949 3278 διά
971 3226 1009 3270 τε
1025 3195 1088 3287 τήν
1105 3201 1166 3286 τῆς
1180 3227 1206 3268 ω

196 3303 322 3388 τροφῆς
341 3302 397 3370 καλ
410 3299 474 3390 τήν
490 3305 559 3372 τάν
578 3305 777 3392 ἐπιτηδείων
791 3297 1003 3393 πρόςάκεσιν
1020 3296 1168 3390 άπορίαν

195 3399 327 3491 σφόδρα
339 3399 577 3514 ιἐκακάθησαν.
604 3402 689 3475 ὅθεν
706 3399 835 3494 άπήρεν
853 3409 901 3486 είς
913 3400 1067 3492 Τάραντα
1084 3402 1169 3489 πρὶν
