2580 3816
131 167 133 172 '
228 161 291 227 266
529 159 634 227 mm.
653 160 727 213 mv.
746 160 824 214 off.
843 161 875 214 v.

229 307 364 390 λεάσαι,
395 301 546 392 χρήματα
577 307 625 394 τῷ
651 299 822 394 Ἰονστίνχο
854 301 998 389 παρέσχε
1028 301 1192 388 διανέμειν

112 421 115 426 “
229 417 299 486 τοῖς
318 402 541 494 στρατιώταις,
554 401 610 472 ηἵν’
632 404 762 472 ἐκείνου
779 405 920 472 ἕλωνται
936 401 1085 489 βασιλέα.
1120 399 1192 470 ὁδὲ

230 503 271 574 τά
289 504 441 596 χρήματα
453 509 627 593 διανείμας
641 505 750 596 ἑαυτῷ
766 501 828 590 τῆν
841 509 1017 590 βασιλείαν
1030 527 1190 593 προεμνη-

230 605 391 676 στεόσατο
414 607 472 674 καὶ
495 603 585 697 παρά
609 607 678 674 τάν
702 609 915 695 στρατιωτῶν
932 605 1067 674 καὶτοῦ
1086 601 1191 692 δήμου

231 714 279 788 είς
297 703 359 794 τῆν
376 711 436 796 τῆς
454 703 637 798 αόταρχίας
655 702 789 794 ἀνήχθη
807 703 988 794 περιωπήν,
1014 699 1214 792 Ἀμάντιοςσ

195 808 270 878 (ἓδὲ
289 811 325 876 ἐν
343 813 444 901 δεινῷ
462 815 625 898 πεποίητο
640 811 702 876 τοῦ
716 804 902 876 Ἰονστίνου
919 803 956 876 τό
976 804 1124 894 σόφισμα
1141 807 1194 874 καὶ

231 907 325 1002 αὐτῷ
349 907 553 997 ἐπεβούλευε
576 906 644 980 σάν
669 907 790 999 ἑτέροις
814 913 884 978 τῶν
916 908 1194 997 ἐπιφανεστέρων,

230 1008 271 1082 ὃν
294 1010 494 1097 γνωσθέντα
517 1003 536 1079 ὁ
560 1007 742 1090 Ἰουστίνος
766 1005 880 1078 ἀνεῖλε
903 1007 970 1078 σάν
991 1005 1133 1100 Ἀνδρίμ
1149 1013 1194 1101 τῷ

228 1117 500 1205 ,κουβικουλαρίςο
518 1111 575 1180 καὶ
590 1115 647 1204 ’τῷ
669 1114 902 1207 Θεοκριτιανςό.
926 1101 1026 1190 οὗτος
1043 1106 1061 1180 ὁ
1078 1103 1195 1198 Ἀμάν-

228 1239 313 1299 τιος,
338 1210 393 1281 ὅτε
418 1209 669 1292 δἈναστάσιος
686 1209 768 1282 καθ’
792 1209 923 1292 ὕπνους
949 1209 1112 1280 ἐθεάσατο
1135 1209 1195 1280 τόν
1206 1229 1229 1272 10

142 1379 144 1382 ,
229 1311 340 1404 ἀνδρα
362 1311 423 1382 τόν
445 1312 550 1402 τόμον
572 1313 720 1404 φέροντα
750 1313 808 1382 καὶ
838 1307 1073 1394 ἀπαλείψαντά
1101 1339 1195 1393 τινας

228 1419 297 1483 τάν
320 1418 378 1501 τῆς
402 1419 485 1502 ζωῆς
510 1411 619 1484 αὐτοῦ
641 1412 795 1504 χρόνων,
820 1408 905 1502 ὄναρ
930 1410 1022 1482 είδεν
1039 1411 1088 1482 ὅτι
1106 1413 1196 1481 ἐναί-

229 1539 307 1584 πιον
332 1520 393 1584 τοῦ
415 1517 577 1602 βασιλέως
605 1515 771 1608 ίσταμένητ
802 1508 895 1608 αὐτῷ
925 1527 1038 1604 χοίρος
1069 1514 1197 1602 ἐπῆλθε

228 1617 332 1704 μέγας
355 1615 412 1684 καλ
435 1621 484 1696 είς
508 1621 574 1703 γῆν
597 1615 782 1705 κατήραξεν
805 1611 911 1684 αὐτόν
936 1615 994 1683 καὶ
1010 1611 1198 1684 ἀνάλωσεν.

228 1709 328 1797 οὗτος
352 1715 411 1786 τὸν
437 1715 523 1786 ναόν
539 1721 601 1785 τοῦ
619 1715 718 1803 ἀγίου
736 1713 927 1786 ἀποστόλου
946 1721 1050 1806 Θωμά
1069 1715 1197 1806 ἐδομή-
1211 1735 1235 1778 1⁵

229 1835 325 1886 σατο·
351 1814 403 1887 διό
428 1817 484 1886 καὶ
502 1815 564 1904 τῆν
582 1822 702 1905 κλῆσιν
720 1819 851 1886 ἐκείνου
868 1813 975 1903 σοι’ζει,
992 1821 1054 1886 τοῦ
1071 1811 1200 1906 Ἀμαν-

227 1923 302 2004 τίον
326 1915 543 2006 καλούμενος.
586 1913 849 2008 όρθοδοξότατος
871 1915 904 1986 δ’
932 1913 981 1986 άν
1001 1915 1202 2006 Ἰουσττνος,

228 2016 338 2106 δόγμα
363 2018 495 2100 ἐξέθετο
518 2017 580 2106 τῆν
605 2021 642 2088 ἐν
666 2017 855 2106 Χαλκηδόνι
878 2018 1006 2100 πάντας
1037 2019 1204 2107 σέβεσθαι

195 2135 221 2185 D
235 2117 384 2189 σύνοδον
406 2121 465 2189 καὶ
487 2119 568 2201 τοάς
586 2115 696 2208 αάτῆν
713 2120 987 2208 συστησαμένους
1005 2121 1206 2203 ἑξακοσίους

226 2220 404 2312 τριάκοντα
426 2219 545 2308 ἁγίους
569 2221 731 2311 πατέρας,
754 2234 825 2300 τοῖς
853 2225 955 2312 ίεροίς
981 2222 1236 2312 ἐγγραφῆναιῦ

226 2320 398 2410 διπτόχοις
422 2327 542 2391 πασῶν
564 2327 633 2392 των
657 2324 852 2410 ἐκκλησιῶν.
888 2320 1036 2411 γαμετήν
1055 2319 1086 2390 δ’
1111 2329 1205 2412 ἔχων

205 2429 421 2511 ΙΛονττικίαν
441 2423 647 2509 κεκλημένην
670 2427 810 2506 ἔστεψεν
831 2418 943 2510 αάτῆν
966 2423 1024 2491 καὶ
1049 2419 1204 2510 Αὐγού-

180 2593 182 2598 A
227 2541 313 2589 σταν
337 2519 581 2611 ἀνηγόρευσεν,
609 2518 795 2612 Εάφημίαν
811 2523 1050 2612 μετονομάσας.
1085 2523 1206 2618 τούτῳ

226 2621 440 2710 Βιταλιανός,
464 2619 501 2702 ὃς
527 2623 724 2694 ἐστασίασεν
757 2624 811 2694 ἐπὶ
840 2620 1079 2713 Ἀναστασίον,
1105 2625 1206 2696 πάνυ

227 2719 390 2815 ᾠκείωτο,
412 2723 470 2819 καὶ
494 2724 718 2815 στρατηλάτης
740 2733 994 2817 προεχειρίσθη,
1018 2723 1111 2794 ἀλλά
1127 2725 1236 2816 μῆνῦ

225 2823 282 2892 καὶ
298 2821 488 2912 ὑπάτευσε,
509 2825 567 2894 καὶ
588 2827 674 2915 μίγα
691 2853 722 2894 τι
745 2825 837 2918 παρὰ
852 2833 901 2921 τῷ
916 2822 1089 2920 Ἰονστίνρτ
1106 2824 1206 2916 ήδό-
1258 2832 1263 2841 “

225 2937 316 3011 υατο.
360 2923 544 3017 ὀρθόδοξος
568 2923 602 2995 δ’
629 2923 678 2997 τόν
701 2925 762 2996 τόν
786 2933 944 3018 Σευῆρον
969 2930 1208 3018 ἐκδιωχθῆναι

224 3031 286 3094 τοῦ
310 3025 442 3114 θρόνου
464 3033 525 3114 τῆς
546 3025 746 3117 Ἀντιοχείας
771 3029 829 3113 καὶ
848 3026 1067 3120 ἀναιρεθῆναι
1085 3052 1205 3120 προσ-

226 3125 355 3207 έταξεν·
382 3123 402 3196 ὃ
426 3125 532 3214 γνοός
557 3131 684 3210 ἐκεῖνος
701 3126 832 3222 ἀπέδρα
850 3136 898 3212 είς
916 3141 1096 3218 Αἴγυπτον
1112 3129 1206 3220 μεθ’

155 3227 159 3232 “
226 3225 348 3313 ἑτέρων
378 3224 646 3318 ὁμογνωμόνων,
676 3223 733 3300 καὶ
762 3231 888 3321 ταύτην
921 3230 1103 3323 ἐτάραξαν,
1139 3230 1241 3303 τόν*

124 3325 307 3410 Ριιεοπερὶ
333 3333 493 3418 φθαρτοῦ
522 3330 579 3398 καὶ
608 3329 788 3420 ἀφθάρτου
812 3331 916 3422 λόγον
946 3332 1211 3421 εἰσαγαγόντες.

191 3413 215 3460 A
228 3419 386 3512 Σενήρου
411 3428 450 3494 δὲ
473 3431 687 3521 διαδράντος,
711 3439 851 3517 Παῦλος
875 3432 1097 3524 ὁ-ξενοδόχος
1131 3441 1213 3508 τῶν
