2546 3822
435 93 511 160 μιν.
532 93 588 144 xv.
608 35 685 146 τις.
699 94 785 146 xxv.
1030 69 1094 158 403

10 285 16 318 ,.
131 232 267 320 κληθεὶς
284 232 341 300 καὶ
354 238 390 301 τί
405 229 448 303 άν
466 233 557 318 λέγοι
574 231 611 302 τὸ
629 233 770 320 γύναιον
789 232 1013 322 ἐρωτώμενος,
1025 263 1092 323 μα-

129 331 266 417 ταιάζειν
285 339 349 422 ἔφη
367 328 460 414 αάτό.
493 336 549 404 καὶ
567 328 585 404 ὁ
603 334 762 422 βασιλευς
776 332 911 422 ’(μηκέτι
927 364 993 424 μου
1012 341 1092 423 θεη-

10 437 15 532 }
114 441 205 524 ,θείη
229 435 306 525 περὶ
330 430 477 504 τοάτου”’
501 443 587 524 φησί
604 429 683 505 ’Ῠκαλ
715 433 778 505 οάκ
809 442 899 504 ἔσται
930 455 981 504 σοι
1006 436 1092 527 πρὸς

100 535 102 539 ’
127 533 262 606 καλοῦ.”
281 537 339 605 καὶ
351 541 394 625 τῇ
412 538 549 624 γυναικὶ
567 537 751 607 ἐνετείλατο
769 535 854 627 πρὸς
871 535 932 607 τὸν
950 548 1090 628 Πετρω-

10 655 16 732 ζ
102 643 190 708 ενάν
208 636 406 727 ἀφικέσθαι,
430 640 487 708 καὶ
511 646 543 709 εί
554 637 602 728 μῇ
621 636 684 726 τῇν
701 637 831 728 βλάβην
848 647 1092 729 θεραπευθείη,

10 737 19 820 ¹,
125 732 226 821 αὖθις
253 739 347 832 αὐτῷ
370 749 585 832 προσελθεῖν.
612 739 828 862 προσῇει
796 746 844 809 τά
861 747 1040 831 -Πετρωνᾷ
1069 738 1092 828 ἡ

10 769 18 918 λ
125 839 227 929 γυνή·
247 835 323 912 53
341 837 502 912 0333’
459 871 545 932 αυτη
565 847 626 912 τοῦ
640 849 747 912 κακοῦ
765 841 965 932 θεράπευμα
983 847 1090 912 ἔθετο.

10 933 16 1054 λη
123 940 196 1030 ἡδ’
215 941 415 1030 άπογνοῦσα
437 943 480 1012 δι’
501 939 603 1032 ὄχλου
629 945 749 1031 γέγονε
766 945 821 1012 καλ
840 937 943 1024 αὖθις
960 970 1007 1034 τῳ
995 947 1091 1029 βα-

10 1061 12 1128 ς
124 1053 223 1114 σιλεῖ·
242 1041 355 1125 καλῇς
372 1041 493 1114 αὐτίκα
510 1051 578 1114 τῶν
595 1050 652 1132 τῇς
671 1045 860 1133 συγκλήτου
878 1045 967 1114 τισὶν
985 1037 1090 1145 άπελ-

10 1129 14 1200 λ
86 1177 111 1216 10
123 1155 202 1215 θείν
223 1146 356 1228 ἐπέταξε
374 1148 431 1215 καλ
447 1151 696 1270 κατασκοπῆσαι
714 1173 729 1216 ε
732 1143 975 1234 ίβλάπτοιτο
956 1135 1089 1234 ηγυνῇ.

10 1201 14 1286 λ
124 1251 159 1314 οί
182 1247 220 1317 θλ
243 1245 399 1335 άπῇλθον
423 1245 532 1328 εάθιλς
555 1246 672 1316 καὶ
634 1275 697 1335 την
720 1247 851 1336 βλάβην
874 1255 1001 1334 ἔγνων,
1024 1247 1192 1316 mamma

122 1347 249 1472 ταύτην
272 1347 488 1436 άπῇγγειλαν.-
524 1351 581 1420 καὶ
606 1347 625 1418 ὁ
650 1346 807 1436 βασιλευς
826 1355 874 1418 ἔτι
891 1346 943 1416 ἐπ’
963 1321 1125 1438 ἀγοράςΑ

10 1485 13 1520 ι
122 1449 269 1570 προλάν,
288 1447 396 1518 αάτου
418 1475 486 1520 που
511 1451 608 1537 στάς,
632 1455 856 1539 γυμναθῇναι
871 1447 932 1518 τὸν
950 1460 1089 1536 Πετρω-

10 1521 18 1664 ῇ·
122 1556 187 1620 νάν
210 1551 268 1619 καὶ
291 1555 465 1638 τυῳθῇναι
487 1553 545 1618 καὶ
569 1553 690 1640 στέρνα
708 1552 779 1618 καὶ
786 1557 879 1620 νάτα
896 1553 1088 1670 προσέταξε,

10 1665 14 1758 η
85 1649 213 1722 τετράδ’
233 1649 296 1722 υπ’
317 1649 424 1720 ἀάτου
411 1653 630 1740 θομηθίντα
645 1650 728 1740 πρὸς
745 1651 877 1740 βλάβην
894 1656 952 1738 τῇς
970 1679 1089 1738 γυναι

120 1780 180 1834 κος
205 1759 449 1878 καθαιρεθῇνμι
479 1754 536 1822 καλ
566 1751 670 1842 ταάτη
701 1755 1006 1842 προσκληραθῇναι
1032 1754 1088 1821 καὶ

10 1873 11 1876 ’
120 1850 178 1934 τάς
203 1853 288 1978 άλρις
311 1853 426 1924 καὶ
391 1881 452 1923 τον
473 1853 578 1924 τόπον
595 1851 711 1922 αὐτόν.
746 1859 845 1923 τοῦτο
862 1846 987 1942 μὲν
944 1881 1009 1924 ουν
1026 1857 1089 1923 τοῦ

30 1953 258 2044 περὶ
223 1981 260 2024 το
286 1961 449 2038 θίκαιονζ
433 1954 532 2042 ζήλου
550 1981 610 2024 του
597 1959 797 2044 Θεοφίλου
817 1965 944 2044 εἰρηται
961 1955 1088 2044 γνάρι-

120 2075 197 2144 σμα.
229 2055 378 2146 είρῇσθω
398 2057 439 2124 δέ
452 2083 483 2124 τι
500 2057 596 2124 καλ“
576 2082 691 2144 ετερον
708 2061 766 2142 τῇς
784 2083 827 2128 τε
837 2061 1089 2142 δικαιοπραγίας

81 2187 108 2228 το
122 2159 253 2228 ἐκείνου
271 2159 328 2225 καὶ
346 2162 405 2244 τῇς
422 2155 551 2244 περὶ
516 2185 554 2226 το
581 2153 732 2243 ὑπήκοον
750 2162 910 2244 προνοίας
929 2175 1089 2243 σημαντι

10 2261 14 2342 3,
119 2256 193 2328 κόν.
229 2257 464 2346 προσάρμισέ
466 2283 547 2326 ποτε
569 2263 617 2348 τῷ
642 2255 775 2346 περὶ
736 2283 777 2324 τα
796 2253 965 2382 ἀνάκτορα
983 2257 1090 2343 λιμένι

119 2357 239 2446 φορτλς
263 2357 359 2447 βάρει
376 2362 445 2426 τῶν
463 2355 648 2446 ἀγωγίμων
666 2357 914 2447 πεφορτισμένη
931 2359 989 2426 καὶ
1005 2385 1089 2426 του·

10 2453 14 2550 ᾖ
118 2486 167 2552 τρι
180 2459 297 2548 μέχρις,
309 2457 450 2546 ἐσχάτου
463 2465 627 2548 ζωστῇρος
640 2461 977 2548 καταβεβαπτισμένη.
992 2464 1088 2546 ἔτυχε
1184 2526 1187 2532 ,

10 2641 12 2646 ,
119 2561 158 2629 θλ
176 2559 355 2649 προκύψας
373 2556 391 2628 ὁ
408 2558 567 2647 βασιλεύς
585 2559 734 2648 άνωθεν,
751 2561 808 2630 καλ
825 2560 1005 2648 θαυμάσας
1023 2557 1118 2647 τῇνΒ

10 2721 13 2760 4
80 2690 106 2730 νε
120 2667 226 2748 ναῦν,
250 2661 306 2730 διά
327 2688 416 2741 τινος
440 2667 509 2730 τῶν
533 2659 626 2754 αὐτῷ
652 2663 824 2751 ἑπομένων
849 2669 941 2741 τίνος
967 2660 1010 2732 άν
1037 2671 1088 2746 εἴη

10 2773 13 2850 ζ
119 2761 276 2832 έπάθετο.
313 2761 358 2842 ὡς
382 2761 421 2830 δὲ
437 2767 496 2849 τῆς
513 2757 715 2850 Λάγοάστης
739 2761 826 2830 εἶναι
842 2761 1015 2850 μεμάθηκε
1032 2761 1088 2828 καὶ

120 2861 164 2944 ὡς
182 2862 257 2953 άρτι
274 2861 408 2952 άνῇχθη
427 2865 460 2944 ἐξ
480 2865 652 2952 ἐμπορίας,
671 2860 714 2950 ῇν
733 2865 770 2931 ἐν
787 2876 857 2942 τοῖς
876 2867 935 2950 τῇς
955 2869 1087 2952 Συρίας

10 2959 12 3012 ἶ
119 2969 155 3032 οἱ
170 2963 255 3052 πρὸς
278 2971 339 3052 τῇς
356 2970 554 3052 βασιλίσσης
579 2965 754 3044 σταλέντες
773 2962 969 3051 ἐποιήσαντο
986 2965 1085 3051 μέρε-

10 3131 15 3154 ,
119 3086 185 3152 σιν,
196 3075 230 3134 εί
239 3093 270 3134 τι
282 3065 346 3153 μὲν
359 3071 500 3146 τοίςτοά
513 3064 734 3153 πληρώματος
746 3070 804 3152 τῇς
817 3061 899 3152 νηὸς
913 3063 1034 3154 πρόσε-
1048 3077 1081 3127 W
1091 3076 1189 3128 111116

80 3194 105 3234 ιο
119 3185 204 3254 στιν,
222 3167 407 3254 ἐξενεγκεῖν
424 3165 540 3247 αὐτοῖς
559 3163 679 3236 αὐτίκα
698 3167 864 3254 ἐκέλευσε,
885 3169 956 3236 ’τάν
974 3165 1012 3234 δὲ
1029 3172 1087 3254 τῇς
1131 3181 1134 3187 ’

118 3264 321 3355 Αάγοάστης
344 3263 497 3350 άψασθαι
519 3267 672 3357 μηθενός.
714 3265 759 3347 ὥς
783 3266 821 3336 θλ
845 3273 944 3338 τοῦτο
968 3269 1087 3355 γέγονε

10 3389 12 3424 ῑ
118 3367 176 3436 καὶ
193 3366 274 3450 τούς
291 3367 418 3459 άνθρας
444 3371 577 3439 ἐκεῖθεν
595 3365 780 3456 άπῇλασεν,
798 3361 908 3456 ὑγρὸν
925 3367 1005 3439 κατ’“
1019 3367 1085 3438 αὐ-

817 3479 882 3542 26*
