2566 3812
272 252 284 266 „
402 194 778 257 L113.v111.cAP.x·vm.
1014 203 1080 268 225

102 337 226 434 Ῥύμην
253 338 537 468 πρεσβεύσωνται.
585 348 621 412 οί
606 338 679 412 ἰδ’
706 345 760 414 ἐπὶ
783 339 846 432 τήν
872 342 1000 433 βουλήν
1022 348 1078 415 έλ-

105 442 224 526 θέντες
246 441 289 512 τὰ
311 441 397 514 αύτα
385 441 525 515 εἷπον.
567 438 612 526 οἱς
638 441 670 514 δ’
699 440 840 526 ούδενός
866 473 883 514 ο
887 447 1114 536 ίπρέσβειςο

106 536 152 616 όν
169 543 277 636 ήτονν
302 541 503 634 ἐτύγχανον,
529 551 576 626 είς
599 544 636 615 τό
659 543 928 638 στραιόπεδον’
909 544 1079 640 ανεχύρη·

106 669 179 717 σαν.
210 637 327 716 τιαλ
287 673 388 736 ευρον
402 647 599 767 ἐφθαρμένα
612 645 759 737 σφίσι
722 676 763 716 τα
776 645 969 738 πράγματα
988 649 1078 731 τινές

7 759 8 764 ’
82 745 171 837 εγόιρ
188 753 254 818 τῶν
270 745 455 838 συμμάχων
478 743 591 818 αὐτῶν
614 747 832 838 μεταγνόντες
855 751 912 820 καὶ
939 747 994 819 διδ
1012 749 1078 840 φό

108 855 174 936 βου
190 845 264 930 τούς
277 843 459 938 Ρωμαίους
478 851 696 972 πεποιημένοι
719 847 899 940 ἐτρέποντο
926 853 980 920 ἐπί
998 849 1077 933 τούς

104 955 285 1038 Βοουίονς,
310 951 367 1019 καὶ
385 951 503 1039 συχνοί
521 945 694 1022 ἀπείλοντο
717 946 972 1041 ἀμφοτέρωθεν,
992 951 1078 1022 τισίν-

102 1056 227 1122 τεύθεν
250 1046 408 1138 ἀπῆλθον
437 1041 552 1122 οίτιαδε
585 1056 621 1121 οί
648 1059 779 1140 λοιποί,
808 1054 924 1123 καλοί
909 1045 1130 1124 ίΒοούιοι

103 1149 253 1233 σπονδὰς
282 1153 336 1223 ἐπὶ
362 1153 454 1263 μέρει
480 1155 592 1248 πολλῷ
618 1157 677 1240 τής
700 1151 808 1242 χώρας
835 1157 933 1241 σφεόν
964 1151 1081 1242 ἐποιή-

68 1281 92 1322 10
103 1276 217 1326 Gavio.

57 1404 59 1409 .
171 1351 262 1442 Ἤδη
295 1353 332 1423 δὲ
357 1360 427 1424 τῶν
450 1358 645 1425 Γαλατικῶν
673 1357 850 1426 λυθέντων
873 1358 1029 1444 πολέμων
1059 1351 1078 1426 ὁ

101 1457 292 1538 Λέντουλος
314 1453 535 1544 ἐστράτευσεν
558 1457 612 1526 ἐπὶ
629 1461 778 1544 Λίγυας,
803 1458 859 1526 καί
876 1453 955 1537 τούς
973 1479 1080 1547 προσ-

100 1563 287 1638 πίπτοντας
309 1551 455 1646 ἠμύνετο
482 1565 542 1626 ααί
566 1583 642 1628 τινα
667 1554 813 1648 ἐρύματα
837 1555 1078 1650 παρεστήσατο.

102 1655 240 1750 Οὔαρος
266 1657 304 1727 δέ
329 1659 383 1728 ἐπὶ
413 1657 546 1748 Κύρνον
571 1652 738 1749 ὁρμήσας,
766 1661 822 1730 καὶ
844 1657 890 1748 μή
914 1661 1079 1750 δυνηθεὶς

64 1786 88 1827 ιε
100 1757 230 1851 ίιπορίηι
243 1764 371 1830 πλοίων
384 1765 632 1850 περαιωθῆναι,
651 1757 827 1832 Κλαύδιόν
841 1788 916 1832 τινα
929 1763 1078 1833 Κλινέαν
1088 1782 1116 1832 D

101 1857 172 1932 σύν
203 1858 346 1949 δυνάμει
370 1861 570 1951 προέπεμψε.
620 1860 774 1944 κάκεῖνος
803 1860 882 1946 τούς
905 1869 1079 1954 Κυρνίους

102 1959 317 2050 καταπλήξας
335 1965 369 2042 ἐς
382 1958 501 2051 λόγους
515 1953 618 2051 ήλθε,
636 1957 735 2034 καὶ(
711 1989 756 2043 ως
769 1959 985 2054 αύτοιιρύτωρ
999 1992 1082 2052 τυγ-

102 2059 223 2154 χύνων
252 2067 438 2134 ἐσπείσατο.
493 2059 624 2152 Ούαρος
657 2064 694 2133 δέ
723 2066 792 2132 ττόυ
822 2068 1006 2150 συνθηκων
1035 2061 1082 2152 μή

102 2169 290 2256 φροντίσας
305 2165 489 2253 ἐπολέμησε
501 2180 570 2246 τοίς
584 2167 800 2255 Κνρνίοις,“
780 2191 842 2244 εως
856 2158 981 2244 αύτούς
996 2165 1083 2252 ἐχει-

64 2292 90 2335 ιο
102 2264 247 2358 ριόσαιο.
284 2271 320 2336 οί
335 2265 373 2340 δὲ
391 2260 542 2355 Ῥωμαῖοι
558 2264 597 2336 τό
620 2261 888 2356 παρασπόνδημα
911 2260 1084 2355 ἀποπροσ-

102 2365 302 2457 ποιούμενοι
332 2373 485 2456 ἔπεμψαν
519 2362 632 2449 αύτοίς
662 2363 852 2448 ἐκδιδόντες
881 2365 943 2436 τόν
966 2363 1083 2437 Κλαύ-

104 2476 199 2540 διον·
235 2463 281 2548 ὥς
306 2463 339 2538 δ’
366 2463 428 2538 ούκ
452 2469 592 2558 ἐδέχθη,
619 2467 782 2558 ἐξήλασαν
806 2463 920 2538 αύτόν.
965 2469 1019 2538 ἐπί
1045 2467 1083 2538 δέ

101 2575 364 2660 Καρχηδονίους
376 2570 557 2659 μέλλοντες
574 2569 806 2660 στρατεύσειν,
833 2563 878 2651 ύς
895 2585 965 2652 τοίς
984 2572 1083 2660 σφων

104 2669 266 2762 ἐμπόροις
293 2673 577 2760 λυμαινομένους,
608 2677 705 2742 τούτο
728 2672 791 2761 μὲν
813 2669 877 2742 ούκ
909 2675 1082 2760 ἐποίησαν,

61 2800 90 2842 ετ
103 2770 261 2864 χρήματα
279 2769 312 2843 δ’
329 2771 587 2865 ἐπιπραξύμενοι
605 2767 834 2845 ολνενεοόσαντο
851 2769 909 2854 τὰς
923 2771 1081 2854 σπονδάς.

105 2880 250 2998 ἔμελλον
268 2873 305 2944 δέ
322 2869 443 2964 μηδ’
423 2902 467 2956 ως
493 2877 526 2956 ἐς
550 2902 682 2966 μαιιραν
705 2878 743 2945 αί
766 2880 935 2962 συνθήκαι
958 2875 1080 2962 μένειν.

104 2974 148 3045 τὰ
175 2967 306 3065 μὲν
263 3003 328 3046 ουν
351 2979 419 3046 τῶν
442 2981 686 3067 Καρχηδονίων
710 2973 980 3065 ἀνεβέβλητο,ἐ
980 2975 1017 3042 πί
1046 2971 1187 3046 δδΡΙιιοι

106 3073 188 3158 τούς
213 3081 425 3166 Σαρδονίους
448 3106 492 3167 μη
483 3074 740 3168 πειθομένους
771 3073 888 3158 αὐτοῖς
910 3071 1083 3167 ἐστράτευ-

109 3197 193 3248 σαν
222 3180 280 3249 καί
311 3181 366 3249 ἐνί
351 3185 479 3267 ίκησαν.
521 3207 603 3268 μετα
633 3185 736 3250 ταῦτα
768 3178 805 3248 δέ
836 3171 973 3248 ἔπεισαν
1005 3175 1084 3260 τούς

61 3305 94 3347 το
110 3284 328 3370 Σαρδονίους
357 3285 393 3350 οί
420 3279 647 3371 Καρχηδόνιοι
677 3278 790 3371 κρύφα
819 3294 888 3362 τοϊς
914 3275 1084 3369 Ρωμαίοις

113 3383 350 3470 ἐπαναστήναι.
394 3383 451 3452 καὶ
472 3381 601 3478 τούτοις
626 3387 660 3452 οί
682 3380 826 3474 Κύρνιοι
850 3381 1085 3476 προσαπέστη-

113 3503 178 3553 σαν
194 3484 251 3554 καὶ
269 3488 305 3553 οί
318 3489 444 3573 Λίγυες
458 3481 522 3574 ούχ
540 3479 723 3576 ήσύχασαν.

166 3611 292 3649 τουιεεε
309 3614 344 3652 11.
894 3595 952 3658 15·
