2562 3814
454 158 749 213 L1B.V11.0AP.11.
1044 167 1086 231 89

117 297 179 386 φαλ
197 297 254 366 καλ
272 280 466 387 τιθηνήσεις
483 299 767 392 θαυμασιώτεραι,
786 309 918 394 θηρίοις
936 308 1044 378 καὶί
1010 315 1085 380 οίω-

116 414 188 482 υοῖς
212 402 413 489 τραφέντων
437 400 526 491 παρά
543 401 602 472 τὸν
618 404 725 491 μέγαν
741 403 890 494 ποταμὸν
916 411 953 477 έν
970 407 1083 500 σκάφη

114 501 180 570 τινὶ
209 501 392 590 κειμένων,
423 499 444 590 ἢ
470 509 517 574 ἔτι
548 502 700 598 σιόζετιιι,
731 515 865 596 χαλκοῖς
893 502 1083 600 ύποζοόμασι

113 598 321 693 γραμμάτων
338 599 500 693 άμυδρῶν
519 603 845 697 ἐγκεχαραγμένωνΫ
1092 635 1116 685 Β

24 743 26 798 3
76 731 90 770 ι
189 694 377 792 Ὀμδυ
336 731 401 775 ουν
418 711 511 795 Νομί
509 735 576 797 τωρ
598 723 667 790 τοῖς
690 735 727 778 τε
750 706 860 797 λόγοις
878 715 937 782 τοῦ
957 706 1082 804 Ριόμου

22 803 27 928 ,λ
119 805 232 873 καὶ
194 833 232 896 τη
249 801 326 934 όφει
344 801 427 894 πρός
445 811 638 878 ἔννοιαν
597 837 654 900 της
673 812 836 894 ἐκθέσεως
854 839 923 883 τωυ
939 819 998 900 τῆς
1014 827 1082 886 θυ-

21 933 24 1002 J
115 933 236 994 γατρος
263 906 400 995 ε’νήγετο
423 908 613 998 παίδωυ,“
597 939 616 979 ο
640 911 678 980 δέ
697 919 913 995 Φαυστούλος
936 913 998 1003 τὴν
1022 921 1082 986 τοῦ

108 1001 239 1096 Ῥαίμου
257 1006 380 1130 μαθωφ
403 1006 570 1098 σύλληψιν
593 1009 730 1101 τὸνμὲν
750 1007 917 1103 Ρωμύλου
940 1023 1084 1104 βοηθεῖν

109 1107 310 1233 παρεκάλει,
328 1107 403 1180 τότε
420 1135 535 1201 σαφως
555 1109 747 1196 διδάξας’
708 1113 810 1184 αυτὸν
804 1118 955 1241 περλ·”
915 1143 973 1204 της
990 1123 1082 1206 γενέ

71 1236 97 1276 ιο
110 1231 211 1300 σεως,
237 1208 402 1302 πρότερον
418 1210 481 1302 γάρ
498 1211 710 1304 ύπηνίττετο,
734 1211 812 1286 ωστ’
832 1215 952 1300 αύτούς
967 1249 1012 1308 μη
1030 1249 1081 1309 μι-

109 1328 336 1405 κροφρονεῖν,
367 1309 467 1396 αύτδς
493 1315 530 1384 δὲ
554 1312 617 1403 τὴν
642 1313 776 1405 σκάφην
799 1324 942 1405 κομίζων
967 1318 1082 1410 ἐγείρει

109 1413 198 1500 πρός
215 1411 276 1487 τὸν
294 1423 476 1505 Νομίτωρα
494 1419 646 1504 σπουδῆς
664 1420 719 1486 καὶ
739 1419 835 1499 δέους
852 1417 977 1506 μεστός.
1013 1435 1082 1504 τοῖς

114 1515 154 1584 δὲ
173 1519 252 1607 περὶ
270 1513 329 1600 τάς
354 1513 462 1598 πύλας
485 1521 547 1588 τού
565 1515 744 1607 Ἀμουλίου
768 1535 930 1610 φρουροῖς
947 1519 1081 1610 ὑφορά-

114 1643 236 1709 μενος,
260 1620 316 1688 καὶ
333 1616 574 1709 ταραττόμενος
598 1623 675 1709 περὶ
699 1619 757 1704 τάς
781 1615 990 1712 άποκρίσεις,
1018 1621 1080 1694 οὐκ

12 1720 15 1794 ἶ
70 1755 98 1794 ιε
111 1723 219 1794 ἔλαθε
236 1717 299 1808 τὴν
315 1717 450 1809 σκάφην
466 1727 512 1814 τῷ
529 1727 689 1816 χλανιδίφ
701 1720 966 1812 περικαλύπτωυ.
998 1723 1079 1796 ύπο-

11 1827 13 1848 ⁵
113 1821 276 1915 λαβόντες
296 1822 335 1892 δδ
352 1819 551 1911 κλοπιμαῖόν
574 1851 604 1892 τι
623 1827 739 1913 φέρειν
762 1820 884 1912 αύτόυ,
912 1833 960 1908 είς
977 1827 1113 1916 μέσους

110 1925 176 2016 τὴν
200 1923 337 2012 σκάφην
361 1921 562 2012 προήγαγον.
601 1930 696 2015 ἔτυχε
726 1930 765 1997 δί
788 1955 838 2007 τις
868 1925 985 2018 παράυ
1011 1931 1083 1998 ἐκεῖ

112 2035 182 2099 τῶν
198 2027 248 2099 τὰ,
258 2021 421 2115 παιδάρια
439 2027 645 2114 ἐνθεμένων·
671 2021 706 2106 ὃς
724 2027 785 2114 τὴν
809 2025 943 2115 σκάφην
960 2036 1080 2117 γνωρί-

110 2151 187 2218 σας,
207 2122 346 2219 δραμάν
363 2123 479 2217 φράζει
497 2133 543 2220 τῷ
558 2122 733 2219 Ἀμουλίφ.
761 2128 816 2196 καὶ
834 2124 1080 2208 ὁΦαυσιοῦλος

72 2261 98 2302 ιο
111 2225 376 2320 ἀνακρινόμενος
394 2225 484 2318 παρά
496 2233 555 2298 τού
567 2229 730 2316 βασιλέως
742 2225 908 2312 σκύζεσθαι
924 2227 986 2315 μὲν
1003 2227 1081 2309 τούς

109 2337 238 2414 παῖδας
256 2333 427 2416 κατέθετο,
451 2326 565 2419 πόρρω
585 2329 621 2398 δὲ
638 2333 697 2416 τῆς
712 2323 836 2417 Ἀλβης
853 2327 1014 2416 νέμοντας
1033 2329 1081 2400 εἶ-

110 2451 186 2503 ναι·
205 2434 268 2518 τὴν
283 2433 319 2502 δέ
336 2429 470 2521 σκάφην
488 2427 571 2518 πρός
588 2429 651 2518 τὴν
663 2427 765 2502 Ἰλίαν
777 2437 923 2520 κομίζειν
939 2429 1002 2519 τὴν
1012 2435 1081 2504 τιόν

111 2539 249 2604 παίδων
272 2535 414 2623 μητέρα,
440 2535 617 2603 ποθοῦσαν
640 2537 736 2602 ίδεῖυ.
778 2535 1018 2622 τεταραγμένος
1043 2535 1079 2603 δὲ

109 2634 246 2718 τούτοις
271 2633 444 2726 Ἀμούλιος
474 2631 584 2723 άνδρα
614 2632 696 2724 πρὸς
721 2632 780 2704 τὸν
811 2641 994 2724 Νομίτωρα
1023 2635 1079 2704 πέ-

70 2764 229 2827 ωπομφε
252 2734 509 2826 πυνθανόμενος
534 2745 567 2804 εῖ
580 2763 612 2804 τι
634 2733 738 2824 μάθοι
761 2736 838 2825 περὶ
862 2763 930 2805 των
947 2741 1080 2805 παίδων
1130 2771 1132 2778 ‚
1240 2768 1244 2776 ·

112 2865 160 2920 ως
184 2835 380 2930 περιόντων.
421 2865 465 2926 ην
490 2836 527 2906 δὲ
555 2834 800 2959 τῶνφίλων
786 2865 803 2906 ο
829 2837 997 2927 πεμφθεὶς
1019 2839 1080 2905 τού

112 2947 321 3031 Νομίτωρος
364 2935 526 3009 άπελθιδν
549 2927 611 3008 ούυ
634 2940 690 3011 καλ
719 2941 756 3008 ἐν
778 2946 995 3026 περιπλοκαῖς
1018 2941 1112 3013 τοῦι)

108 3035 236 3168 Ρρόμοιι
254 3038 402 3166 εύρηκφς
419 3037 479 3110 τόν
496 3045 695 3129 Νομίτωρα,
714 3035 955 3162 παρεθάρρυνέ
969 3039 1078 3106 τεκαὶ

111 3173 158 3234 μη
146 3143 313 3234 μέλλειν
330 3138 444 3223 αὐτοῖς
463 3138 700 3230 συνεβούλευε,
726 3136 840 3212 καῖ’
800 3137 899 3221 αυτὸς
924 3138 960 3208 δὲ
978 3142 1078 3210 συνέ

72 3271 268 3336 ωπραττεν
309 3241 384 3334 άρτι
408 3243 446 3313 δὲ
468 3241 562 3314 καλ
547 3271 565 3313 ο
586 3238 750 3332 Ρωμύλος
776 3229 918 3330 ἐγγύς
895 3269 955 3331 ην,
983 3255 1078 3330 χεῖρα

112 3345 245 3438 συχνὴν
274 3341 469 3437 ιἰγροικικὴν
499 3343 715 3436 ἐπαγόμενος
749 3344 805 3414 καὶ
836 3343 904 3412 τῶν
933 3345 1079 3412 πολιτων

115 3449 152 3518 δε
170 3445 262 3542 αύτῷ
279 3443 343 3516 ούκ
360 3441 467 3534 όλίγοι
484 3445 677 3538 προσῄεσαν
699 3455 791 3536 μίσει
808 3453 869 3520 τού
890 3445 1077 3532 Ἀμουλίου·
