2558 3820
469 118 542 171 τιν.
560 118 609 172 1x.
629 117 707 173 οιε.
720 119 778 172 xx.
1055 117 1116 182 307

144 265 318 330 Φιλίππου
337 257 375 327 δέ
391 256 453 346 τὴν
466 254 602 346 Λαμιαν
619 261 877 349 πολιορκοῦντος
896 259 1043 347 ἐπῆλθεν
1062 255 1114 330 ἐπ’

44 406 46 412 ·
142 357 250 449 αὐτὴν
268 354 288 430 ὁ
305 360 503 450 Γλαβρίων,
528 361 585 428 καὶ
602 357 664 446 τη’ν
687 387 722 430 τε
747 365 847 448 νίκην
866 361 922 431 καὶ
940 359 1003 450 την
1020 369 1115 431 λείαν

141 463 390 552 ἐσφετερίσατο.
421 466 491 530 τῶν
507 461 620 548 μέντοι
635 465 798 532 Αίτωλων
816 467 852 531 οί
866 463 976 534 λοιποί
991 471 1113 533 συναλ-
1124 487 1150 536 Β

140 567 285 686 λαχῆναι
303 561 366 652 μέν
383 559 572 686 ἠθέλησαν,
597 558 661 633 οὐκ
679 565 874 634 ἐσπείσαντο
892 566 947 652 δέ,
965 571 1025 635 τοῦ
1039 561 1115 636 Ἀν-

114 698 127 738 5
141 663 253 790 τιόχον
267 665 425 756 πρέσβεις
443 661 559 746 αὐτοῖς
571 666 627 734 καλ
641 661 794 754 χρήματα
807 667 1011 756 πέμψαντος,
1030 663 1120 737 ἄλλα

143 765 224 855 πρὸς
240 763 389 856 πόλεμον
405 762 638 892 ἡτριμόζρντο.
671 763 760 836 καλ“
745 796 763 836 ο
783 767 990 848 Φίλιππος
972 777 1116 860 υπεκρί-

142 896 217 940 νετο
233 867 350 991 μὲν
314 895 377 957 την
394 893 478 957 προς
495 867 574 950 τοὺς
586 848 768 957 Ῥωμαίους
786 874 921 958 φιλίαν,
939 897 980 940 τοι
968 866 1036 940 δέ
1053 896 1113 940 τον

136 966 312 1060 Ἀντιόχου
331 965 477 1063 ἐφρόνει
521 966 683 1092 ἐντούτῳ
703 968 740 1039 δέ
758 967 1006 1042 Ναόπακτον“
991 979 1113 1041 οΓλα-
1163 975 1168 988 ’

138 1078 201 1162 βρί
199 1099 248 1142 ων
271 1075 342 1142 τῶν
364 1073 528 1143 Αίτωλων
552 1061 659 1143 οὖσαν
684 1069 884 1161 ἐπολιόρκει
918 1067 978 1154 οὓς
1003 1070 1115 1144 ἐλθων

100 1205 125 1246 ιο
139 1171 159 1242 ὁ
187 1180 373 1264 Φλαμίνιος
405 1180 516 1244 ἐπεισε
542 1180 764 1261 σπείσασθαι,
796 1180 973 1265 γνωρίμως
1000 1171 1115 1258 αὐτοῖς

138 1281 234 1364 ἔχων.
271 1276 327 1345 καλ
345 1275 553 1366 πρέσβειςί
521 1302 535 1344 ε
552 1303 569 1357 ς
590 1273 652 1364 τὴν
664 1271 794 1364 Ῥόμην
812 1278 939 1346 ἐκεῖνοί
953 1304 989 1348 τε
1006 1279 1116 1348 καὶλ
1081 1283 1116 1346 ολ
1117 1295 1119 1298 ’

131 1375 337 1502 Ἠπειρῶται
368 1375 555 1448 ἐστόλκασι.
610 1375 711 1448 καὶ
696 1406 714 1446 ο
746 1381 914 1459 Φίλιππος
945 1378 1112 1466 στέφανον

136 1477 332 1604 νικητήριον
356 1484 402 1573 τῷ
427 1480 488 1550 Λιλ
512 1481 559 1572 τῷ
584 1485 787 1572 Καπιτωλίῳ
812 1479 944 1569 πέμψας
968 1476 1053 1550 αλλα
1076 1506 1112 1550 τε

136 1577 335 1705 ἆντειλχφει
365 1579 480 1652 καὶ
448 1609 508 1652 τον
533 1577 611 1650 νλόν
640 1577 700 1651 τόν
722 1581 961 1672 Δημήτριον’
944 1610 981 1652 εν
1003 1577 1110 1671 Ῥόμη

96 1713 122 1755 15
136 1680 356 1772 ὁμηρεύοντα.
388 1679 506 1763 τοϊςιλ’
523 1689 687 1764 Αίτωλοις
705 1678 903 1754 σπονδαὶ’
863 1711 926 1754 ουκ
940 1685 1108 1772 ἐγένοντο·
1123 1690 1145 1756 o'

136 1782 178 1854 οὐ
196 1813 263 1875 γαρ
282 1786 515 1872 ἐλαττωθηναί
528 1812 560 1856 τι
578 1787 806 1867 κατεὸἐξαντο.

210 1884 283 1956 Ἐπὶ
302 1886 339 1956 δέ
352 1882 411 1956 τόν
425 1881 593 1976 Ἀντίοχον
607 1891 642 1956 oc
653 1879 806 1976 Ῥωμαῖοι
822 1885 900 1968 τούς
913 1892 1110 1966 Σκιπίωνας

140 1989 258 2070 ἐταξαν
283 1985 343 2058 τόν
368 2013 404 2058 τε
425 1983 631 2079 Ἀφρικανὸν
656 1989 713 2058 καὶ
739 1987 798 2058 τὸν
829 1983 979 2074 ἀδελφόν
1006 1983 1110 2056 αὐτοῦ

135 2085 296 2160 Λούκιον.
328 2096 442 2172 οἳτοῑς
455 2090 517 2180 μὲν
531 2095 691 2170 Αἰτωλοῖς
711 2085 837 2178 ἀνοχην
855 2093 990 2176 ἔδοσαν,
1007 2085 1053 2158 ἵν’
1077 2092 1110 2168 ἐς

95 2223 122 2264 ιο
134 2189 199 2280 τὴν
211 2183 340 2282 Ῥιόμην
358 2181 458 2272 αὖθις
475 2185 562 2282 ὑπὲρ
579 2196 638 2280 της
663 2187 799 2280 είρήνης
823 2185 1109 2281 πρεσβεύσωνται,

134 2287 315 2381 ἠπείγοντο
334 2287 367 2362 θ’
388 2294 443 2362 ἐπὶ
459 2289 519 2364 τόν
535 2287 722 2382 Ἀντίοχον,
741 2293 798 2362 καὶ
816 2292 870 2362 ἐπὶ
888 2294 1109 2362 Μακεδονίαν

135 2392 312 2484 ἐλθόντες,
339 2391 532 2486 συμμάχους
549 2423 585 2468 τε
608 2391 767 2483 λαβόντες
787 2396 823 2464 ἐκ
845 2396 906 2464 τοῦ
925 2397 1108 2480 Φιλίππου,

134 2498 192 2567 ἐπὶ
219 2493 278 2568 τόν
302 2491 544 2586 Ἑλλήσποντον
569 2495 709 2586 ἤλασαν.
759 2497 815 2566 καὶ
842 2497 876 2578 ἐς
904 2491 967 2584 την
992 2491 1109 2565 Ἀσίαν

133 2601 384 2690 περαιωθέντες
403 2597 601 2670 τὰπλεῖστα
620 2603 688 2669 τῶν
705 2603 994 2690 παραθαλασσίων
1012 2597 1108 2666 κατέ-

93 2730 120 2772 εε
133 2707 243 2790 λαβον
260 2701 569 2794 προκατειλημμένα
586 2697 677 2792 παρὰ
696 2705 765 2789 τῶν
784 2703 854 2772 ἐκεῖ
874 2695 1107 2792 προαπελθόν·

133 2831 204 2874 των
221 2801 408 2893 Ῥωμαίων,
431 2801 514 2894 πρὸς
539 2803 576 2874 δέ
594 2803 650 2872 καὶ
676 2805 737 2873 τοῦ
759 2800 934 2892 Εόμένονς
957 2801 1013 2870 καὶ
1036 2805 1139 2870 τῶνΙ)

112 2899 286 2995 Ῥοδίων,
304 2912 339 2976 οἳ
354 2907 411 2976 καὶ
428 2903 488 2976 τὸν
502 2899 662 2994 Ἀννίβαν
679 2907 763 2985 ναῦς
780 2931 872 2986 τινας
891 2905 928 2972 ἐκ
947 2907 1106 2989 Φοινίκης

134 3003 259 3096 ἔχοντα
283 3009 361 3100 περὶ
378 3012 588 3098 Παμφυλίαν
612 3009 779 3094 ἐνίκησαν.
801 3006 873 3074 ’καὶ
890 2997 1045 3091 Εὐμένης
1070 3001 1107 3071 δέ

134 3107 359 3192 καλἈτταλος
376 3103 553 3199 ὁᾶθελφός
567 3103 674 3179 αότοῠ
686 3105 748 3196 τὴν
765 3105 877 3196 χώραν
891 3100 1034 3174 ἐκάκουν
1046 3104 1109 3174 τοτ’

97 3207 320 3302 εοἈντιόχον,
338 3213 395 3282 καὶ
412 3209 526 3293 πόλεις
539 3216 576 3281 σί
590 3209 653 3302 μὲν
671 3215 742 3302 βίᾳ,
762 3212 799 3278 αλ
811 3203 842 3277 θ’
860 3203 1008 3278 ἑκούσιοι
1022 3201 1106 3297 πρός

204 3378 274 3444 Cap.
285 3381 329 3432 20.
359 3377 458 3430 Dionis
470 3376 614 3430 Historiae
631 3375 774 3426 Romanae
790 3373 856 3424 libri
873 3372 987 3438 perditi:
1007 3371 1105 3435 fragm.

1 3492 2 3512 ,
134 3448 176 3510 οε,
196 3449 221 3497 2.
241 3449 283 3498 ιε.

889 3521 954 3586 20*
