2566 3800
428 185 499 236 mn.
520 184 593 236 xm.
613 183 691 247 οΑΡ.
711 187 759 238 ιν.
1019 185 1080 250 185

1 363 2 367 ,
113 329 284 413 πολλαχοῦ
302 321 367 412 γάρ
387 325 424 392 ἐν
447 329 495 416 τῷ
520 325 684 418 εἰρημένῳ
708 325 944 415 συγγράμματι
967 323 1082 417 άρεια-

112 433 213 510 νίζειν
237 424 536 515 καταλαμβάνεται,
565 423 687 495 αύτίκα
704 433 786 516 περί
807 452 874 496 που
892 426 955 515 την
973 426 1082 516 ἀρχὴν

112 533 173 598 τού
196 533 329 616 βιβλίου
363 525 424 596 τόν
458 527 573 614 Δαβδδ
605 527 751 614 είσάγων
782 528 924 615 λε’γοντα
956 526 1082 610 “αύτδς

59 655 60 659 ’
114 627 203 716 εἷπε,
226 629 284 698 καλ
309 627 535 715 ἐγενήθησαν·
561 623 665 710 αύτδς
691 631 886 718 ἐνετείλατο,
910 630 967 698 καὶ
992 633 1081 702 ἐκτί-

89 726 277 818 ισθησαν”,
296 729 381 818 φησί
397 727 461 798 τόν
476 728 540 818 μὲν
557 733 684 818 πατέρα
699 731 759 800 καλ
775 729 915 818 ποιητὴν
934 729 978 812 ύς
997 756 1081 801 παν-

112 831 263 920 ηγεμόνα
279 838 473 920 νομίζεσθαι
485 837 646 925 βασιλικῷ
659 832 913 922 ’προστάττοντα
930 833 1081 921 νεύματι,

112 931 172 1002 τόν
190 932 229 1002 δὲ
241 929 366 1002 τούτου
378 931 622 1021 δευτερεύοντα
640 943 739 1004 θείου
756 933 858 1020 λόγον
875 950 947 1015 ταῖς
968 959 1081 1024 πατρι-

1 1117 2 1120 Ὶ
113 1049 187 1115 καίς
211 1032 454 1123 ὑπουργοῦντα
480 1035 661 1121 ἐπιταγαῖς.
697 1035 757 1109 καί,
776 1035 860 1124 μετά
889 1063 964 1104 τινα
994 1038 1116 1122 λίγειθ

113 1141 234 1207 τούτου
259 1133 383 1207 ύσανεί
406 1139 468 1204 τού
493 1133 619 1224 πατρὸς
641 1133 839 1228 ὑπάρχοντα
862 1136 1009 1225 δύναμιν
1026 1137 1083 1205 καὶ

1 1313 5 1316 ,
77 1267 104 1308 ιο
116 1243 241 1326 σοφίαν
258 1238 315 1307 καὶ
331 1235 373 1306 τά
389 1241 562 1327 δευτερεῖα
579 1243 638 1324 τῆς
655 1237 739 1307 κατὰ
757 1237 895 1307 πάντων
912 1245 1082 1327 βασιλείας

113 1340 169 1408 καί
193 1337 296 1429 ἀρχῆς
320 1338 633 1428 ἐμπεπιστευμένον.
674 1339 733 1407 καὶ
759 1331 860 1420 αὖθις
884 1337 955 1428 μετ’
982 1337 1082 1427 όλίγα
1124 1339 1125 1344 ’

113 1441 169 1509 καὶ
192 1439 243 1509 ὅτι
269 1441 360 1511 ἐστὶν
384 1437 486 1510 ούσία
508 1465 558 1520 τις
580 1439 784 1531 προκόσμιος
806 1445 894 1524 ζύσα
917 1441 974 1510 καὶ
999 1439 1081 1530 ύφε-

114 1546 228 1611 στύσα
250 1539 271 1630 ἡ
295 1547 342 1633 τῷ
368 1541 469 1632 πατρί
487 1542 544 1610 καλ
560 1545 634 1635 θεῷ
650 1547 721 1611 τόν
744 1541 834 1612 ὅλων
857 1548 906 1623 είς
921 1540 995 1630 ,τὴν
1012 1547 1082 1610 τόν

113 1649 264 1730 γενητύν
288 1649 511 1734 δημιουργίαν
534 1639 826 1733 ύπηρετησαμίνη,
853 1645 909 1712 καί
932 1641 949 1713 ὁ
976 1651 1082 1713 Σολο-

75 1770 100 1812 ιε
113 1749 187 1834 μύν
211 1745 301 1831 λέγει
323 1743 492 1845 προσύπφ
516 1749 576 1832 τῆς
600 1749 662 1814 τού
690 1752 778 1815 θεοῦ
802 1747 923 1834 σοφίας
944 1743 1083 1834 “κύριος

114 1847 226 1915 ἔκτισε(
245 1871 286 1935 με
310 1842 419 1935 ἀρχὴν
442 1841 535 1914 ὁδύν
559 1842 688 1915 αύτού”
715 1847 771 1915 καλ
791 1849 875 1935 ἑξῆς.
919 1847 976 1915 καὶ
1000 1843 1081 1934 μεθ’

115 1949 210 2036 ἕτερα
236 1953 377 2016 πλείονα
410 1945 531 2034 φάσκει
560 1945 638 2016 “nal
662 1948 718 2016 ἐπὶ
747 1954 828 2017 πᾶσι
855 1947 1002 2035 τούτοις,
1027 1942 1083 2016 οἷα

113 2054 200 2118 θεού
225 2047 326 2136 λόγον
353 2046 501 2136 τροόντα
525 2048 582 2117 καλ
608 2045 674 2137 πρδ
692 2047 830 2117 αίτόνων
847 2047 1007 2120 ἁπάντων
1024 2045 1091 2139 ού-’Ἰ

114 2150 291 2239 σιωμένον,
309 2149 371 2240 τὴν
389 2147 572 2237 σεβάσμιον
589 2147 688 2237 τιμὴν
704 2146 795 2238 παρὰ
812 2154 875 2217 τού
892 2147 1018 2238 πατρός
1037 2154 1082 2216 εί-

75 2277 101 2318 εο
115 2250 263 2340 ληφότα,
295 2259 563 2341 προσκυνεῖσθαι
593 2249 638 2330 ύς
669 2247 713 2319 άν
734 2246 848 2320 θεόν.”
889 2253 995 2318 ταῦτα
1025 2249 1082 2317 καὶ

113 2355 211 2441 ἕτερα
244 2367 329 2434 τοῖς
349 2349 572 2441 άρειανίζουσι
595 2350 740 2440 δόγμασι
765 2348 981 2421 δεικνύουσιν
998 2347 1116 2438 ὁμό-Ι)

1 2542 5 2547 ,
112 2479 225 2544 φροντι
247 2453 308 2522 τδν
327 2449 513 2541 Εύσὲβιον,
538 2457 569 2522 εί
590 2452 637 2543 μή
660 2480 708 2536 τις
732 2459 816 2541 φαίη
838 2449 904 2543 πρό
922 2455 982 2539 τῆς
1007 2453 1076 2520 ἐπι-

113 2560 264 2645 στροφῆς
287 2551 381 2647 αύτῷ
407 2559 598 2644 κινηθῆναι
618 2553 750 2624 τούτων
773 2553 838 2644 την
864 2549 1078 2644 συγγραφήν.

113 2655 252 2746 εὕρηται
275 2655 341 2746 γάρ
367 2659 473 2749 ἐντῷ
500 2663 671 2750 πρακτικῷ
693 2663 752 2745 τῆς
776 2657 909 2746 πραότης
927 2655 1078 2726 συνόδου

72 2783 99 2824 οι
113 2755 320 2847 ὑπερμαχῶν
343 2759 404 2827 τού
430 2754 541 2846 όρθού
565 2758 738 2847 δόγματος.
778 2756 799 2846 ἡ
822 2757 887 2846 μὲν
911 2749 976 2826 ούν
999 2755 1079 2842 ἁγία

115 2858 266 2940 σύνοδος·
283 2857 320 2930 τό
345 2855 526 2946 ὁμοαύσιον
549 2859 606 2928 καὶ
633 2863 810 2927 συναΐδιον
833 2857 888 2926 ἐπὶ
911 2861 973 2924 τού
998 2861 1080 2924 υίού

114 2965 347 3049 δογματίσασα
369 2959 426 3028 καὶ
448 2957 486 3028 τό
510 2968 610 3028 θεῖον
633 2957 755 3028 αύτίκα
772 2964 832 3046 τῆς
850 2963 997 3036 πίστεως
1011 2957 1082 3036 ἐξέ-

1 3102 2 3105 *
114 3061 385 3151 θετο-σύμβολον
399 3060 476 3151 περί
493 3064 555 3130 τού
572 3057 697 3149 πατρός
715 3059 772 3128 καὶ
788 3064 851 3129 τού
868 3063 949 3127 υίού
966 3065 1083 3126 θεολο·

112 3209 319 3222 *ιι-ιιι-

184 3285 272 3360 2τήν
289 3283 395 3360 ἀρχὴν]
415 3293 488 3342 Ηὶει.
511 3292 580 3344 ecel.
599 3293 623 3356 1,
642 3293 666 3355 θ,
685 3307 712 3358 p.
731 3293 756 3356 ὁ,
775 3293 808 3343 20
825 3291 868 3348 εδ,
887 3287 1022 3354 Reading.
1041 3353 1044 3358 Ι

184 3361 201 3410 8
218 3355 291 3424 μετά
303 3357 379 3426 τινα]
400 3360 441 3412 lb.
462 3377 489 3426 p.
507 3361 530 3418 6,
550 3363 591 3412 33.

169 3431 200 3478 11
218 3421 279 3494 μετ’
300 3419 397 3495 όλίγα]
417 3429 458 3478 Ib.
478 3444 504 3493 p.
526 3430 549 3488 7,
569 3429 609 3478 12.

168 3497 201 3546 17
219 3489 338 3560 φάσκει]
355 3494 395 3545 lb.
416 3511 442 3560 p.
461 3497 502 3558 14,
523 3497 562 3557 19,
581 3495 628 3545 ubi
646 3487 835 3563 ὑπειληφότα.
