2510 3834
191 175 233 239 A
461 159 884 227 γΜαιαοεεπιε,

192 336 303 388 πουσα
320 311 378 385 τόν
390 310 577 436 Ἀγρίππαν
596 316 631 384 ἐκ
644 315 944 403 τοῦ-στρατοπέδου
958 331 1167 404 μεταχαχείν·’
1251 371 1252 374 ¹

92 425 241 499 ΡΙεισείς
258 416 320 506 τὴν
344 421 455 486 οίκίαν
480 405 564 486 ἐν
541 443 563 505 η
581 441 645 505 προ
663 419 723 488 τοά
745 407 930 542 δεθηναι
910 445 961 505 ην.
998 415 1098 499 Γάιος
1119 419 1156 488 δε

195 527 242 600 είς
255 515 383 607 Ῥόμην
400 515 459 588 τὸν
476 520 535 588 τοῦ
558 523 714 606 Τιβερίου
731 516 857 642 νεκρὸν
870 515 1006 606 ἀγαγών
1024 521 1081 588 καί
1092 518 1156 588 θά-

71 682 72 685 ,
192 637 258 704 φας
281 622 487 707 πολυτελῶς,
512 613 632 688 αὐτίκα
655 623 755 688 λῦσαι
771 617 830 690 τόν
849 617 1036 708 Ἀγρίππαν
1059 618 1157 708 έβοά-
1250 693 1252 702 ,

193 732 281 794 λετο·
306 718 327 809 A
346 717 380 791 δ’
396 719 557 792 Ἀντωνία
575 717 781 806 κεκώλυκεν,
807 748 848 790 ου
838 716 955 810 ’μίσει
972 725 1032 791 τοῦ
1033 730 1155 816 λυθη-
1169 749 1183 791 5

193 825 355 912 σομέυου,
372 848 480 914 φροντ
483 828 531 891 ίδι
483 823 591 890 ίδέ
605 849 643 910 χε
660 827 719 892 τοῦ
737 819 946 910 λόσοντος,-”
932 851 988 892 ινα
1008 819 1051 912 μη
1073 827 1156 914 δοκῇ

192 928 235 1012 τῇ
252 922 448 1018 μεταστάσει
470 929 529 994 τοῦ
554 918 795 1014 αὐτοκράτορος
819 921 1022 1014 ἐφηδόμενος
1042 927 1077 993 ἐκ
1096 928 1157 995 τοῦ

194 1023 292 1098 λῦσαι
308 1025 368 1096 τόν
386 1027 518 1097 ἐκείνου
542 1027 679 1114 δέσμιον
702 1022 848 1114 τάχιστα.
883 1018 1019 1146 ’ἡμερῶν
1041 1025 1138 1114 δέμε
1139 1069 1157 1079 -

193 1133 297 1217 τρέων
327 1129 571 1217 παρελθουσῶν
599 1127 845 1251 μεταπέμπεται
873 1123 931 1196 τόν
956 1125 1157 1256 Ἀγρίππαν,

193 1235 297 1318 κείρει
314 1255 350 1297 τε
367 1225 403 1298 τό
421 1226 573 1316 περιττόν
589 1231 647 1316 τῆς
664 1227 773 1317 τριχός
791 1229 845 1297 καὶ
858 1231 1154 1338 μεταμφιέννυσιν,
1170 1257 1197 1300 ιο

194 1328 264 1398 εἶτα
281 1326 389 1398 καὶ
356 1357 392 1399 το
411 1327 557 1418 διάδημα
574 1335 765 1416 περιτίθησι
788 1330 845 1398 καὶ
863 1306 1058 1416 βασιλέα
1018 1357 1077 1418 της
1096 1339 1157 1400 Φι-

193 1435 319 1502 λίππου
335 1438 529 1522 τετραρχίας
553 1436 749 1518 καθίστησι,
774 1433 1003 1520 προσθέμενος
1021 1431 1129 1522 καὶ
1094 1452 1157 1518 την

112 1539 114 1544 ’
192 1539 366 1603 Λυσανίου
383 1537 582 1625 τετραρχίαν
601 1537 648 1612 είς
672 1527 829 1621 αὔξησιν,
854 1533 909 1602 καὶ
933 1529 1058 1622 χρύσεα
1076 1541 1158 1658 χαλ-

158 1638 295 1704 Βκείων
318 1628 487 1720 ἀλλάττει,
512 1629 647 1702 ἀντὶ
605 1659 663 1720 της
681 1637 822 1758 σιδηρᾶς
844 1631 994 1714 άλόσεως
1016 1631 1095 1722 μεθ’
1116 1663 1157 1722 ης

193 1735 324 1816 ἐδέδετο
342 1737 471 1823 χρυσῆν,
489 1730 668 1824 ἰσόρροπον
685 1733 777 1828 αὐτην
793 1732 1052 1825 παρασχόμενος.
1155 1763 1182 1804 15

141 1845 142 1848 ’
274 1841 328 1928 Τῷ
354 1833 392 1904 δὲ
416 1837 561 1928 δευτέρῳ
593 1838 733 1929 ἐνιαυτφ
757 1839 815 1922 τῆς
840 1841 1026 1954 μοναρχίας
1049 1843 1155 1906 Γαΐου

191 1933 314 2023 ἠξίου’
311 1941 490 2026 Αγρίππας
509 1907 739 2026 έκχαρηθηνάι
762 1933 850 2030 αότφ
840 1934 1057 2025 ἀφικέσθαι
1072 1933 1156 2027 πρός

191 2033 232 2105 τά
249 2065 267 2106 ο
270 2043 367 2126 ίκεῖα,
386 2039 442 2107 καὶ
460 2027 561 2120 αὖθις
580 2039 781 2109 ἐπανελθεῖν
799 2011 1006 2126 κατετίθετο,
1024 2045 1156 2108 οίκονο·
1250 2047 1252 2050 ’

191 2136 380 2228 μησάμενος
399 2146 445 2221 είς
464 2140 543 2210 δέον
554 2130 594 2210 τά
606 2146 665 2228 τῆς
678 2136 794 2231 ἀρχῆς·
814 2142 869 2210 καὶ
883 2136 1036 2220 ἐνδόντος
1048 2145 1156 2209 Γαίου

84 2236 124 2281 ·’
193 2239 397 2321 ἐξέπλευσεν.
435 2235 616 2330 ΗρεοδιόιςΑ
624 2235 834 2328 δδὴοιύτου
861 2236 991 2328 ἀδελφὴ
1016 2237 1197 2329 έφθόυειεο

192 2344 250 2428 τῆς
269 2339 453 2428 εὐπραγίας
477 2344 524 2433 τῷ
541 2337 699 2433 ἀδελφῷ,
726 2343 782 2411 καὶ
799 2339 939 2430 μάλιστα
956 2339 1056 2412 ὁπότε
1073 2340 1157 2430 μετὰ

191 2445 260 2508 τῶν
277 2443 336 2527 τῆς
355 2447 525 2526 βασιλείας
543 2439 751 2533 παρασήμων
765 2441 854 2534 ἕοόρα
871 2439 974 2514 αὐτὸν
986 2459 1056 2524 τοῖς
1074 2440 1155 2532 πλή-

191 2552 272 2610 θεσι
288 2547 543 2631 χρηματίζοντα,
568 2545 736 2633 έξηρέθιζέ
749 2571 786 2614 τε
800 2543 863 2615 τόν
879 2541 989 2636 ἀνδρα
1006 2545 1061 2614 ἐπὶ
1078 2539 1156 2614 Ῥαέ-

191 2669 254 2730 μης
271 2648 370 2712 πλεῖν
387 2645 443 2712 καὶ
463 2652 539 2732 ἴσην
562 2641 669 2736 ἀρχὴν
691 2644 965 2735 μνηστεύσασθαι
987 2648 1109 2739 ἑαυτῷ·
1137 2639 1155 2714 δ

195 2743 232 2811 δέ
257 2740 433 2831 ἡσυχάζειν
462 2743 629 2832 ἐβούλετο.
677 2749 734 2817 καὶ
753 2745 783 2836 A
812 2745 898 2836 γυνὴ
929 2745 1156 2837 σφοδρότερον
1169 2775 1199 2818 2⁵

190 2837 335 2933 ἠνώχλει
358 2841 495 2936 τάνδρί,
529 2845 638 2918 πάντα
663 2845 826 2939 πράσσειν
846 2850 910 2918 -έπὶ
933 2851 976 2939 τῇ
1004 2853 1156 2939 βασιλεία

158 2961 179 3012 O
192 2942 388 3035 κελεύουσα,
406 2949 462 3016 καὶ
478 2945 541 3018 οὐκ
553 2944 677 3037 ἀνῆκεν
696 2952 758 3031 ἕως
774 2951 831 3020 καί
844 2946 968 3022 ἀκουτα
980 2948 1040 3022 τὸν
1050 2947 1156 3039 Ἡρά·
1249 2975 1252 2986 ’

192 3050 256 3134 δην
274 3049 375 3137 ἑαυτῇ
393 3055 576 3138 πεποίηκεν
592 3045 819 3140 ὁμονυεόμονα.
855 3047 997 3139 ἀνήγετο
1014 3039 1076 3122 οὖν
1089 3047 1156 3120 σόν

190 3153 232 3236 τῇ
249 3151 384 3236 γυναικὶ
409 3151 462 3220 ἐπὶ
484 3144 616 3241 Ῥοόμης.
642 3147 831 3240 Ἀγρίππας
856 3152 894 3222 δέ
910 3156 968 3222 καὶ
989 3147 1089 3232 αὐτὸς
1107 3157 1156 3232 είς

189 3245 253 3336 την
271 3245 399 3339 Ῥώμην
416 3249 695 3342 παρεσκευάζετο,
719 3252 917 3342 προύπεμψε
936 3254 972 3324 δὲ
989 3255 1058 3323 τάν
1074 3247 1200 3324 ἀπε-ευ

191 3440 364 3534 ἐπιστολὰς
387 3451 469 3523 κατά
494 3461 552 3523 τοῦ
575 3452 738 3545 Ἡρώδου.
781 3458 837 3527 καὶ
860 3453 1156 3546 καταλαμβάνουσι
