2510 3834
23 54 47 135 Ψ
213 129 253 193 18
550 129 621 182 LIB.
633 129 681 182 VI.
701 127 778 184 OAP.
790 129 838 184 VI.

206 266 359 359 Ἡρώδου
377 265 489 360 ἀρχῆς.
527 267 618 338 καὶὸ
637 265 790 360 Ἡρώδης
815 268 991 358 ἐξέπεμψε,
1015 269 1061 359 μὴ
1078 269 1172 358 γινώ-
1210 254 1217 264 ”

212 394 304 442 σκων
326 368 389 460 ὅ,τι
412 372 503 440 ἐστὶν
526 365 613 460 αῦτῄ
634 369 670 440 τὸ
694 367 916 460 βουλόμενον·
947 369 1025 458 ἡδὶ
1043 373 1173 443 ἐκεῖθεν

210 469 295 564 πρὸς
315 468 475 562 Ἀραβίαν
497 470 579 563 πρὸς
595 469 655 541 τὸν
678 473 805 562 πατέρα
828 468 1012 563 ἐξώρμησε,
1035 473 1173 562 καλιὴν

109 571 360 664 ΡΙετΙἩρώδου
379 580 525 663 διηγιίτο
543 570 683 662 γνώμην
695 575 772 664 περὶ
785 570 903 662 αὐτήν.
935 569 1088 656 κάκεῖνος
1101 581 1173 664 ἔσχε

13 687 14 692 ’
211 678 309 746 τοῦτο
327 683 451 766 ἔχθρας
468 671 650 746 ὑπόθεσιν·
669 676 726 745 καί
739 673 826 764 μοίγη
840 677 942 764 μέσον
955 671 1082 765 ἀμφοῖν
1096 697 1197 765 συγ-ι

212 774 389 866 κεκρότητο
406 773 463 846 διά
477 780 684 866 στρατηγῶν,
703 779 758 846 καὶ
772 781 806 846 οί
817 771 969 866 Ἡρώδου
983 775 1174 867 ἡττήθησαν

212 880 269 948 καί
286 875 377 950 ἅπαν
393 875 430 950 τό
449 881 581 948 ἐκείνου
599 876 786 967 στράτευμα
803 880 964 949 πέπτωκε.
996 883 1101 949 ταῦτα
1121 876 1175 949 διὰ

211 985 344 1072 γραφῆς
368 977 518 1068 Ἡρώδης
540 977 660 1069 μηνύει
683 983 729 1073 τῷ
759 985 917 1073 Τιβερίῳ·
947 973 967 1049 ὁ
993 979 1031 1048 δέ
1053 977 1175 1070 γράφει

212 1081 294 1173 πρὸς
314 1077 525 1169 Οὐιτέλλιον,
549 1078 694 1170 πόλεμον
711 1080 792 1171 πρὸς
813 1076 948 1172 Ἀρέταν
971 1079 1175 1169 ποιήσασθαι

211 1184 267 1253 καὶ
285 1176 306 1271 ἢ
324 1183 537 1272 ζωγρηθέντα
563 1183 699 1272 δέσμιον
723 1179 915 1272 ἀναπέμψαι
940 1189 987 1265 είς
1008 1177 1133 1272 Ῥώμην
1152 1175 1213 1270 ἢιο

212 1280 426 1376 ἀνηρημένου
444 1293 571 1356 στείλαι
588 1283 650 1372 τὴν
667 1281 830 1373 κεφαλήν.

295 1387 369 1456 Τισὶ
387 1386 424 1456 δὲ
440 1383 507 1456 ῦπδ
523 1389 610 1456 θεοῦ
622 1384 685 1474 τὴν
697 1383 851 1474 Ἡρώδου
864 1381 1022 1475 στρατιὰν
1036 1382 1174 1454 ὀλέσθαι

213 1485 334 1577 έδόκει,
354 1493 448 1569 δίκας
466 1486 640 1568 τιννῦντος
655 1485 710 1556 διά
729 1485 788 1556 τδν
804 1483 912 1576 φόνον
929 1489 989 1555 τοῦ
1003 1483 1175 1576 προφήτου

213 1591 269 1658 καὶ
286 1593 470 1676 βαπτιστοῦ
484 1585 654 1658 Ἰωάννου.
686 1593 790 1658 ταῦτα
807 1587 870 1676 γὰρ
889 1589 944 1656 καὶ
962 1590 1038 1676 περὶ
1055 1585 1175 1658 τοῦτον

178 1687 298 1760 Βκατά
315 1691 404 1772 λέξιν
426 1687 444 1758 δ
463 1687 620 1777 Ἰώσηπος
644 1695 776 1778 ἔγραψε.
807 1687 952 1760 δ’κτείνει
975 1688 1039 1778 γάρ
1057 1691 1176 1759 τοῦτον
1188 1717 1216 1757 15

207 1786 359 1880 Ἡρώδης
376 1786 507 1878 ἀγαθὸν
519 1786 628 1880 ἄνδρα
640 1792 697 1860 καὶ
710 1787 788 1872 τοῦς
802 1786 986 1872 Ἰουδαίους
999 1787 1177 1862 κελεύοντα

213 1891 337 1980 ἀρετὴν
362 1893 590 1974 ἐπασκοῦντας
609 1893 669 1961 καί
693 1889 733 1962 τοὶ
755 1891 837 1982 πρὸς
861 1887 1025 1981 ἀλλήλους
1050 1897 1178 1962 δικαιο-

213 1991 303 2084 σύνη
324 1993 379 2062 καλ
397 1991 437 2062 τὰ
454 1991 537 2082 πρὸς
559 1992 644 2064 θεὸν
664 1989 819 2087 εὐσεβείᾳ
842 1997 1033 2084 χρωμένους
1058 2001 1179 2082 βαπτι-

214 2098 286 2188 σμςῦ
317 2097 484 2165 συνιέναι·
517 2090 605 2166 οὕτω
631 2094 695 2185 γὰρ
725 2098 780 2166 καὶ
807 2095 869 2184 την
895 2093 1054 2183 βάπτισιν
1085 2091 1176 2163 αῦτη

213 2208 396 2287 φανεῖσθαι
424 2195 621 2286 ἀποδεκτήν.
666 2203 780 2277 δείσας
811 2197 848 2264 δέ
873 2192 1024 2283 Ἡρώδης
1053 2193 1090 2262 τὸ
1122 2197 1177 2264 ἐπὶ
1191 2222 1220 2264 ιο

212 2302 374 2370 τοσοῦτον
390 2297 538 2369 πιθανὸν
556 2296 661 2368 αὐτοῦ
678 2311 746 2377 τοϊς
760 2292 954 2384 ἀνθρώποις
972 2293 1017 2384 μὴ
1032 2296 1087 2383 έπί
1101 2292 1178 2364 στοί-

213 2421 264 2467 σει
280 2399 377 2488 φέροι
394 2405 478 2486 τινί,
496 2395 605 2468 πάντα
617 2396 682 2486 γὰρ
703 2399 829 2466 ἐοίκασι
850 2398 1026 2486 συμβουλῇ
1037 2400 1077 2487 τη
1094 2399 1179 2466 ἐκεί-

213 2525 276 2569 νου
293 2495 490 2589 πράξοντες,
508 2495 595 2568 πολῦ
612 2514 763 2583 κρεῖττον
779 2491 927 2586 ἡγεῖται,
948 2504 1031 2588 πρίν
1048 2526 1078 2566 τι
1095 2495 1180 2568 νεώ·

213 2627 311 2690 τερον
337 2603 370 2682 ἐξ
400 2595 504 2669 αῦτοῦ
528 2601 700 2686 γενέσθαι,
731 2595 911 2688 προλαβών
934 2593 1086 2686 ἀνελεῖν,
1117 2603 1180 2669 τοῦ

214 2703 397 2790 μεταβολῆς
414 2702 595 2790 γενομένης
612 2696 657 2789 μὴ
682 2705 729 2782 είς
747 2697 924 2790 πράγματα
943 2699 1096 2789 ἐμπεσών
1114 2727 1178 2790 με·
1193 2727 1224 2769 25

213 2817 355 2872 τανοείν.
392 2796 482 2871 καὶὸ
500 2801 563 2891 μέν
579 2799 710 2894 ὑποψίᾳ
727 2805 788 2873 τοῦ
806 2800 960 2892 Ἡρώδου
980 2804 1111 2891 δέσμιος
1131 2809 1182 2883 είς

180 2952 183 2958 ·
214 2909 457 2994 Μαχαιροῦντα
486 2905 653 2992 πεμφθεὶς
681 2900 786 2994 ταῦτη
817 2910 1008 2990 κτίννυται,
1039 2919 1108 2984 τοῖς
1142 2903 1182 2972 δὲ

181 3001 385 3086 ΟΊουδαίοις
404 3002 504 3088 δόξαν
523 3007 576 3074 έπὶ
593 3013 734 3098 τιμωρία
751 3009 792 3095 τῇ
808 3009 940 3076 ἐκείνου
957 3003 1017 3074 τὸν
1033 3001 1183 3093 ὄλεθρον

214 3109 275 3178 τοῦ
292 3112 433 3198 στρατοῦ
457 3108 634 3196 γενέσθαι,
659 3110 720 3178 τοῦ
743 3110 829 3177 θεοῦ
852 3109 1000 3176 κακώσαι
1021 3102 1183 3196 Ἡρώδην

214 3203 399 3288 θέλοντος.”
628 3239 630 3243 ’
945 3210 954 3228 “
1198 3235 1230 3278 οο

283 3442 314 3493 16
329 3431 473 3509 Ἰώσηπος]
492 3441 556 3492 Ant.
571 3443 617 3506 18,
629 3442 659 3505 5,·
671 3440 695 3502 ξ.
708 3442 731 3490 2.
761 3439 857 3491 Pauca
869 3437 1008 3494 differunt.
1053 3507 1055 3512 Ι
