2566 3812
212 142 276 208 202
541 143 702 196 L1ss.v111.
722 143 800 199 ολο.
813 145 848 194 x.

214 293 357 372 ἔλαθεν,
375 288 410 354 οί
425 279 458 354 δ’
478 279 574 354 άλλοι
587 284 797 371 γνωσθέντες
814 287 849 355 οί
862 283 924 372 μὲν
942 279 1008 354 ὑπὸ
1025 289 1094 354 τῶν
1104 279 1182 355 Ῥω·

213 393 335 476 μαίων,
354 386 472 475 συχνοὶ
492 386 529 455 δὲ
542 386 599 462 καὶ
614 379 681 455 ὑπό
699 388 768 454 τάν
782 379 1049 474 Ἀκραγαντίνων
1067 383 1181 456 ἐκτάν-

214 500 338 579 θησαν.
376 485 418 558 οὐ
435 488 547 576 μέντοι
566 484 766 576 συγγνώμης
784 491 901 577 ἔτυχον
918 491 954 557 οί
965 482 1182 579 Ἀκραγαντῖ-

146 640 147 644 =
215 619 286 678 νοι,
309 585 394 658 άλλά
417 589 473 658 καλ
496 583 536 659 τά
561 587 710 678 χρήματα
732 591 830 677 σφῶν
848 585 1107 679 θιηρπάσθησαν
1125 591 1181 660 καὶ

216 688 312 762 αὐτοὶ
330 689 528 780 ἐπράθησαν
545 686 697 772 ἅπαντες,
1194 720 1209 761 ε

182 815 204 865 Β
293 793 361 863 Καὶ
384 795 420 863 οί
440 792 502 880 μὲν
522 787 644 863 ὕπατοι
667 790 749 881 πρὸς
766 787 1033 880 τήνΜεσσήυην
1050 789 1106 862 διά
1123 791 1182 863 τὸν

215 901 361 986 χειμῶνα
383 888 619 983 άνεχάρησαν·
653 887 830 982 ὠργίζοντο
855 888 888 962 δ’
908 897 942 963 οί
958 891 1183 983 Καρχηδόνιοι

216 993 493 1083 κατάἈννωνος,
517 996 573 1064 καὶ
587 991 745 1082 Ἀμίλκαν
762 989 836 1064 ἄντ’
862 989 966 1065 αὐτοῦ
982 993 1042 1066 τόν
1063 1003 1183 1085 Βαρχί-

217 1104 281 1188 θην
310 1093 532 1184 ἀπέστειλαν,
562 1092 671 1184 ἄνδρα
700 1099 769 1166 τοῖν
794 1090 976 1185 ὁμοφύλων
1005 1095 1094 1186 πλὴν
1120 1101 1181 1167 τοῦ

81 1197 82 1206 “
213 1197 370 1288 Ἀννίβου
387 1203 447 1269 τοῦ
464 1200 554 1280 υίίος
573 1199 610 1268 ἐν
627 1202 808 1290 στρατηγίᾳ
826 1203 1007 1288 κρείττονα.
1044 1200 1100 1269 καὶ
1118 1195 1181 1268 αὐ·
1195 1224 1222 1266 ιο

215 1299 270 1384 τὸς
283 1301 345 1390 μὲν
357 1300 419 1388 τήν
434 1305 595 1370 Σικελίαν
613 1296 810 1388 ἐφύλαττεν,
825 1295 984 1388 Ἀννίβαν
1002 1299 1041 1370 δὲ
1057 1327 1182 1388 ναυαρ·

216 1409 340 1494 χοῦυτα
371 1404 404 1482 ἐς
422 1399 566 1473 Ἰταλίαν
595 1406 724 1490 ἔτεμνε
754 1401 795 1471 τά
824 1397 971 1489 παράλια
994 1397 1097 1491 αὐτῆς
1121 1430 1182 1472 κα·
1228 1425 1233 1436 ’

216 1500 464 1594 κουργήσοντα,
494 1508 552 1573 ἵνα
578 1501 656 1584 τούς
679 1497 828 1582 ὑπάτους
851 1500 934 1592 πρός
960 1502 1083 1574 ἑαυτὸν
1110 1507 1182 1574 ἐπι-

217 1603 393 1693 σπάσηται.
441 1599 515 1673 ἀλλ’
546 1599 609 1674 οὐκ
632 1609 728 1693 ἔτυχε
750 1610 810 1674 τοῦ
835 1607 978 1675 σκοποῦ·
1019 1601 1183 1694 καταστή-

217 1729 335 1786 σαντες
348 1704 411 1794 γάρ
426 1708 548 1775 ἐκεῖνον
560 1704 710 1794 φρουράς
721 1703 921 1795 ἑκασταχόθι
934 1711 992 1794 τῆς
1006 1711 1181 1796 παραλίας,
1196 1731 1224 1772 ιε

218 1814 265 1889 είς
279 1813 440 1878 Σικελίαν
453 1797 570 1896 ἦλθον.
597 1803 700 1878 οὐδὲν
714 1807 751 1876 δὲ
764 1805 894 1896 μνήμης
913 1810 1059 1894 ἔπραξαν
1078 1803 1180 1890 άξιου.

184 1904 236 1979 Οὸ
262 1909 300 1978 δὲ
313 1903 470 1998 Ἀμίλκας
493 1906 571 1991 τοὺς
589 1906 741 1990 Γαλάτας
767 1906 844 1990 τούς
861 1906 1109 1998 μισθοφόρους,
1128 1906 1184 1978 ’ὅτι

216 2010 262 2101 μή
280 2012 396 2099 ἐντελῆ
414 2013 562 2081 δέδωκεν
580 2009 694 2092 αὐτοῖς
710 2008 769 2080 τὸν
786 2009 911 2099 μισθὸν
928 2007 1184 2100 ἀγανακτήσαν-

216 2141 293 2202 τας,
317 2113 483 2202 φοβηθελς
500 2109 545 2203 μή
562 2109 825 2202 προσχωρήσασι
841 2126 911 2194 τοῖς
925 2106 1094 2201 Ῥωμαίοις
1113 2111 1183 2180 διέ-

217 2225 356 2307 φθειρε,
381 2216 512 2303 πέμψας
536 2210 661 2296 αὐτοὺς
685 2224 731 2295 είς
747 2241 823 2284 τινα
840 2219 908 2284 τῶν
925 2207 991 2284 ὑπὸ
1004 2208 1182 2300 Ῥωμαίους
1196 2234 1224 2277 ιο

217 2313 317 2387 πόλιν
333 2316 633 2406 παραληψομένους
650 2311 758 2404 αὐτήν
775 2309 820 2396 ὥς
837 2312 920 2405 τάχα
937 2314 1184 2405 προόιθομένην

216 2418 275 2487 καὶ
306 2413 488 2505 διαρπάσαι
518 2412 624 2505 αὐτὴν
654 2416 848 2506 ἐπιτρίψας,
879 2422 1011 2499 στείλας
1040 2415 1078 2486 δὲ
1100 2413 1184 2507 πρὸς

221 2514 294 2598 τούς
324 2511 472 2599 ὑπάτους
503 2516 797 2606 ψευδαυτομόλους
833 2516 895 2607 τήν
922 2520 992 2589 τάν
1022 2520 1185 2589 Γαλατῶν

217 2613 473 2708 προμηνύοντας
490 2626 635 2690 ἔλενσιν·
668 2614 753 2691 ὅθεν
770 2624 805 2689 οί
819 2617 966 2691 Γαλάται
982 2619 1045 2710 μὲν
1062 2617 1184 2700 πάντες

218 2720 474 2807 ἐνεδρευθέντες
498 2718 716 2812 ἐφθάρησαν,
740 2722 857 2793 πολλοὶ
882 2721 921 2792 δὲ
941 2723 998 2792 καλ
1020 2723 1088 2792 τάν
1107 2715 1184 2790 Ῥω·
1197 2741 1225 2782 ¹⁵

217 2828 328 2911 μαίων
345 2816 529 2894 άπίθανον.

290 2920 526 2995 Ἀπελθόντων
549 2923 586 2994 θλ
603 2926 672 2994 ταῖν
689 2918 830 2994 ὑπάτων
853 2929 968 2996 οίκαθε
990 2918 1008 2994 ὁ
1030 2918 1185 3012 Ἀμίλκας

116 3027 279 3096 ΨΙΙσοκαλ
291 3025 354 3114 τήν
365 3023 511 3097 Ἰταλίαν
529 3023 666 3116 ἐπόρθει
683 3028 882 3117 προσπλέων
898 3027 955 3096 καὶ
973 3028 1010 3096 ἐν
1027 3030 1068 3116 τῇ
1086 3035 1185 3096 Σικε·

219 3133 276 3218 λίηι
293 3124 405 3208 πόλεις
421 3125 515 3208 τινάς
532 3121 733 3217 ὑπηγάγετο.
769 3125 958 3218 πυθόμενοι
975 3127 1014 3198 δὲ
1030 3133 1135 3197 ταῦτα
1152 3129 1188 3196 οί

85 3252 93 3258 ·
215 3221 368 3315 Ῥωμαῖοι
377 3226 537 3300 ναυτικὸν
545 3226 804 3319 συνεστήσαντο,
813 3223 1185 3323 καὶΓάωναάτῷΔουί-
1198 3243 1225 3286 ⁸⁰

186 3339 212 3389 D
222 3336 295 3397 λιου
308 3326 488 3419 τὸνὲτερον
500 3335 569 3400 τῶν
579 3323 720 3402 ὑπάτων
733 3333 929 3422 ἐπέστησαν,
942 3329 1002 3402 τὸν
1015 3330 1053 3401 δὲ
1063 3326 1186 3400 τούτου

219 3425 430 3518 συνάρχοντα
448 3429 638 3520 Κορνήλιον
656 3429 760 3504 Γάιον
778 3439 825 3516 είς
839 3439 1000 3505 Σικελίαν
1019 3437 1185 3522 ἔπεμψαν.
