2566 3812
336 207 407 260 ωε.
420 207 496 262 vm.
516 181 597 262 om
605 209 705 265 xx1v.
723 211 808 262 xxv.
993 209 1056 276 243

93 347 153 440 γάρ
170 350 309 428 πλείους
330 345 439 416 καὶ
404 375 467 435 την
489 349 558 418 τοόυ
573 354 752 437 Λατίνων,
776 346 893 419 καλ’
849 377 981 442 νυκτωρ
1000 355 1055 422 καί

92 445 168 542 μεθ’
185 445 316 539 ἡμέραν
338 446 445 518 πολλά
464 446 639 522 ἐπεσκόπει
661 446 766 538 ἥκουέ
789 477 825 519 τε
848 459 987 522 πλείστα
1011 451 1153 536 άςΡΙεικ

91 549 149 624 οόιι
163 545 320 638 Ἀννίβας
338 555 399 619 καί
411 577 487 619 τινα
505 547 549 632 ὥς
567 548 679 670 ἕτερός
696 579 745 634 τις
764 554 960 684 ἐφθέγγετο

160 650 216 724 Ἐν
232 641 347 744 μέν
308 677 373 720 ουκ
388 655 428 742 τῇ
442 649 562 745 Ἰταλίᾳ
575 655 679 723 ταυτα
693 649 870 740 ἐγίνετο,
854 681 872 724 ο
892 653 960 724 δ’“
940 683 1049 748 ετερος
1061 673 1103 739 25

68 750 277 825 ιΣκιπίων
261 781 280 822 ο
298 749 399 834 Γάιος
425 759 473 834 είς
496 751 558 842 τὴν
573 749 680 845 Ἰβηρί
679 781 722 827 αν
744 757 972 846 παρέπλευσε,
998 753 1055 830 καί

94 884 135 924 τα
123 851 407 942 παραθαλάσσια
421 851 524 943 αὐτῆς
541 859 637 946 μέχρι
653 884 714 926 του
703 851 854 948 ’Ἴβηρος
872 854 980 929 πάντα
998 865 1054 932 καὶ

93 960 161 1027 τῶν
182 950 252 1026 άνω
275 947 384 1045 συχνά
406 953 447 1026 τά
463 956 503 1046 μδ
504 985 525 1026 ν
550 963 628 1049 βία,
653 953 693 1026 τά
717 954 748 1025 δ’
776 957 895 1029 ἑκόντα
919 969 1054 1051 προσεί-

90 1067 191 1148 ληφε,
210 1053 318 1127 καὶ
283 1085 342 1127 του
364 1054 525 1128 Βάυνωνα
541 1055 630 1150 μάχη
647 1054 787 1146 νικήσας
797 1056 1050 1184 ἐζώγρησεν.τ
1036 1093 1053 1133 ο

91 1160 127 1229 δέ
148 1162 209 1230 τοῦ
224 1156 303 1230 Ἀνν
305 1155 422 1246 lssov‘
407 1187 472 1249 ομα
475 1167 561 1249 ίμων
576 1155 782 1251 Ἀσδρούβας
804 1161 927 1249 μαθων
949 1169 1054 1234 ταῦτα

52 1289 77 1329 ω
89 1262 181 1350 διέβη
195 1257 255 1330 τὸν
263 1257 399 1350 Ἴβηρα,
417 1263 473 1331 καὶ
490 1265 560 1331 τοῖν
571 1259 806 1350 μεταστάντων
819 1261 912 1346 τινάς
924 1259 1053 1354 ὑπηγά-

86 1381 175 1451 γετο·
189 1389 252 1432 του
237 1361 504 1444 δέΣκιπίωυος
520 1358 1052 1488 ἐπελθόντοςαάτῷάνεχοόρησεν.
1165 1373 1167 1379 ’
1230 1373 1233 1380 '

165 1457 261 1536 οίδ’
281 1463 377 1534 ἐν
335 1491 376 1554 τη
389 1461 496 1556 Ροόμη
515 1463 575 1536 τδν
594 1473 781 1554 Φλαμίνιον
806 1464 913 1535 καὶ
879 1493 938 1538 τον
954 1469 1052 1558 Γέμι-
1062 1493 1084 1544 Β

85 1593 147 1636 νον
169 1558 319 1647 ὑπάτους
342 1555 442 1647 αὖθις
468 1569 606 1636 εἵλοντο.
651 1563 808 1655 Ἀννίβας
836 1563 917 1636 δ”
895 1597 969 1659 αρτι
992 1575 1053 1640 τοῦ

85 1673 182 1758 ἐαρος
219 1663 411 1749 ἐπιστάντος
454 1664 499 1749 ὡς
534 1672 620 1756 ἐγυω
654 1667 714 1738 τόν
749 1675 936 1759 Φλαμίνιον
971 1671 1054 1761 μετά

48 1795 72 1836 ιε
85 1772 289 1860 Σερουιλίου
311 1773 460 1858 Γεμίνου
484 1770 570 1860 χειρί
599 1775 706 1860 πολλῇ
733 1767 784 1839 ἐπ’
811 1766 916 1841 αὐτόν
947 1769 1052 1864 ἰόντα,

84 1865 170 1962 πρός
188 1865 355 1959 ἐξαπάτην
372 1865 485 1940 αὐτῶν
510 1867 650 1963 ἐτράπη,
675 1872 731 1941 καλ
754 1869 975 1962 πλαττόμενος
1001 1878 1052 1945 ἐυ-

85 1977 276 2060 διατρίψειυ
294 1973 364 2042 ἐκεί
385 1971 439 2041 καί
458 1968 567 2060 μάχην
585 1968 768 2060 συνάψειν,
795 1975 867 2051 ἐπεὶ
891 1981 1052 2062 νομίσαν-

82 2098 140 2154 τες
158 2067 262 2143 αὐτόν
274 2077 310 2144 oc
320 2071 474 2162 Ῥωμαῖοι
487 2070 570 2142 κατά
583 2071 696 2165 χάραν
709 2073 824 2162 μένειν
836 2071 966 2162 άμελιός
984 2079 1053 2146 των

81 2171 176 2244 ὁδῶν
193 2181 308 2264 ἐσχου,
329 2176 384 2245 ἐπὶ
400 2179 460 2245 τοῦ
478 2178 705 2266 στρατοπέδου
722 2171 801 2254 τοδς
819 2177 939 2256 λππέας
957 2177 1053 2245 κατί-

45 2284 199 2365 ωλιπεν,
231 2271 333 2358 αὐτὸς
360 2273 391 2346 δ’
419 2273 485 2347 ὑπὸ
509 2274 613 2347 νύκτα
636 2271 719 2367 άρας
742 2274 783 2344 τά
807 2301 844 2344 τε
867 2273 1052 2367 στενόπορα

81 2374 162 2466 μεθ’
192 2371 332 2467 ἡσυχίας
358 2380 480 2466 διῆλθε
510 2381 566 2447 καὶ
590 2373 674 2467 πρός
699 2374 853 2467 Ἀρήτιον
880 2375 1050 2468 ἠπείγετο·

80 2481 190 2548 καλοί
201 2483 314 2560 ίππείς
328 2479 382 2568 δέ,
402 2481 472 2550 ἐπεὶ
486 2477 572 2549 πολδ
587 2482 776 2569 προῆλθεν,
795 2475 947 2571 ἀπῄεσαν
960 2477 1053 2576 αὐτῷ

64 2577 295 2670 ἐφεπόμενοι.
331 2585 373 2655 οί,
383 2578 414 2650 δ’
434 2576 555 2650 ὕπατοι
577 2578 714 2669 γνόντες
737 2577 959 2672 ἠπατημένοι,
986 2586 1051 2654 Γέ-

77 2709 179 2770 μινυς
196 2681 260 2770 μέυ
283 2675 389 2752 αότοό
404 2679 562 2772 ὑπέμεινε
584 2679 661 2765 τούς
684 2679 716 2752 τ’
737 2677 965 2774 ἀφεστηκότας
990 2707 1085 2758 not-c
1175 2759 1180 2770 ,

38 2810 64 2853 ιε
78 2779 205 2853 κοόσωυ
217 2783 274 2853 καί
286 2781 449 2854 κωλύσων
464 2785 680 2873 ἐπικουρῆσαι
689 2787 946 2912 Καρχηδονίοις,
958 2795 1045 2857 Φλα·
1031 2808 1154 2866 ·W11'15

76 2889 191 2972 μίνιος
211 2881 308 2954 δὲ’
265 2913 366 2974 μονος
385 2887 439 2956 ἐδί
425 2893 542 2974 ίωκευ,
569 2883 614 2955 ἵν’
636 2882 739 2956 αὐτοῦ
762 2883 875 3012 μόνον
891 2885 928 2956 τδ
953 2891 1052 2975 ἔργον

74 2989 139 3075 τῆς
157 2991 271 3075 νίκης,
296 2984 386 3068 δς”
360 3015 458 3082 ωετο,
481 2987 625 3076 γίνηται.
662 2986 773 3056 καὶ
739 3015 776 3057 το
796 2984 949 3079 Ἀρήτιου
972 3012 1057 3077 προ·

1 3116 2 3119 ’
73 3086 325 3176 κατέλαβεν’
309 3117 327 3160 ο
340 3117 404 3180 γαρ
416 3083 564 3178 Ἀννίβας
578 3088 833 3180 συντομωτέραν
846 3085 1052 3179 τραπόμενος

1 3264 2 3271 ,
73 3185 243 3272 δυσόδοις
262 3190 414 3281 ἐνέτυχε,
432 3193 487 3260 καὶ
501 3187 704 3282 ἀνθρώπους
719 3185 862 3280 συχνοδς
876 3191 931 3259 καί
946 3190 1051 3262 πολλά
1155 3277 1170 3292 κ

28 3317 56 3360 εο
72 3285 246 3380 ὑποζύγια
269 3287 384 3362 καὶ
349 3320 409 3364 τον
433 3294 546 3383 ἕτερον
569 3297 637 3363 τάν
660 3286 826 3382 όφθαλμι
828 3320 849 3362 ν
873 3289 918 3362 άπ
921 3293 1051 3395 ἔβαλεν.

151 3457 212 3525 Gap
213 3460 272 3510 ..25
291 3457 896 3524 DionisHistoriaeRomanaelibriperditi:
913 3428 1053 3524 ίεεςωεο

68 3529 138 3578 tum
151 3527 195 3592 67,
193 3476 237 3580 p&

832 3605 898 3674 16*
