2586 3800
193 133 234 196 22
522 133 656 184 LIB.X1.
675 129 753 184 σοι).
766 132 827 184 vn.

193 280 251 360 τῆς
270 272 467 360 οἰκουμένης
485 268 674 358 ἀπέστειλε,
696 281 961 358 προσκυνεῖσθαι
979 271 1081 339 ταῦτα
1099 296 1160 338 κε-

195 371 326 456 λεύσας.
374 369 433 443 τδν
457 370 490 442 δ’
520 375 557 444 έν
576 366 814 462 Ἱεροσολύμοις
843 369 927 442 ναὸν
956 375 1003 452 είς
1035 363 1161 442 οἰκεῖον
1185 405 1188 408 ·

196 472 287 565 ιερόν
311 472 602 564 μεθηρμόζετο,”
586 501 643 544 ινα
665 470 749 555 Διὸς
773 475 957 592 ἐπιφανοῦς
980 471 1059 542 νέον
1082 501 1160 563 χρη-

195 582 310 666 ματίζη
329 583 452 665 Γαΐου,
472 582 503 646 εί
491 571 603 645 ί“καὶ
589 603 606 643 ο
622 572 780 662 Ἰύσηπος
793 577 891 644 τούτο
904 571 1162 662 παρεσιύπησεν

92 677 441 802 ΡΙοοεάρχαιολογῶν.
472 671 557 748 οθεν
575 669 668 754 καί
649 703 670 764 η
695 681 763 746 τῶν
776 672 992 746 Ἰουδαίιον’
974 681 1188 745 αποστασίασ

196 787 315 869 ἔσχηκε
332 778 393 866 τὴν
411 775 527 903 ἀρχην.
573 779 679 866 ῖερέας
703 805 739 846 τε
761 775 948 857 πολλούς
931 779 1041 871 εαυτῷ
1063 803 1161 846 κατε-

196 879 355 969 στήσατο,
375 882 431 950 καὶ
448 875 548 959 αὐτός
568 875 603 947 δ’
625 880 735 971 ἑαυτῷ
754 881 875 967 ίεράτο.
917 892 991 958 ταῖς
1009 906 1044 948 τε
1063 885 1161 967 βρον·

194 999 266 1066 ταῖς
291 985 327 1052 ἐκ
350 983 499 1072 μηχανῆς
523 976 745 1071 ἀντεβρόντα,
777 977 1010 1070 ἀντήστραπτέ
1029 1007 1065 1049 τε
1090 994 1162 1060 ταῖς

194 1080 390 1172 ἀστραπαῖς.
432 1084 488 1166 καὶ
512 1079 612 1152 ὁπότε
634 1078 814 1170 κατηνεκτο
838 1079 1017 1168 κεραυνός,
1043 1086 1161 1162 λίθους

194 1181 442 1273 ἀντηκόντιζεν,
468 1185 631 1271 ἐπιλέγων
656 1179 708 1270 ἐφ’
732 1179 857 1275 ἕκάστφ
882 1181 919 1252 τό
943 1185 1003 1252 τού
1017 1177 1160 1273 Ὁμήρου
1176 1211 1202 1248 ιο

173 1281 236 1374 Ὗῆ
254 1281 290 1375 μ’
310 1282 437 1374 ἀνάειρ’
459 1281 480 1372 ἢ
499 1281 563 1372 έγοδ
582 1279 650 1353 σε’.”

268 1383 340 1458 Ἐπὶ
363 1383 501 1472 τούτου,
526 1383 569 1466 ὡς
593 1381 757 1470 Εὐσέβιος
782 1389 924 1472 ἱστορεῖ,
950 1387 1078 1454 ἐκτῶν
1103 1382 1162 1465 τὰς

191 1485 417 1577 Ὀλυμπιάδας
441 1483 710 1573 ἀναγραψάντων
733 1483 959 1568 ἀναλέξασθαι
984 1487 1089 1554 ταῦτα
1108 1486 1160 1554 λέ·

196 1618 283 1678 γιον,
327 1585 501 1667 τοσαύταις
542 1586 718 1676 περιέπεσε
748 1601 937 1676 συμφοραῖς
967 1581 985 1655 ὁ
1017 1583 1164 1667 Πιλάτος

94 1709 216 1762 W11181
225 1687 309 1759 ὥστε
325 1685 581 1778 ἀναγκασθῆναι
597 1689 718 1758 ἑαυτοῦ
735 1687 893 1775 γενέσθαι
912 1683 1084 1776 αὐτόχειρ,
1101 1691 1160 1776 της
1177 1715 1204 1754 15

195 1797 293 1872 θείας
309 1796 406 1877 δίκης
423 1787 649 1879 μετελθούσης
667 1785 782 1859 αὐτόν.

161 1913 184 1962 Β
269 1889 326 1974 Ὡς
349 1882 413 1961 οὐν
438 1888 546 1962 πάντα
570 1889 694 1980 τρόπον
719 1892 924 1980 ἐξεμαίνετο,
954 1885 1162 1978 ἀπαριθμεῖν

197 1991 261 2084 γάρ
274 1992 311 2063 τδ
325 1988 407 2064 καθ’
423 1995 562 2063 ἕκαστον
570 1995 693 2078 πολλῆς
706 1985 749 2060 ἀν
763 2001 815 2079 είή
830 1993 946 2080 λέσχης
960 1992 1016 2060 καὶ
1030 1988 1164 2078 ἀηδίας,

197 2093 448 2182 ἐπεβούλευσαν
466 2090 556 2186 αὐτῷ
575 2090 721 2173 Κάσσιός
739 2119 775 2161 τε
792 2094 937 2184 Χαιρέας
954 2094 1010 2184 καὶ
1029 2089 1161 2182 Κορνή-

196 2205 267 2277 λιος
295 2205 453 2285 Σαβῖνος.
504 2193 705 2283 συνώμοσαν
734 2195 797 2282 μέν
826 2191 891 2282 γάρ
922 2201 1072 2274 πλείονες
1100 2193 1202 2260 καίεο

197 2296 402 2388 συνῄδεισαν
419 2293 455 2365 τό
474 2293 702 2384 πραττόμενον
716 2298 771 2364 καὶ
784 2300 820 2364 οί
835 2297 912 2386 περί
930 2290 1033 2364 αὐτόν
1049 2290 1159 2374 ὅντες·

197 2400 252 2468 καὶ
270 2395 344 2468 ὅσοι
371 2397 408 2466 δέ
430 2393 471 2466 οὐ
496 2394 710 2485 συνύμοσον,
735 2393 875 2484 γνόντες
898 2390 972 2465 οὐτ’
998 2397 1162 2484 ἐξέφηναν

198 2501 252 2566 καὶ
272 2495 408 2588 ἀσμενοι
428 2497 521 2567 εἶδον
538 2495 643 2568 αὐτὸν
667 2495 978 2586 ἐπιβουλευόμενον.
1022 2501 1164 2583 ἐπεβου-

197 2597 305 2687 λεύθη
325 2600 362 2668 δέ
379 2599 466 2668 θέαν
480 2603 648 2670 ἐπιτελῶν.
681 2596 699 2668 δ
716 2597 779 2688 γάρ
794 2600 936 2686 Χαιρέας
949 2599 1006 2667 καὶ
1022 2595 1041 2667 ὁ
1057 2603 1164 2684 Σαβῖ-

197 2727 255 2780 νος
280 2701 333 2770 ἐπὶ
356 2716 425 2782 τοῖς
448 2703 635 2790 γινομένοις
667 2706 816 2790 αἰσχροῖς
840 2698 1037 2788 ἀλγοῦντες,
1072 2694 1163 2786 ὅμως
1178 2725 1205 2764 ει

198 2804 400 2893 ἐκαρτέρουν
424 2803 478 2871 ἐπὶ
502 2803 601 2872 πέντε
624 2799 756 2891 ἡμέρας.
804 2799 849 2882 ιδς
874 2801 912 2872 δὲ
940 2802 996 2870 καὶ
1021 2795 1120 2878 αὐτὸς
1145 2795 1164 2867 ὁ

197 2901 298 2986 Γάιος
313 2906 368 2974 καὶ
386 2901 597 2994 ὀρχήσασθαι
614 2904 669 2972 καί
688 2907 880 2996 τραγῳδίαν
897 2897 1066 2990 ἠθέλησεν
1079 2897 1162 2994 ὐπο-

164 3023 185 3074 c
199 3011 398 3094 κρίνασθαι,
418 3006 473 3074 καὶ
488 3003 544 3074 διά
556 3010 654 3075 τοῦτο
669 3003 782 3094 ἑτέρας
795 3019 884 3094 τρεῖς
895 2999 1020 3154 ἡμέρας
1038 2997 1163 3092 προήγ-

231 3193 452 3286 2τδνδ’-
469 3231 608 3298 4Γαΐου]
626 3235 728 3287 Euseb.
746 3235 820 3286 Hist.
841 3233 911 3286 εοοΙ.
930 3235 959 3298 2,
974 3235 999 3296 6,
1018 3248 1052 3284 ex
1069 3231 1166 3282 Philo-

198 3299 241 3347 nis
256 3301 353 3365 Legat
367 3302 402 3350 ad
415 3302 515 3352 Gaium
527 3300 581 3352 vol.
593 3303 618 3363 2,
626 3319 662 3378 p.
675 3303 725 3352 696
744 3303 786 3353 ed.
800 3303 930 3367 Mangey
967 3303 998 3351 12
1012 3291 1166 3366 Εὐσέβιος]

199 3365 272 3414 Hist
254 3367 390 3419 ῖ.εοο1εε
409 3371 433 3428 2,
453 3370 476 3420 7.
512 3339 652 3432 24ὁγάρ
672 3366 848 3434 Χαιρέας-
814 3371 898 3422 28
916 3361 1086 3434 προηγγειλε
1105 3366 1166 3432 ple-

199 3431 279 3480 niora
297 3439 361 3484 sunt
379 3449 461 3497 quam
479 3434 508 3481 in
525 3434 624 3484 Dionis
642 3435 793 3488 codicibus.
