2566 3812
135 113 200 178 262
483 116 555 171 τιτι.
568 115 617 172 1x.
636 115 713 170 σεε.
726 115 773 167 1v.

136 263 194 346 τῆς
211 252 388 348 Κερκύρας
412 248 430 327 ὃ
450 262 615 338 Φίλιππος
640 253 685 338 τάς
710 259 743 338 ἐς
766 253 829 344 τήν
842 253 984 328 Ἰταλίαν
1001 265 1104 328 πλευ·

137 355 293 447 σόμευος,
317 354 440 446 μαθάιν
459 357 495 427 δὲ
513 355 572 428 τὸν
591 364 777 430 Λαουίνιον
797 360 830 439 ἐς
849 355 886 428 τὸ
904 359 1105 448 Βρεντέσιον

135 455 202 548 ἤδη
219 455 369 553 παρόντα
393 463 509 530 οἴκαδε
526 454 745 550 άυεκομίσθη.
779 463 840 531 τού
858 465 1043 533 Λαουινίου
1066 459 1105 530 δὲ

136 562 232 651 μίχρι
249 564 307 650 τῆς
324 557 500 652 Κερκύρας
524 558 749 648 πλεύσαντος,
774 566 822 641 είς
844 559 923 642 τούς
940 563 1009 632 τῶν
1028 553 1106 632 Ῥω-

136 669 247 752 μαίων
264 659 457 752 συμμάχους
477 657 627 754 ὥρμησε,
646 663 702 734 καί
721 658 810 741 εἶλεν
819 659 970 754 Ὤρικον,
983 663 1101 734 Ἀπολ-
1117 690 1130 730 ε

138 771 266 836 λωνίαυ
282 761 312 834 τ’
335 761 531 856 ἐπολιόρκει.
564 761 822 854 ἐπιστρατεύσας
842 761 873 834 δ’
894 753 996 848 αὖθις
1013 759 1105 856 αύτῷ

101 871 319 948 ΒΛαουίυιος
342 859 548 957 καὶὮρικον
565 863 768 956 ἀνεκτήσατο
786 867 842 956 καὶ
859 865 922 954 τὴν
942 861 1106 936 Ἀπολλω·
1223 921 1228 926 .

139 975 216 1040 νίαυ
233 965 407 1060 ἐρρύσατο.
444 964 634 1039 κάντεῦθεν
651 962 669 1038 ὁ
690 974 857 1048 Φίλιππος
874 965 934 1047 τάς
950 969 1035 1050 ναύς
1053 961 1106 1048 αἷς

137 1070 292 1160 ἐκέχρητο
310 1066 523 1161 καταπρήσας
540 1075 621 1161 πεζή
641 1065 691 1140 ἐπ’
713 1079 807 1140 οίκον
825 1065 1048 1158 άνεχάρησεν.

216 1175 259 1242 Ol
278 1167 307 1241 δ’
331 1174 368 1242 ἐν
391 1173 430 1262 τῇ
443 1168 549 1263 Ῥάμη
572 1165 721 1252 ύτιάτους
746 1175 874 1242 εἵλοντο
897 1167 956 1240 τόν
975 1167 1105 1260 Φάβιον
1118 1201 1147 1239 το

137 1272 277 1344 καὶτὸν
295 1273 506 1366 Μάρκελλον.
544 1280 583 1344 ,οἳ
603 1271 663 1344 τὸν
685 1272 748 1362 μὲν
766 1269 927 1360 Ἀννίβαν
950 1268 1012 1360 τήν
1041 1277 1106 1342 νῦν

137 1381 337 1466 Καλαβρίαν
354 1377 566 1464 καλουμένην
589 1375 645 1445 καὶ
669 1371 710 1444 τά
733 1377 810 1462 περὶ
834 1369 942 1461 αύτήν
966 1398 1105 1463 περιπο-

137 1475 324 1568 ρευόμενον
346 1480 393 1570 τῷ
412 1473 555 1568 Γράκχω
575 1482 622 1569 τῷ
647 1474 711 1566 πρὸ
736 1469 850 1546 αύτῶν
873 1471 1011 1566 άρξαντι
1034 1474 1106 1544 ἐπί·

137 1583 255 1664 ταξαυ·
292 1579 348 1648 καὶ
375 1571 411 1660 ὃς
429 1573 585 1648 Ἀννωνα
616 1579 691 1668 περὶ
722 1573 928 1666 Βενεβεντόν
957 1568 1106 1664 ἀπαντή-

138 1677 244 1750 σαντά
261 1683 296 1748 οί
318 1681 354 1748 ἐκ
372 1683 539 1767 Βρεττίων
564 1680 741 1769 ἐτρέψατο,
766 1675 956 1750 κάντεύθεν
980 1673 1107 1766 προίάν
1120 1705 1152 1746 15
1272 1705 1274 1709 ·

137 1778 197 1852 τόν
219 1807 256 1850 τε
276 1775 435 1868 Ἀννίβαν
464 1776 698 1870 παρεφύλαττε
722 1782 779 1850 καὶ
801 1778 841 1850 τά
865 1783 933 1851 τάν
962 1775 1108 1868 ἀφεστη-

138 1880 247 1952 κότων
272 1879 425 1972 ἐπόρθει,
455 1879 567 1964 πόλεις
591 1883 629 1951 τέ
649 1909 742 1962 τινας
765 1875 975 1952 άνεσάσατο·
1013 1875 1109 1950 αὐτοὶ

140 1985 177 2054 δὲ
201 1989 237 2054 οί
256 1977 381 2054 ύπατοι
405 1979 487 2074 πρὸς
515 1981 577 2072 τήν
600 1989 805 2072 Καμπανίαν
829 1979 1028 2073 ἐτράποντο,
1058 1978 1105 2052 ἵν’

104 2081 246 2176 (ταύτὴν
263 2082 502 2177 χειρωσάμενοι
525 2084 633 2174 μηδὲν
650 2081 791 2156 κατόπιν
808 2085 966 2173 πολέμιον
989 2081 1110 2153 ὑπολί-

138 2209 266 2278 πωσιυ,
290 2185 377 2258 οὕτω
395 2216 431 2258 τε
456 2188 510 2257 ἐπὶ
533 2185 592 2258 τὸν
606 2180 765 2276 Ἀνυίβαν
786 2183 995 2276 χωρήσωσιν.
1038 2181 1108 2255 εἶτα
1121 2215 1153 2256 εο

142 2291 369 2382 διαιρεθέντες
395 2285 521 2376 Φάβιος
546 2287 610 2378 μὲν
634 2285 675 2358 τά
698 2314 735 2358 τε
763 2289 903 2358 ἐκείνων
925 2283 965 2356 τά
989 2313 1025 2356 τε
1049 2287 1111 2356 τού

50 2385 53 2389 ’
140 2397 295 2462 Σαυνίου
312 2390 504 2480 κατέτρεχε,
531 2386 729 2482 Μάρκελλος
748 2389 785 2458 δέ
804 2395 851 2471 είς
868 2387 931 2476 τήν
948 2393 1109 2460 Σικελίαν

142 2487 333 2581 ἐπεραιύθη
351 2491 407 2560 καὶ
420 2489 482 2572 τάς
495 2489 719 2582 Συρακούσας
739 2487 942 2580 ἐπολιόρκει,
960 2507 1109 2580 προσχω

142 2591 289 2684 ρησάσας
307 2592 369 2683 μὲν
387 2589 494 2688 αὐτῷ,
520 2589 581 2663 εἶτ’
602 2587 793 2675 άποστάσας
813 2590 899 2685 δόλῳ
923 2593 1027 2661 τινῶν
1044 2585 1110 2660 ὑπὸ

139 2696 289 2779 ψευδοῦς
306 2691 473 2783 άγγελίας.
509 2695 565 2765 καί
584 2689 630 2765 δι’
651 2697 827 2784 ε’λαχίστου
844 2688 886 2764 άυ
904 2689 1007 2772 αύτάς
1025 2694 1109 2781 ἐχει-
1126 2721 1157 2762 ει

45 2801 47 2805 ’
141 2794 271 2888 ράσατο
289 2798 344 2868 καλ
363 2795 446 2867 κατά
463 2799 529 2886 χήν
546 2797 602 2868 καὶ
622 2793 706 2866 κατά
725 2793 903 2866 θάλασσαν
920 2791 988 2880 άμα
1004 2814 1111 2886 προσ-

141 2897 255 2989 βαλάυ
271 2901 319 2994 τῷ
341 2904 459 2990 τείχει,
486 2905 517 2968 εί
539 2895 586 2988 μή
610 2891 628 2968 ὁ
649 2894 847 2988 Ἀρχιμήδης
870 2909 1034 2988 μηχαναῖς
1057 2894 1111 2965 ἐπὶ

142 3010 301 3072 πλεῖστον
331 2995 454 3083 αὐτοὺς
486 3003 643 3092 ἐποίησεν
673 2995 852 3089 άυτισχεῖν.
905 3000 962 3070 καὶ
992 3004 1111 3078 λίθους

141 3101 206 3193 γάρ
233 3106 289 3172 καὶ
315 3097 453 3187 ὁπλίτας
483 3100 718 3194 μηχανήμασιν
748 3099 909 3192 άπαρτάυ
934 3107 1050 3170 καθίει
1074 3123 1111 3168 τε

142 3205 342 3287 ἐξαπιναίως
358 3201 480 3288 αύτούς
506 3206 563 3276 καὶ
586 3199 717 3293 άνέσπα
744 3201 787 3274 δι’
809 3198 935 3294 ὀλίγου.
978 3215 1050 3288 ταῖς
1074 3199 1111 3270 δέ
1127 3228 1158 3272 ευ

109 3305 246 3412 Ῐ)υαυσλ
281 3308 335 3376 καὶ
375 3323 448 3388 ταῖς
486 3304 713 3397 πυργοφόρους
755 3305 869 3396 ἑτέρας
909 3307 1126 3394 ἐπιρρίττωυ

41 3399 291 3484 ηςιςςάυεῑλκέ
317 3434 353 3476 τε
384 3405 485 3488 αὐτάς
516 3411 572 3478 καὶ
601 3413 809 3500 μετεωρίζων
843 3401 976 3500 άθρόως
1005 3400 1112 3496 ήφίει,
