2566 3812
443 169 602 224 L1B.v111.
623 169 701 222 cAP.
716 171 851 225 v111.1x.
1072 169 1132 236 197

155 309 266 400 γνούς
289 305 369 392 τούς
388 315 626 400 Μαμερτίνους
645 313 682 380 ἐν
700 307 813 380 στάσει
830 307 945 400 ὄντας,
971 304 1049 382 ούτε
1067 311 1132 402 γὰρ

155 428 229 494 τοῖς
249 407 422 501 Ῥωμαίοις
446 407 599 482 ὑπείκειν
627 409 804 500 ἐβούλοντο
828 414 884 482 καί
899 413 977 494 τούς
995 423 1133 505 Καρχη-

157 520 298 596 δονίους
322 509 547 604 ἐβαρύνοντο,
579 519 742 584 ἔπλευσεν
766 504 884 604 αὖθις,
909 516 966 584 καί
989 513 1073 585 ἄλλα
1096 544 1132 587 τε

161 615 257 688 εἶπεν
281 612 439 704 ἐπαγωγὰ
462 615 517 684 καὶ
542 608 586 696 ώς
611 613 662 686 ἐπ’
690 613 913 707 ἐλευθερώσει
930 622 987 705 τής
1005 614 1132 700 πόλεώς

121 747 135 786 ε
164 713 253 805 ἥκει,
282 719 340 786 καί
373 713 510 787 ἐπειδᾶν
533 733 733 789 κατασταίεν
756 717 796 788 τοί
821 715 1015 810 πράγματα,
1047 713 1133 789 ύπο-

169 814 314 887 πλεύσει·
366 819 423 888 καί
462 813 540 899 τούς
575 823 828 909 Καρχηδονίους
863 813 885 908 ή
919 815 1134 912 ἀποχωρήσαι

168 920 340 990 ἐκέλευσεν
359 915 398 1007 ή,
423 929 456 988 εἰ
469 945 501 989 τι
519 925 652 990 δίκαιον
670 926 792 1010 ἔχοιεν,
815 926 913 992 τούτο
933 926 1049 992 εἰπεῖν.
1087 919 1132 1004 ὥς

165 1019 197 1090 δ’
224 1016 301 1090 οὔτε
323 1024 393 1092 τών
409 1027 638 1112 Μαμερτίνων
660 1050 709 1104 τις
732 1019 800 1091 ύπδ
819 1023 915 1105 δέους
934 1023 1130 1112 ἐφθέγγετο,

160 1124 218 1192 καί
241 1127 278 1192 οἰ
294 1120 518 1211 Καρχηδόνιοι
541 1129 600 1214 βίηι
623 1122 685 1212 τήν
702 1120 803 1194 πόλιν
819 1125 1010 1214 κατέχοντες
1027 1120 1232 1200 ούδένΡΙσεε

122 1253 146 1292 ιο
159 1219 272 1294 αύτού
289 1222 499 1314 ἐφρόντιζον,
519 1219 722 1315 “αύταρκες”
748 1232 812 1314 ἔφη
824 1221 1031 1315 ’μαρτύριον
1049 1223 1131 1312 παρ’

158 1323 401 1417 ἆμφοτέρωνή
423 1322 551 1415 σιωπή,
569 1331 636 1396 τών
654 1327 716 1415 μίν
733 1322 784 1396 ὅτι
802 1321 999 1416 ύδικούσιν,
1018 1333 1050 1398 εἰ
1065 1326 1130 1420 γύρ

157 1456 192 1499 τι
211 1427 305 1514 ὑγιές
325 1424 507 1516 ἐφρόνουν,
533 1425 847 1517 έδικαιολογήσαντο
861 1423 921 1517 biv,
939 1434 1007 1499 τών
1026 1428 1064 1498 δέ
1081 1427 1131 1500 ὅτι

156 1535 220 1618 τῆς
246 1531 443 1619 ἐλευθερίας
470 1531 636 1618 ἐφίενται·
679 1527 965 1622 ἐπαρρησιάσαντο
989 1527 1052 1620 γὰρ
1076 1527 1130 1620 ἄν,

159 1637 194 1700 εἰ
217 1625 257 1700 τοί
280 1635 349 1699 τών
366 1635 610 1720 Καρχηδονίων
633 1628 852 1723 προήρηντο.”
895 1634 952 1702 καί
970 1633 1131 1722 ἐπηγγέλ-

116 1761 144 1802 ιε
158 1741 238 1802 λετο
269 1729 455 1820 βοηθήσειν
485 1727 609 1814 αύτοϊς.
657 1731 814 1822 θορύβου
845 1733 883 1805 δέ
907 1735 965 1804 καί
989 1735 1130 1806 ἐπαίνου

158 1830 254 1922 παρὰ
270 1838 338 1902 τών
356 1839 582 1924 Μαμερτίνων
601 1835 654 1902 ἐπὶ
672 1831 799 1918 τούτοις
822 1837 1006 1926 γενομένου
1024 1833 1130 1918 εὐθύς

159 1930 349 2004 ἀνέπλευσε
366 1933 449 2025 πρὸς
466 1932 504 2004 τὸ
518 1932 661 2024 Ῥήγιον,
677 1937 732 2005 καί
746 1931 819 2025 μετ’
836 1935 950 2025 ὀλίγον
963 1938 1063 2006 παντί
1081 1942 1130 2030 τῷ
1176 1975 1184 1980 ·

163 2039 310 2128 ναυτικῷ
329 2033 531 2126 βιασάμενος
548 2035 608 2106 τὸν
628 2033 804 2124 διάπλουν,
818 2036 854 2107 τὸ
873 2040 935 2126 μέν
946 2065 978 2106 τι
988 2035 1054 2106 δπδ
1068 2041 1129 2107 τού

160 2133 315 2225 πλήθους
339 2139 397 2207 καὶ
419 2140 478 2226 τής
503 2140 622 2228 τέχνης
645 2139 713 2206 τών
731 2141 993 2227 Καρχηδονίων,
1028 2135 1066 2206 τδ
1093 2141 1129 2208 δέ

116 2265 144 2306 so
160 2247 322 2309 πλεῖστον
347 2237 403 2308 διὰ
426 2237 488 2328 τὴν
511 2243 572 2309 τού
596 2241 660 2330 ῥού
683 2235 888 2328 χαλεπότητα
911 2239 967 2308 καί
984 2239 1129 2328 χειμῶνα

161 2343 322 2429 ἐξαίφνης
339 2337 539 2430 γενόμενον,
570 2337 662 2422 τιυύς
680 2368 715 2411 τε
733 2342 801 2410 τών
818 2337 965 2432 τριήρων
982 2337 1130 2427 σἰπέβαλε

160 2443 219 2511 καί
237 2455 308 2524 ταῖς
326 2450 458 2524 λοιπαῖς
474 2439 568 2532 μόλις
588 2449 635 2523 εἰς
653 2438 689 2512 τὸ
705 2437 836 2531 Ῥήγιον
853 2436 1028 2532 ἀπεσώθη
1140 2462 1163 2512 Β

242 2541 293 2613 Ού
321 2545 434 2633 μέντοι
464 2547 523 2632 τής
548 2541 722 2632 θαλάσσης
752 2535 787 2613 οἰ
804 2538 955 2634 Ῥωμαῖοι
986 2541 1041 2614 διδ
1064 2542 1163 2634 τὴν9

158 2633 266 2732 ήτταν
296 2642 499 2734 ἀπέσχοντο,
531 2642 606 2715 ἄλλ’
641 2643 658 2714 ὁ
684 2646 746 2735 μέν
768 2643 937 2728 Κλαύδιος
961 2643 1019 2728 τοίς
1046 2649 1130 2726 ναύς

118 2775 145 2816 εε
161 2743 395 2835 ἐπεσκεύαζεν,
406 2743 538 2818 ’Ἇννών
556 2747 594 2816 δὲ
611 2745 674 2836 τήν
688 2753 801 2818 αἰτίαν
811 2751 870 2838 τής
883 2754 952 2819 τῶν
971 2750 1130 2818 σπονδῶν

160 2844 347 2930 διαλύσεως
377 2853 424 2930 εἰς
460 2846 538 2930 τοὺς
564 2841 742 2938 Ῥωμαίους
778 2852 897 2939 τρέψαι
927 2845 1130 2937 βουλόμενος

160 2944 301 3031 καὶτὰς
325 2943 471 3030 ἁλούσας
495 2947 638 3040 τριήρεις
668 2954 714 3044 τῷ
737 2955 900 3044 Κλαυδίφ
924 2957 1051 3038 έπεμψε
1073 2948 1129 3017 καί

157 3047 239 3133 τούς
270 3047 500 3141 αἰχμαλώτους
529 3046 693 3122 ἀπεδίδου
718 3054 774 3121 καὶ
800 3048 882 3142 πρὸς
905 3048 968 3139 τήν
992 3045 1130 3140 εἰρήνην

160 3161 377 3243 προεκαλεῖτο
390 3147 502 3224 αὐτόν.
540 3155 611 3223 ἐπεὶ
631 3149 663 3222 δ’
683 3149 784 3224 ούδέν
802 3153 952 3240 ἐδέξατο,
970 3148 1130 3242 ήπείλησε

119 3283 147 3324 σο
160 3252 240 3344 μηδ’
267 3251 506 3338 ἀπονίψασθαί
525 3280 605 3326 ποτε
630 3254 688 3336 τοίς
711 3269 824 3347 χεῖρας
849 3256 887 3324 ἐν
909 3257 950 3344 τή
972 3253 1129 3344 θαλάσση

113 3475 117 3482 ,
159 3488 193 3539 43
221 3417 300 3537 7Οαμ.
319 3421 343 3471 9.
367 3417 465 3470 Dionis
484 3419 627 3472 Historiae
646 3418 788 3472 Romanae
806 3419 872 3470 libri
889 3419 1008 3486 perditi:
1028 3419 1129 3482 fragm.

194 3525 201 3546 ‚
250 3501 306 3552 seq.
340 3517 342 3524 ι
