2538 3824
154 137 175 202 8
496 135 568 188 ιω.
581 134 630 186 x1.
649 133 728 187 υΑε.
741 134 780 190 11.

155 283 302 367 μοῦντας
333 275 516 367 διέφθειρε.
570 281 630 346 καί
652 303 703 356 τις
721 281 872 364 Σαβῖνος
903 273 958 344 ἐπί
987 271 1127 366 τοιαύτη

156 379 401 468 κατηγορηθεὶς
425 383 516 470 αίτίρι
541 383 588 458 είς
610 373 646 446 τὸ
671 374 900 467 δεσμωτήριον
923 381 1126 466 καθείρχθη,

157 480 228 551 εἶτα
246 481 303 550 καὶ
322 477 505 570 ἐφονεύθη,
524 479 580 548 καὶ
598 475 636 548 τό
653 480 749 568 σῶμα
767 473 872 548 αύτού
891 483 938 560 είς
951 475 1010 549 τόν
1022 505 1126 550 ποτα-

155 579 221 672 μόν
246 585 378 673 ἐρρίφη.
414 584 471 651 καλ
496 579 610 650 δεινόν
635 581 698 670 μὲν
720 583 819 651 τούτο
842 581 899 650 καὶ
923 575 1005 650 καθ’
1025 579 1125 658 ἕαυτδ

156 681 282 754 ἀπασιν
304 673 366 772 ἦν,
392 686 553 754 ἐδείνωσε
577 679 608 752 δ’
637 677 719 752 αύτδ
743 683 797 753 ἐπὶ
820 691 938 754 πλείου
962 678 1055 753 κύων
1076 709 1126 763 τις
1151 711 1167 754 ⁵

155 790 216 856 τού
235 790 408 874 Σαβίνου,
427 781 658 855 συνεισελθόν
675 810 712 854 τε
729 780 822 878 αὐτῷ
838 790 887 866 είς
903 781 941 854 τό
959 781 1126 874 δεσμωτή-

156 915 232 978 ριον
255 889 312 957 καλ
336 882 548 958 ἀποθανόντι
573 891 782 978 παραμείνας
804 887 860 956 καὶ
884 891 932 966 είς
948 883 1009 956 τδν
1026 912 1126 956 ποτα·

155 985 221 1078 μδν
240 991 370 1080 ῥαγέντι
387 984 630 1060 συνεισπεσύν.
666 989 771 1058 ταῦτα
789 984 894 1080 ταύτη
909 987 1051 1078 ἐγένετο,
1070 989 1127 1058 καὶ

156 1095 194 1162 ἐκ
212 1093 346 1162 πολλῶν
362 1084 459 1179 όλίγα
478 1087 657 1179 ἱστόρηται.

229 1189 272 1262 Ἡ
287 1192 324 1262 δὲ
341 1197 444 1280 Λιβία
461 1186 658 1282 ὑπέργηρως
674 1204 835 1280 γεγονυῖα
852 1187 1073 1280 μετήλλαξεν,
1092 1193 1127 1274 ἐξ
1141 1219 1170 1261 ιο

157 1291 283 1382 ζήσασα
301 1300 359 1384 ἔτη
376 1295 433 1366 καὶ
450 1289 666 1382 ἀγδοήκοντα.
706 1294 764 1362 καὶ
781 1288 860 1362 ου”τε
877 1297 1047 1362 νοσοῦσαν
1064 1289 1127 1362 αύ-

119 1389 261 1484 Βτηνό
291 1396 439 1486 Τιβέριος
463 1397 668 1481 ἐπεσκέψατο
691 1389 764 1464 οὔτ’
790 1389 1036 1464 ἀποθανοῦσαν
1061 1396 1129 1464 ἐτί-

156 1517 254 1588 μησε,
273 1493 362 1586 πλὴν
379 1494 482 1587 μόνης
501 1499 646 1586 ἐκφορᾶς
663 1497 719 1566 καὶ
738 1492 879 1566 εἰκόνων
893 1500 1007 1568 τινῶν.
1043 1489 1129 1566 ἀλλά
1218 1587 1221 1590 ¹

157 1597 240 1688 πρὸς
266 1597 431 1688 διαβολὴν
453 1603 514 1670 τοῦ
546 1603 704 1689 Τιβερίου
726 1598 853 1680 πένθος
876 1611 949 1680 ταῖς
972 1597 1129 1685 γυναιξὶν

156 1697 178 1788 ἡ
202 1699 309 1790 βουλὴ
334 1698 416 1790 παρ’
444 1696 524 1771 όλον
548 1697 702 1771 ἐνιαυτὸν
726 1694 780 1770 ἐπ’
805 1694 890 1789 αὐτῇ
922 1701 1125 1788 ἐψηφίσατο·
1141 1725 1170 1768 ιι

156 1803 214 1872 καλ
232 1797 284 1873 ότι
300 1800 448 1884 πολλούς
465 1799 579 1874 αὐτόν
596 1799 756 1872 ἐσεσόκει
772 1802 830 1872 καλ
852 1804 976 1881 παῖδας
993 1802 1129 1870 πολλῶν

157 1901 329 1994 ἐτετρόφει
353 1901 454 1994 κόρας
476 1931 513 1975 τε
536 1909 687 1976 πλείοσιν
712 1897 925 1991 έξεδεδόκει,
948 1902 1004 1972 καὶ
1023 1897 1128 1982 ἀλλας

155 2002 251 2094 τιμάς
270 2007 382 2098 ἐκείνη
399 2005 594 2095 ἀπένειμαν.
631 2001 733 2075 οὐδὲν
752 2003 791 2076 δὲ
807 2007 875 2074 τοῖιν
891 2025 959 2076 τισι
974 2011 1128 2074 καταλει-

156 2107 318 2195 φθέντων
335 2101 396 2179 ἀπ’
419 2111 549 2196 ἐκείνης
566 2109 715 2178 δέδωκεν
732 2103 750 2177 ὁ
773 2106 932 2197 Τιβέριος.
976 2102 1125 2194 ἀπομνη-

156 2209 338 2298 μονευτέον
356 2210 394 2280 δὲ
412 2212 469 2280 καὶ
485 2213 554 2280 τεόν
571 2205 649 2300 παρ’
673 2211 802 2297 ἐκείνης
816 2209 1003 2298 εἰρημένων
1016 2209 1121 2277 ἐνίων.
1137 2235 1170 2276 εο

156 2313 288 2404 λέγεται
312 2307 362 2380 ὅτι
384 2307 533 2400 γυμνούς
557 2335 637 2380 ποτε
661 2304 787 2399 ἀνδρας
807 2304 893 2400 αύτῂ
911 2303 1127 2395 ἀπαντήσαν-
1169 2379 1172 2384 Δ

156 2440 233 2500 τας,
259 2413 316 2482 καὶ
333 2413 515 2501 μέλλοντας
534 2409 589 2481 διά
606 2415 704 2482 τοῦτο
721 2413 983 2500 θανατωθῆναι,
1001 2416 1128 2480 ἔσωσεν

121 2514 300 2626 Οείτιούσα
322 2510 374 2582 ὅτι
391 2507 518 2583 ὀὐδὲν
540 2509 754 2604 ἀνδριάντων
776 2529 849 2594 ταῖς
873 2507 1129 2604 σωφρονούσαις

50 2615 384 2787 τηῃιρρολυτοιορτοιί
394 2611 656 2787 δίραηὲρουσιγῖ1
666 2613 839 2788 ,έρομῖένου
858 2614 899 2684 δέ
912 2641 1002 2736 τινος
1019 2609 1129 2786 ασύτύγ

174 2743 245 2798 πως
269 2741 310 2785 κα
348 2745 366 2786 τ
428 2745 475 2810 ρω
499 2746 520 2788 α
545 2744 606 2787 του
655 2744 742 2804 υγου
765 2743 825 2788 του
845 2742 1028 2805 κατεκροιτη
1048 2743 1109 2799 ,αςς
1141 2741 1170 2785 ιιι

156 2813 359 2908 ἀπεκρίνατο
382 2815 433 2890 ότι
458 2814 568 2906 “admi
590 2845 626 2890 τε
648 2815 795 2908 ἀκριβῶς
822 2817 1046 2908 σωφρονοῦσα
1073 2817 1133 2886 καλ

155 2919 267 2990 πάντα
283 2917 324 2992 τά
342 2926 507 2992 δοκοῦντα
525 2914 614 3014 αύτῷ
633 2915 741 3009 ἡδέως
759 2921 919 3007 ποιοῦσα,
946 2918 1003 2990 καὶ
1020 2916 1129 3008 μηδὲν

156 3027 225 3092 τῶν
253 3021 385 3094 ἐκείνου
409 3025 739 3112 πολυπραγμονοῦσα
746 3072 756 3108 ,
789 3022 847 3090 καὶ
876 3019 918 3090 τά
943 3015 1128 3109 ἀφροδίσια

157 3119 263 3192 αὐτοῦ
294 3117 476 3213 ἀθύρματα
505 3119 582 3213 μήτ’
615 3119 752 3195 ἀκούειν
785 3117 864 3213 μήτ’
901 3117 1130 3194 αίσθάνεσθαι

157 3219 459 3313 προσποιουμένη.”
966 3289 969 3295 .
1141 3248 1171 3290 30

240 3321 305 3392 Τὸν
324 3325 361 3395 δὲ
379 3321 531 3412 Σηιανόν
547 3323 734 3416 όΤιβέριος
751 3326 806 3396 ἐπὶ
824 3323 909 3415 μέγα
927 3321 1025 3414 δόξης
1044 3319 1127 3394 έπά·

156 3447 235 3510 ρας,
261 3425 318 3492 καὶ
340 3422 507 3512 κηδεστὴν
532 3427 586 3494 ἐπὶ
609 3421 730 3522 Ἰουλίᾳ
747 3430 787 3518 τῇ
804 3433 865 3498 τού
882 3423 1043 3519 Δρούσου
1059 3435 1130 3496 θυ-
