2546 3822
396 175 476 244 τευ.
494 175 553 231 xv.
573 175 652 232 σεε.
670 175 718 228 x1.
975 175 1038 241 361

75 343 158 406 ματα
186 318 252 386 ἐν
247 333 317 400 τοῖς
339 325 447 398 θείοις
470 331 568 398 ναοῖς
592 311 836 404 ύνεστήλωντο,
854 318 912 388 καί
930 323 969 386 αἰ
954 320 1040 387 ί-έκ

73 417 256 506 κλησίαι“
233 439 359 488 απασαι
387 417 529 508 ήνωντο.
577 445 617 486 τα
608 407 773 506 μὲν
730 444 796 488 ουν
818 418 914 508 μέχρι
935 424 1142 490 τοῦδεΡΠιελ

74 517 180 644 πμριὶ
179 523 238 606 τῆς
256 527 456 609 βασιλίσσης
469 520 526 589 καὶ
537 524 608 588 τών
626 516 713 608 αὕτη
699 502 1072 612 προσῳκειωμένωνΑ

73 619 112 689 τίι
139 625 200 708 τῆς
229 626 399 708 βασιλείας
432 620 605 691 ἰθύνοντο.
644 619 710 710 ήδη
741 618 844 689 ὑὲ
809 647 869 690 τον
899 627 1042 710 μείρακα

48 719 297 811 επαρελώσας”
280 751 299 794 ο
316 720 474 810 βασιλεύς
487 730 747 802 Κανσταντῑνος
760 722 818 790 καὶ
836 728 884 804 είς
901 729 1042 793 νεανίαν

4 885 6 892 .
72 831 180 892 τελείν
196 819 375 914 ἠργμένος,
394 823 585 911 εἰκοσαέτης
602 821 668 913 γὰρ
685 815 747 912 ήν,
755 823 812 891 καί
825 821 919 913 ὁρών
930 823 1041 894 ἅπαν-

73 951 114 992 τα
130 922 220 1014 παρὰ
236 930 295 1014 τής
306 923 437 1015 ’μητρὸς
455 923 733 1014 οίκανομούμενα,
752 926 810 994 καί
827 925 1042 1016 Σταυρύκιον

73 1023 132 1094 τὸν
155 1031 331 1114 πατρίκιον
354 1027 412 1095 καὶ
435 1025 623 1114 λογοθέτην
645 1023 686 1096 τὰ
711 1024 819 1094 πάντα
837 1023 1042 1116 δυνάμενον,

75 1124 198 1196 εἀυτὺν
220 1126 258 1196 δὲ
281 1126 426 1218 μηδενὸς
451 1125 652 1216 ἀξιούμενον
675 1125 792 1214 λόγου,
818 1124 961 1216 ήχθετο,
984 1128 1041 1196 καὶ

34 1225 155 1315 εομετύ
178 1239 283 1298 τινων
304 1233 375 1298 τών
396 1254 433 1298 τε
455 1233 515 1317 τής
539 1226 731 1316 συγκλήτου
755 1233 880 1318 βουλῆς
898 1229 955 1297 καλ
972 1232 1042 1298 τών

72 1325 357 1420 ὑπηρετουμένων
374 1327 466 1422 αύτῷ
486 1329 660 1419 ἐμελέτησε
677 1327 739 1398 τόν
750 1328 966 1419 Σταυρᾷκιον
983 1334 1043 1418 τῆς

73 1427 177 1519 ἀρχῆς
200 1439 361 1500 καθελείν
385 1431 441 1500 καὶ
465 1429 672 1518 ποιήσασθαι
704 1423 897 1522 ὑπερόριον.
949 1458 1041 1518 γνω-

74 1531 215 1612 σθέντος
233 1530 272 1600 δὲ
288 1535 351 1601 τοὺ
367 1531 610 1620 βουλεύματος,
623 1529 704 1612 τοὺς
720 1531 785 1620 μὲν
800 1537 862 1601 τού
878 1533 1041 1620 βασιλέως

74 1630 290 1722 θεράποντας
307 1630 386 1714 τοὺς
404 1627 497 1725 αύτῷ
516 1633 783 1721 συμμετέχοντας
800 1631 936 1715 τύψασα
952 1631 1042 1702 πών-

32 1759 130 1813 ιετας
148 1733 206 1802 καί
229 1732 406 1814 ψιλώσασα
430 1738 501 1802 τών
524 1737 649 1823 τριχών
672 1729 693 1821 ή
716 1739 895 1820 βασίλισσα
918 1731 1043 1815 ἄλλους

72 1829 159 1924 ἄλλη
179 1833 331 1924 ἐξώρισε,
355 1833 435 1915 τούς
453 1831 487 1903 δ’
508 1835 544 1902 ἐκ
560 1838 620 1921 τῆς
638 1833 830 1922 συγκλήτου
848 1832 962 1926 ἆτιμίηι
979 1850 1075 1905 ατε-Β

72 1939 258 2026 ριβαλοῦσα
283 1934 364 2016 τούς
388 1935 451 2057 μέν
468 1932 648 2060 ἄπρολτμυς
666 1939 736 2006 τών
755 1940 853 2006 ἰδίων
871 1946 975 2006 οἰκον
993 1935 1042 2006 εἷ-

70 2063 129 2108 ναι
144 2036 333 2124 κεκέλευκε,
356 2042 426 2105 τών
444 2035 483 2105 δὲ
505 2037 562 2104 καὶ
579 2033 767 2128 ὑπερορίαν
782 2043 1042 2126 κατεψηφίσατο.

71 2132 157 2206 ἄλλα
177 2135 246 2225 μήν
263 2139 319 2206 καὶ
337 2135 397 2207 τὺν
414 2136 493 2206 υίόν
511 2138 709 2225 αίκισαμένη
726 2137 783 2204 καί
788 2139 1042 2260 λοιδορησαμέ-

5 2263 6 2268 ’
29 2231 57 2312 ιο
70 2265 116 2326 νη
134 2239 289 2329 προϊέναι
313 2236 569 2308 κεκώλυκε.τὺ
596 2237 634 2307 δὲ
652 2236 884 2327 στρατεύματα
902 2235 1093 2326 ὀμνύειν

70 2337 236 2427 ἠνάγκαζε
257 2367 304 2428 μη
294 2336 549 2422 δέξασθαι
513 2365 574 2408 τον
584 2335 679 2408 υίόν
704 2334 809 2426 αύτής
833 2344 882 2418 εἰς
912 2336 1041 2430 αὑταρ·

70 2447 168 2530 χίαν,
192 2440 296 2528 ζώσης
321 2442 392 2510 έκεί
376 2445 462 2528 ίνης.
499 2440 556 2508 καί
580 2439 672 2508 οἰ
635 2467 699 2528 μεν
717 2437 813 2508 αλλοι
828 2439 885 2508 καὶ
903 2466 1042 2520 ακοντες

73 2541 229 2630 ώμνυον,
260 2545 295 2611 οί
316 2541 355 2611 δὲ
384 2545 446 2611 τοὺ
471 2541 617 2629 θέματος
639 2544 709 2610 τών
728 2537 956 2630 Ἀρμενιακών
979 2539 1042 2630 οὐχ

71 2637 273 2730 ὑπέκυψαν,
298 2641 384 2712 ἀλλά
407 2643 465 2712 καὶ
488 2642 628 2730 βασιλέα
652 2640 829 2729 γινώσκειν
853 2640 952 2712 εἶπον
980 2641 1042 2712 τὸν

26 2769 59 2813 νε
73 2750 348 2832 Κωνσταντίνον,
366 2744 424 2813 καὶ
441 2741 508 2832 πρὸ
524 2749 583 2832 τής
600 2740 725 2833 μητρὸς
744 2745 777 2826 έξ
795 2741 900 2833 ἀρχῆς
917 2741 1043 2830 ἀνηγο-

73 2842 253 2932 ρευμένον,
278 2843 335 2912 καί
352 2843 460 2925 οὕτως
485 2836 588 2924 αὖθις
607 2841 714 2914 αύτὸν
731 2842 859 2931 ἤθελον
878 2841 1041 2933 εύφημεί-

73 2953 165 3013 σθαι.
199 2947 305 3012 ταῦτα
322 2942 344 3033 ή
363 2944 493 3036 Εἰρήνη
510 2949 671 3034 μαθοῦσα
690 2951 813 3014 ἔστειλε
829 2942 890 3013 τὸν
906 2943 1044 3014 σπαθώ·

72 3071 150 3135 ριον
170 3042 315 3128 Ἀλέξιον
338 3046 396 3115 καί
418 3044 646 3137 δρουγγώριον
662 3051 721 3133 τῆς
738 3051 859 3132 βίγλας
876 3043 938 3115 τὸν
956 3054 1042 3116 Μω-

73 3147 169 3235 σηλέ,
188 3143 237 3217 ἵν’
257 3143 383 3228 αύτούς
401 3153 449 3228 εἰς
467 3147 505 3216 τό
524 3145 629 3236 αύτής
646 3145 827 3235 μετώθηται
843 3147 1076 3236 θέλημα.0
1012 3149 1076 3216 otc

22 3278 54 3320 σο
71 3247 172 3316 δέ
137 3274 199 3318 τον
221 3247 284 3338 μὲν
308 3247 495 3338 στρατηγὸν
514 3250 646 3320 έαυτών
663 3245 866 3336 συνέσχον
845 3243 915 3318 υπό
933 3276 1043 3340 φρου·

70 3347 158 3436 ρών,
180 3347 242 3418 τόν
265 3349 304 3419 δέ
327 3348 522 3439 Μασηλὲ”
502 3376 648 3442 αρχοντα
669 3355 732 3419 τοὺ
749 3352 895 3438 θέματος
913 3355 1044 3420 εἴλοντο
1069 3344 1175 3442 00st
1192 3373 1268 3594 φῆ

69 3449 133 3519 καὶ
156 3449 264 3540 μόνον
286 3449 347 3521 τὺν
364 3459 628 3522 Κώνσταντίνον
653 3450 853 3542 εὐφήμησαν
877 3361 1094 3748 mitond<
1232 3491 1259 3537 ,ς

936 3631 950 3655 '
1076 3639 1104 3696 Ο
