2580 3816
449 187 520 238 LIB.
540 185 611 238 τιν.
630 185 709 240 σεε.
727 187 789 238 xn.
1030 185 1092 250 291

73 347 77 354 ·
124 332 342 415 συμβολαίοις
362 332 554 412 Μαυρίκιος
573 323 667 396 ὁκαὶ
691 327 847 416 Τιβέριος.
880 326 1036 414 Χαχάνος
1054 327 1092 397 δέ

123 426 141 498 6
168 432 238 496 τάν
262 423 414 517 Ἀβάρωυ
438 421 583 514 άρχηγός
613 425 651 496 τὸ
677 435 821 519 Σίρμιον
848 428 1092 517 χειρωσάμενος

125 525 259 616 ἐζήτησε
286 533 513 617 προστεθῆναι
535 543 610 610 ταῖς
637 523 843 618 ὀγδοήκοντα
874 527 993 619 χιλιάσι
1018 545 1091 610 ταῖς

126 633 264 718 ἐτησίοις
283 626 377 722 αύτῷ
402 631 643 719 παρεχομέναις
667 631 724 700 καὶ
751 631 863 720 ἐτέρας
887 641 1009 702 είκοσι·
1035 632 1092 730 καὶ

98 729 142 800 ιὸ
169 729 327 818 βασιλεύς
353 729 538 821 εἰρηνεύειν
563 730 746 802 ἐθέλων
709 759 771 820 την
788 731 1014 823 προσθήκην
1005 727 1090 802 ταύ-
1101 747 1195 798 P1174

124 860 186 920 την
212 833 377 925 ἐποίησεν.
413 827 494 900 666
479 831 575 901 έὶκα
601 833 766 922 ἐλέφαντα
792 831 914 1002 ᾔτησε,
939 831 1039 922 μήπω
1056 815 1121 904 τάΑ

125 938 209 1026 ζῷον
229 932 321 1002 ίδάν.
356 930 414 1002 τὸν
431 921 564 1021 μείζονα
576 940 699 1005 τοίνυν
718 927 767 1004 66
784 961 800 1003 ε
803 931 874 1023 ἶχεν
893 928 911 1004 6
937 933 1096 1022 βασιλεύς

125 1031 218 1126 αύτῷ
243 1034 429 1123 πέπομφεν.
470 1031 551 1104 666
578 1035 731 1122 Χαχάνος
756 1030 1097 1125 άπληστευόμευος
1075 1064 1097 1122 η

78 1221 82 1227 ¹
125 1133 309 1226 προφάσεις
333 1139 394 1204 τού
418 1133 464 1223 μή
490 1135 678 1227 είρηνευειν
702 1142 820 1224 ζητάν,
846 1137 960 1228 ἑτέρας
990 1147 1097 1208 εικοσι

83 1251 112 1298 ἰο
124 1235 272 1326 χιλιάδας
290 1249 363 1316 ταῖς
376 1234 501 1306 Ιε’κατόν
525 1245 752 1362 προστεθῆναι
771 1233 931 1328 άπήτησε
967 1236 1012 1326 μή
1031 1243 1097 1307 καέ

49 1403 51 1408 .
123 1338 349 1426 ταδεξαμένου
367 1337 405 1407 δέ
428 1339 484 1406 καὶ
501 1337 628 1463 ταύτην
645 1335 707 1426 τήν
731 1339 932 1429 προσθήκην
949 1365 1010 1408 του
998 1344 1094 1426 βα-

124 1439 242 1518 σιλέως
258 1437 465 1527 ἐστράτευσε
486 1437 571 1510 κατά
591 1437 765 1530 Ῥωμαίων
784 1442 929 1527 ἐκεῖνος,
953 1440 1009 1543 ηαὶ
1027 1439 1089 1509 πό

125 1549 193 1620 λεις
211 1535 337 1619 πολλάς
361 1544 423 1610 τού
443 1535 632 1667 Ἰλλυρικοῆ
661 1540 871 1632 ἐχειρώσατο·
898 1519 1028 1629 ήπείλει
1054 1541 1092 1610 δὲ

31 1691 33 1696 .
124 1640 182 1710 καὶ
212 1637 249 1710 τά
277 1639 425 1762 Μακρόν
455 1643 680 1730 καταστρέψαι
704 1657 821 1732 τεῖχος.
868 1648 999 1723 στείλας
1030 1635 1094 1712 ούν

91 1765 115 1804 1⁵
131 1741 285 1829 πρέσβεις
303 1738 418 1832 πρδς
412 1739 472 1810 τὸν
495 1741 702 1832 βάρβαρον’
685 1771 703 1812 ο
723 1751 913 1832 Μαυρίκιος
944 1737 1093 1826 σπονδάς

5 1903 9 1910 ,
131 1849 238 1912 ἔθετο.
275 1870 294 1912 ο
282 1840 429 1967 μέντοι
445 1843 601 1930 Χαχάνος
620 1842 787 1932 άπληστος
805 1843 900 1914 καὶ”
879 1865 1017 1926 απιστος
1035 1841 1094 1933 ύν,

9 1941 12 1944 ’
126 1943 217 2037 δόλῳ
242 1941 327 2012 κατά
347 1940 518 2032 Ῥωμαίων
544 1947 685 2032 ἐγίνετο,
699 1944 809 2026 αύτδς
826 1975 848 2035 μ
852 1946 889 2016 ἐν
906 1944 1094 2035 ἡσυχάζων,

126 2051 211 2132 ἔθνη
237 2045 279 2113 66
299 2071 374 2114 τινα
400 2049 469 2114 τάν
494 2051 705 2133 Σκλαβηνάν
734 2047 991 2136 παρασκευάσας
1021 2047 1084 2135 τήν
1096 2079 1118 2128 Β

1 2141 5 2174 ³
124 2143 193 2215 ύπὸ
212 2143 395 2234 Ῥωμαίους
420 2152 603 2234 ληίζεσθαι,
629 2153 665 2215 οἳ
679 2148 736 2214 καὶ
753 2149 848 2237 μέχρι
864 2151 927 2217 τού
945 2151 1092 2238 Μακροῦ

86 2271 112 2312 ιο
127 2253 257 2336 τείχους
287 2245 512 2334 πεφθάκασιν.
562 2245 580 2316 6
611 2246 769 2334 βασιλεύς
800 2246 838 2318 δὲ
864 2254 1094 2335 Κομεντίολον

6 2339 11 2348 ’
126 2345 314 2438 στρατηγὸν
331 2344 594 2436 προβαλόμενος,
613 2348 670 2416 καὶ
689 2345 735 2418 δι’
755 2344 864 2418 αύτού
880 2361 950 2429 τοϊς
968 2348 1093 2438 βαρβά-

128 2475 197 2536 ροις
211 2446 347 2540 άθρόως
362 2447 553 2531 ἐπεξελθών
565 2455 635 2518 τῶν
644 2447 837 2538 Ῥωμαϊκῶν
850 2446 976 2530 αύτούς
990 2447 1095 2540 ὁρίων

1 2558 2 2561 ’
127 2547 311 2638 άπήλασεν,
329 2544 582 2639 ἀναιρεθέντων
595 2557 743 2638 πολλῶν,
756 2551 813 2622 καὶ
825 2550 889 2640 τήν
902 2557 997 2622 λείαν
1010 2550 1094 2641 ὅσην

128 2657 250 2736 ἔλαβον
267 2650 324 2718 καὶ
341 2648 419 2731 τούς
444 2651 675 2739 αίχμαλύτους
694 2651 938 2723 ἐπανεσιύσατο.
976 2661 1094 2725 Φιλιπ-

88 2774 115 2815 ιε
130 2753 219 2842 πικῷ
237 2750 276 2820 δὲ
292 2749 355 2838 τήν
376 2755 470 2821 ἰδίαν
486 2751 645 2835 συζεύξας
669 2749 822 2842 άδελφῆν
846 2750 930 2823 κατά
948 2761 1094 2844 Περσῶν

126 2847 233 2919 αύτὸν
259 2848 327 2920 σύν
352 2857 451 2941 βαρεῖ
475 2853 696 2942 στρατεύματι
720 2855 960 2936 ἐξαπέστειλεν.
1013 2852 1031 2924 6
1056 2855 1094 2924 δέ

127 2949 266 3040 άγχιστα
283 2955 325 3042 τῆ
344 2957 479 3040 Νισίβει
501 2953 680 3043 γενόμενος
697 2951 858 3024 κάκεῖθεν
878 2953 1032 3042 ἐμβαλών
1048 2962 1092 3046 τῆ

127 3057 280 3144 Περσίδι,
307 3050 432 3141 ήλασεν
451 3055 584 3125 ἐκεῖθεν
601 3061 696 3126 λείαν
713 3052 855 3144 πολλήν,
874 3054 931 3124 καὶ
949 3057 1087 3126 έπανελ·

125 3153 202 3225 θύα
225 3159 267 3245 τῆ
292 3159 362 3224 τάν
380 3152 513 3244 Μήδων
537 3155 630 3247 χάρη
654 3157 857 3246 προσέβαλε,
888 3157 945 3225 καὶ
968 3155 1091 3244 ταύτης

85 3281 113 3321 εο
126 3252 167 3324 ού
185 3261 267 3344 μείω
285 3254 358 3326 τινά
377 3254 573 3345 ληισάμενος
598 3261 768 3346 ἐπανῆκεν
791 3263 839 3340 είς
856 3255 897 3328 τά
909 3255 1089 3347 Ῥωμαίων.

124 3357 181 3425 καὶ
200 3347 303 3439 αὖθις
323 3356 362 3426 δὲ
380 3372 453 3439 τοῖς
464 3365 646 3448 Περσικοῖς
665 3357 821 3430 ἐπελθοδν
840 3357 946 3449 ὁρίοις
965 3357 1123 3449 ὁμοίωςο

2 3533 3 3544 χ
126 3456 298 3549 εύτύχησε.
333 3457 480 3547 νοσήσας
499 3458 613 3548 μέντοι
630 3463 679 3542 είς
696 3460 961 3552 Μαρτυρύπολιν
977 3485 1085 3554 παρα·

823 3571 888 3638 19*
