2546 3822
162 163 297 252 'm
562 189 876 242 fflwmm

228 330 351 417 γίνους
369 332 403 398 οἱ
421 328 583 417 Φράγγοι,
608 327 695 398 άλλά
715 329 924 420 Γερμανικόν
941 335 1042 410 ἔθνος
1057 329 1194 409 τούτους

229 427 324 500 εἷναί
338 451 421 518 φησι
437 429 501 517 τὴν
519 436 676 519 ποικίλην
695 435 849 522 ἱστορίαν
865 429 884 501 δ
898 429 1088 521 Καισαρεύς
1107 440 1194 520 Προ

228 531 345 612 κότιιος
369 531 630 621 συνταξάμενος,
655 533 733 623 περὶ
756 531 818 602 τόν
837 530 958 621 Ῥῆνον
974 531 1126 621 ποταμόν
1144 533 1194 600 καὶ

227 632 289 704 τόν
308 630 468 702 Ῥοδανὸν
493 633 550 702 καὶ
573 632 634 714 τάς
659 636 767 704 ἐκεῖσε
792 639 912 724 λίμνας
929 633 1032 703 πάλαι
1048 660 1193 727 κατῳκη-

176 770 180 781 ’
228 737 341 824 μόνον.
376 739 438 804 τού
462 734 500 803 δὲ
517 742 716 822 Βελισαρίοο
740 741 1009 827 στρατηγοῦντος
1027 733 1211 824 Ῥωμαίωνι

230 837 285 905 ἐπὶ
302 841 364 904 τοῦ
381 836 546 927 προτέρου
562 835 804 908 ’λουστινιανοῠ
821 838 880 906 καλ
897 836 1040 917 Γότθοις
1058 833 1192 906 άντιπα-

228 937 429 1027 λαμωμίνου
456 937 535 1029 περὶ
555 935 697 1020 Ἰταλίας
721 939 778 1007 καλ
802 943 872 1008 τάν
890 941 926 1007 ἐν
943 937 1050 1028 ταύτῃ
1068 937 1192 1007 πόλεων

227 1039 286 1108 καλ
302 1043 362 1127 τῆς
375 1035 502 1127 Ῥάμης
520 1036 637 1128 αὐτῆς,
656 1037 747 1130 παρά
764 1039 830 1130 γάρ
848 1041 917 1110 τάν
926 1038 1069 1110 Ιότθαν
1086 1044 1190 1108 κατεί-

229 1167 340 1230 χοντο,
367 1139 442 1209 τότε
469 1141 526 1210 καὶ
548 1140 691 1222 τούτους
709 1144 836 1234 ἱστορεῖ
852 1145 895 1232 τῇ
909 1137 1034 1232 Ἰταλία
1052 1141 1190 1229 ἐπεμβο-

193 1249 311 1310 Βλεῖν.
347 1240 428 1322 τούς
452 1241 566 1330 μέντοι
589 1241 741 1324 Γότθους
764 1241 811 1332 μὴ
834 1247 929 1324 οἵους
952 1269 989 1312 τε
1012 1240 1116 1322 ὄντας
1143 1239 1216 1308 καλο

223 1340 395 1431 Ῥωμαίοις
420 1343 477 1412 καὶ
503 1343 673 1434 Φράγγοις
697 1341 1001 1414 ἀντικαθίστασθαι
1018 1341 1105 1433 πρός
1121 1339 1189 1420 τούς

230 1443 412 1534 Φράγγους
434 1445 559 1514 θέσθαι
583 1444 733 1526 σπονδάς
757 1445 814 1514 καὶ
844 1443 905 1514 τδυ
934 1443 1021 1536 πρὸς
1048 1447 1189 1521 ἐκείνους

228 1545 455 1615 διαλύσασθαι
474 1545 633 1636 πόλεμον,
655 1545 975 1639 παρακεχωρηκότας
993 1543 1115 1626 αὐτοῖς
1131 1547 1189 1613 τόν

229 1652 402 1734 Γαλλιάν,
433 1644 573 1738 ὅσαιπερ
603 1643 720 1729 αὐτοῖς
750 1651 1002 1739 προσεγένοντο.
1050 1647 1111 1715 καλ
1138 1643 1189 1730 τὴν

228 1751 349 1831 πρᾶξιν
372 1745 501 1836 ταύτην
524 1749 581 1817 καλ
599 1747 706 1818 αότὸν
724 1751 906 1840 ἐπιρρῶσαι
922 1747 985 1817 τόν
1000 1741 1181 1818 Ἰουστινια·
1196 1766 1212 1806 1⁵
1244 1799 1245 1804 1

228 1848 304 1934 νόν,
324 1850 519 1936 δεηθέντων
535 1854 604 1919 τάν
624 1849 804 1940 Φράγγων,
823 1848 1144 1941 πραγματευόμενον
1158 1843 1187 1914 τό

227 1947 273 2037 μὴ
286 1946 459 2038 Ῥωμαίοις
477 1956 664 2040 πολεμοῦσι
688 1951 774 2043 πρὸς
793 1950 944 2032 Γότθους
963 1953 1187 2020 ἐναντιοῦσθαι

168 2049 322 2132 ιιῐεετούς
342 2050 539 2141 Φράγγους,
564 2049 640 2122 ἀλλ’
660 2050 802 2123 εἶναιτὰ
820 2051 905 2141 πρός
918 2050 1103 2141 Ῥαμαίους
1118 2047 1186 2119 τού-

227 2181 297 2234 τοις
315 2152 371 2222 διὰ
388 2150 451 2242 τὴν
469 2156 651 2244 ἐπίρρυσιν
668 2160 773 2243 φίλια.
808 2150 998 2223 κάντεύθεν
1016 2151 1099 2234 τούς
1113 2159 1185 2238 Γερ-
1239 2137 1244 2238 λ’

227 2254 357 2343 μανούς
381 2263 588 2326 Μασσαλίαν
616 2283 652 2325 τε
674 2254 737 2345 τὴν
754 2255 933 2337 ,Φωκαέων
959 2252 1118 2324 ἀκακίαν
1140 2248 1212 2318 καλε

193 2356 268 2432 cv&
292 2357 347 2426 ἐπὶ
369 2356 526 2447 θαλάσση
551 2365 658 2448 χωρία
684 2371 778 2446 σχεῖν
800 2354 933 2425 ἅπαντα
959 2355 1101 2442 καὶτῆς
1132 2355 1187 2421 ἐκεῖ

226 2461 389 2545 κρατῆσαι
405 2457 590 2544 θαλάσσης,
609 2457 717 2527 πολλά
736 2457 775 2526 δέ
791 2459 847 2527 καὶ
864 2461 933 2526 τάν
950 2461 1118 2528 Βενετιάν
1135 2479 1186 2521 κο-

225 2569 372 2643 τασχεῖυ.
408 2554 516 2637 οὕτως
539 2549 604 2626 ούν
629 2561 664 2626 οῖ
682 2559 833 2650 Φράγγοι
850 2556 1112 2646 πεπλησιακότες
1127 2566 1186 2630 τοῖς

224 2652 361 2737 Ἰταλοῖς
379 2653 421 2726 ού
440 2657 590 2728 διέλιπον
607 2663 718 2730 ἔκτοτε
737 2659 887 2740 ἐπιόντες
908 2673 978 2740 τοῖς
997 2660 1106 2728 ἐκεῖσε
1119 2654 1186 2725 Ῥο-

225 2766 336 2848 μαίοις
359 2758 416 2828 καλ
439 2758 481 2828 τά
504 2755 566 2828 ὑπ’
586 2757 712 2842 αὐτούς
737 2760 927 2852 ληιζόμενοι.
964 2756 1213 2846 άποστατήσῖςΰ

227 2853 302 2947 οὖν,
323 2854 369 2942 άς
387 2870 526 2952 εἴρηται,
544 2866 602 2950 τῆς
619 2867 681 2932 τοῦ
698 2865 861 2950 βασιλέως
878 2858 1031 2949 ὑπακοῆς
1049 2857 1067 2929 ὁ
1086 2858 1187 2933 πάτας

228 2961 413 3054 Γρηγόριος
442 2959 496 3032 διά
520 2960 584 3052 τήν
608 2965 739 3033 ἐκείνου
762 2965 965 3045 κακοδοξίαν
990 2975 1060 3043 τοῖς
1080 2957 1187 3049 Φρύγ-

227 3091 298 3149 γοις
335 3066 527 3153 ἐσπείσατο,
562 3063 727 3156 πρότερον
762 3063 924 3145 πολλάκις
958 3063 1106 3142 σπεύσας
1139 3054 1187 3127 διὰ

228 3163 434 3253 γραμμάτων
457 3163 518 3234 τδν
542 3169 671 3256 Λέοντα
695 3170 753 3254 τῆς
782 3171 957 3255 μισοθεΐας
986 3169 1188 3254 μετενεγκεῖν

228 3265 285 3332 καὶ
308 3279 504 3352 μεταπεῖσαι
528 3265 587 3348 τάς
613 3266 706 3356 ἱεράς
730 3266 862 3349 εἰκόνας
880 3265 1087 3354 σεβάζεσθαι·
1118 3255 1213 3332 ἀλλ’ῖῖ

230 3385 433 3400 m

314 3418 1186 3498 εωωωαωὼηεμπκκὼυεαμ

229 3488 466 3556 mmm
