2562 3814
422 164 492 217 εστ,
505 167 566 218 v11.
585 165 664 218 σεε.
677 167 729 216 111.
1018 165 1059 228 93

15 315 23 398 ξ
90 306 151 386 τόν
170 303 348 397 Ῥωμύλον.
385 302 470 394 ὁμοῦ
489 305 526 376 δέ
543 303 716 394 γεγονότες
733 302 897 395 ἀλλήλους
915 332 1059 396 προυκα-

15 433 21 498 ζι
91 415 215 482 λούντο
240 405 425 498 μάχεσθαι,
449 402 682 498 ἀτρεμούντων
704 414 772 478 τῶν
793 409 1058 500 στρατευμάτων.

15 507 18 650 ρ
91 517 150 602 ,ἧς
167 514 254 599 γοῦν
277 513 483 598 μονομαχίας
507 504 634 598 ἀμφοῖν
657 511 838 599 γενομένης
861 509 1060 600 καταβάλλει

15 661 16 678 2
91 615 154 703 μὲν
170 609 189 682 ὁ
203 608 371 700 Ῥωμύλος
383 606 616 701 τόν”Ακρωνα,
634 612 787 701 τρέπεται
806 613 843 682 δὲ
855 615 910 682 καί
922 611 959 682 τδ
978 615 1060 682 ἐκεί-

15 725 16 730 ’
66 742 159 784 σνου
177 709 366 802 στράτευμα
389 707 496 800 μα’χης
519 719 820 802 συγκροτηθείσης·
845 716 901 784 καὶ
923 713 984 802 τήν
1002 712 1060 785 πό·

15 815 17 892 ξ
96 825 153 884 λιν
171 819 276 901 αἱρεῖ,
301 808 342 883 ού
360 814 473 902 μέντοι
489 813 568 895 τούς
587 816 623 884 ἐν
641 812 728 904 αὐτῇ
745 812 848 886 κακόν
866 842 897 884 τι
916 817 1059 903 διέθετο,

15 903 17 1012 Q
93 910 210 1004 ἀλλ’ἢ
232 911 340 1004 μόνον
363 916 516 984 ἐκέλευσε
539 913 597 996 τοὶς
621 923 728 996 οἰκίας
752 913 958 998 καθελόντας
980 913 1061 986 ἀκο-

15 1045 17 1100 ζ
90 1027 236 1090 λουθεῖν
254 1023 302 1097 είς
315 1010 442 1104 Ῥύμην
460 1011 569 1110 αύτῷ,
593 1011 637 1096 ὦς
655 1024 789 1098 πολίτας
808 1018 986 1106 ἐσομένους
1004 1019 1094 1087 καίι)

15 1121 16 1168 3
89 1123 160 1191 των
180 1130 265 1188 ῖσων
283 1113 583 1207 ἀξιωθησομένους.

15 1257 16 1310 3
56 1247 78 1287 ιο
169 1219 255 1292 Εἶτα
273 1221 330 1288 καὶ
347 1217 442 1288 ἀλλον
458 1223 527 1290 τῶν
538 1226 701 1307 Σαβίνων
717 1235 786 1301 τοῖς
799 1213 967 1308 Ῥωμαίοις
986 1224 1060 1309 ε’μα-

15 1361 16 1398 ;
90 1325 235 1412 χέσαντο
258 1322 314 1390 καὶ
338 1315 542 1410 ἡττήθησαν.
586 1321 642 1389 ἐπὶ
656 1317 786 1400 τούτοις
808 1325 843 1390 ολ
864 1323 972 1390 λοιποὶ
994 1325 1062 1390 τοῖν

15 1417 16 1474 3
91 1430 259 1513 Σαβίνων
288 1419 473 1512 στρατηγὸν
501 1421 560 1491 τὸν
589 1418 710 1492 Τάτιον
740 1417 976 1504 ἀποδείξαντες
1007 1423 1062 1490 ἐπὶ

15 1525 17 1586 ὲ
90 1525 157 1614 τήν
182 1521 311 1612 Ῥύμηυ
335 1520 561 1612 ἐστράτευσαν
592 1525 647 1594 καὶ
670 1523 707 1593 τό
732 1520 946 1594 Καπιτωλιον
971 1517 1062 1593 εἷλον

92 1628 345 1748 προδεδομένον
362 1621 429 1694 ὑπό
447 1631 617 1715 Ταρπηίας
634 1627 691 1713 τής
704 1622 873 1714 θυγατρὸς
885 1628 944 1697 τού
957 1652 1061 1747 φρου-

58 1724 233 1818 ιερᾶρχου.
270 1729 340 1796 ἐκεί
325 1733 380 1816 ίνη
402 1755 466 1850 γμρ
491 1722 546 1848 ἐφ’
566 1721 660 1816 ὕδωρ
684 1730 893 1798 κατελθούσα
917 1725 1059 1814 συνελή
1042 1742 1163 1794 Wll‘l

15 1839 171 1918 φθη
186 1830 246 1898 καί
263 1823 353 1916 ήχθη
371 1824 454 1919 πρός
477 1825 614 1916 Τάτιον,
634 1825 726 1900 καῖ’
708 1855 811 1900 ανεπε
813 1836 895 1916 ίσθη
913 1833 1061 1919 προδού-

16 1949 17 1958 ’
93 1960 149 2002 ναι
160 1957 199 2000 το
188 1927 332 2020 ἔρυμα,
345 1956 414 1998 των
424 1950 559 2019 χρυσων
570 1929 856 2051 βραηιονιστήρων
869 1933 1062 2020 ἐρασθεῖσα,

94 2059 150 2112 ους
171 2034 210 2102 ἐν
231 2045 305 2112 ταῖς
329 2026 518 2152 ἀριστεραῖς
541 2027 689 2119 ἐφόρουν
711 2034 886 2119 χερσὶνί
850 2059 868 2100 ο
907 2038 1062 2117 Σαβῖνοι,

17 2221 18 2228 ¹
94 2135 149 2203 καί
169 2130 296 2222 μισθόν
313 2129 458 2222 ύπέρ
418 2160 476 2220 της
494 2137 676 2223 προδοσίας
695 2136 812 2216 λαβεῖν
826 2127 948 2251 αήτούς
966 2125 1063 2198 ἀπαι-

17 2233 234 2324 ξωτήσασα.
277 2236 492 2322 συνθεμένου
518 2234 555 2303 δὲ
580 2239 642 2302 τού
670 2239 792 2302 Τατίου
821 2227 953 2320 νύκτωρ
983 2237 1064 2318 μίαυ

17 2325 20 2439 ή
93 2335 209 2426 πύλην
232 2331 392 2418 ἀνοίξασα
415 2332 494 2416 τούς
518 2341 691 2460 Σαβίνρυς
717 2335 863 2459 ἐδέξμτο.
900 2331 1100 2403 είσελθών

94 2435 170 2508 δὲ
155 2467 174 2508 ο
204 2434 322 2520 Τάτιος
349 2439 501 2508 ἐκελευσε
525 2435 602 2517 τούς
631 2433 690 2505 ὑπ’
717 2433 819 2505 αὐτόν
844 2431 907 2504 ὅσα
931 2438 968 2504 ἐν
990 2449 1165 2517 tamma

93 2536 287 2666 ἀριστεραῖς
304 2540 421 2628 χερσίν
440 2545 562 2628 ἔφερον
580 2535 710 2607 διδόναι
730 2533 833 2628 αύτή,
859 2539 913 2606 καὶ
933 2562 1062 2627 πρωτος

94 2639 199 2722 αὐτὸς
223 2640 283 2709 τὸν
305 2642 562 2730 βραχιονιστήρα
585 2643 625 2728 τῇ
650 2646 802 2730 Ταρπηία
827 2641 984 2729 ἐπέρριψε
1007 2641 1072 2736 καὶι

62 2743 154 2813 stim
177 2739 316 2832 θυρεόν.
360 2740 496 2812 πόντων
520 2741 557 2811 δὲ
583 2738 704 2829 ὁμοίως
728 2738 916 2811 ποιούντων
940 2748 1062 2829 βαλλο-

95 2847 180 2933 μίνη
204 2870 241 2912 τε
262 2849 309 2936 τῷ
333 2849 447 2936 χρυσῷ
471 2845 527 2912 καί
557 2853 811 2932 καταχωσθεῖσα
833 2857 902 2923 τοῖς
925 2852 1064 2931 θνρεοῖς

96 2944 161 3015 ὑπὸ
179 2941 335 3032 πλήθους
353 2947 409 3014 καλ
425 2942 551 3035 βάρους
567 2939 748 3016 ἀπέθανεν.

165 3044 280 3140 Ἕργφ
302 3036 366 3116 οὖν
388 3035 485 3126 οὗτος
510 3049 664 3134 ἐποίησεν
688 3042 834 3134 δλόγοις
857 3041 998 3134 ὕστερον
1017 3042 1064 3114 εἷ-

99 3173 163 3218 πον
181 3146 346 3238 ὁΚαῖσαρ
364 3150 419 3218 καὶ
432 3143 450 3217 ὁ
465 3144 668 3236 Ἀντίγονος·
687 3141 705 3217 ὁ
723 3147 785 3236 μὲν
797 3143 861 3237 γάρ
880 3150 1065 3238 προδοσίαν

67 3255 165 3337 οέφη
189 3257 321 3338 φιλεῖν,
353 3247 522 3339 προδότην
548 3250 586 3319 δέ
611 3265 738 3339 μισεῖν·
770 3247 789 3318 ὁ
814 3249 850 3320 δέ
876 3245 1065 3337 Ἀντίγονος

101 3347 323 3440 προδιδόντας
345 3351 408 3440 μὲν
425 3347 596 3433 ἀσπασίως
617 3351 690 3422 εἶπε
707 3357 919 3439 προσίεσθαι,
946 3355 1066 3437 προδε-

106 3449 227 3524 δωκόσι
245 3453 282 3524 δέ
300 3451 563 3544 ἀπεχθάνεσθαι.
