2566 3812
477 152 549 206 mn.
562 153 596 203 x.
615 113 694 203 σεε.
706 153 756 204 1x.
1044 150 1108 215 279

134 286 364 370 ἀπελάσαντες
371 285 519 370 ὑπάτους
534 293 664 373 ἑαυτοῖς
677 289 1000 381 κεχειροτονήκασιν·
1020 282 1107 380 ἦσαν

135 391 176 462 δέ
200 388 244 472 τός
266 385 511 480 ὀκτακισχίλιοι.
554 389 691 480 γνόντες
716 383 904 464 οὖντοῦτο
928 398 963 463 οί
974 389 1107 483 Ἴβηρες

134 489 321 580 άφίσταντο
347 489 619 583 προχειρότερον,
652 495 709 564 καλ
738 490 800 584 τὴν
823 499 1016 586 συμμαχίδα
1038 499 1106 566 τόν

130 592 303 682 Ῥωμαίων
326 589 480 665 ἐκάκουν.
522 597 579 664 καὶ
601 593 619 664 ὁ
643 592 777 683 Μάγων
803 598 952 667 ἐκλιπεῖν
974 592 1040 685 ἤδη
1062 595 1138 670 τάΙ)

106 692 284 781 εΓάδειρα
301 696 483 782 βουληθείς
507 691 581 766 οὔτ’
602 697 729 779 ἐξέλιπε
751 699 808 768 καὶ
825 703 873 780 είς
886 696 948 786 τὴν
965 695 1105 788 ἤπειρον

141 801 325 883 διαβαίνων
340 794 447 866 πολλά
465 795 671 887 ἐκακούργει.

214 896 353 969 Μαθὼν
370 896 409 968 δέ
430 895 532 968 ταῦθ’
559 893 578 968 ό
597 905 770 987 Σκιπίων,
798 901 930 989 πέμψας
954 898 1037 988 πρὸς
1067 898 1104 970 τό

133 993 369 1087 άποστατῆσαυ
381 997 606 1089 στρατόπεδον
620 1000 809 1071 ἐπέστειλεν
821 999 936 1084 αὐτοῖς
950 1022 1106 1090 συγγνω-

133 1103 249 1187 μονῶυ
267 1105 375 1190 δῆθεν
392 1097 442 1171 ὅτι
460 1098 515 1170 διά
529 1105 676 1172 *ἐνδειαν
698 1105 766 1174 τοῖν
789 1099 983 1191 ἀναγκαίων
1007 1103 1104 1172 ἐνεω-

92 1233 120 1274 ιο
133 1204 287 1292 τέρισαν,
322 1203 378 1271 καὶ
408 1202 515 1290 μηδὲν
544 1189 752 1274 ὑποπτεῦσαι
784 1201 840 1273 διά
870 1205 967 1275 τούτο
991 1199 1104 1291 άξιάυ,

134 1305 284 1373 ἐπαινῶν
301 1303 339 1373 δὲ
356 1303 413 1372 καλ
425 1301 503 1386 τούς
515 1300 577 1393 τὴν
590 1303 698 1394 ἀρχὴν
711 1300 978 1395 άναδεξαμένους
991 1302 1105 1374 αὐτῶν

132 1408 190 1474 ἵνα
208 1405 315 1493 μηδὲν
329 1403 443 1477 δεινὸν
455 1401 477 1494 ἢ
490 1404 648 1476 πάθωσιν
661 1401 682 1495 ἢ
697 1403 846 1496 δράσωσι
861 1405 917 1476 διὰ
930 1403 1103 1497 ἀναρχίαν.

131 1509 273 1576 τοιαῦτα
307 1508 369 1576 τού
398 1513 589 1588 Σκιπίωνος
619 1505 809 1595 γράψαντος
845 1513 881 1578 οί
908 1511 1104 1598 στρατιῶται

131 1603 300 1695 μαθόντες
312 1603 363 1677 ότι
375 1615 506 1698 περιείη
519 1609 575 1678 καὶ
588 1605 660 1678 οὐδ’
678 1605 841 1700 όργιῖοιτο
855 1615 985 1700 σφίσιν,
1003 1603 1105 1679 οὐδὲν

89 1740 117 1780 ιε
133 1716 182 1778 ἔτι
201 1713 408 1799 διεκίνησαν.
445 1704 490 1792 ύς
515 1707 545 1778 δ’
563 1705 786 1801 άνερροόσθη,
809 1709 914 1802 τραχὺ
937 1709 1000 1800 μὲν
1022 1705 1103 1780 οὐδὲ

131 1807 206 1880 τότε
231 1805 346 1893 ου’τοίς
370 1813 588 1900 ἐπηπείλησε,
611 1813 743 1901 πέμψας
768 1812 805 1882 δὲ
829 1811 892 1902 τήν
916 1841 952 1883 τε
969 1809 1202 1902 τροφὴνΡΙιεσ

132 1907 327 1982 ἀποδώσειν
348 1909 526 2002 ύπέσχετο,
557 1915 612 1983 καί
636 1907 763 1996 πάντας
791 1911 873 2006 πρὸς
897 1911 1001 1986 αὐτόν
1024 1911 1102 2002 άφι-

135 2015 255 2082 κέσθαι
279 2011 437 2086 ἐκάλεσεν
461 2012 506 2095 ὥς
529 2008 572 2084 άν
594 2012 801 2103 βούλωνται,
831 2010 995 2104 ἢάθρόοι
1019 2010 1041 2102 ἢ
1067 2019 1103 2084 ἐν

130 2115 228 2202 μέρει
245 2114 329 2184 κατὰ
349 2115 516 2204 διαδοχάς.
552 2120 586 2184 ολ
609 2116 651 2184 δέ
669 2142 708 2204 γε
725 2118 923 2204 στρατιῶται
947 2109 1016 2183 κατ’
1035 2112 1103 2184 ὀλί-

89 2245 119 2286 εο
134 2243 217 2302 γους
234 2213 400 2287 ἀπελθεῖν
413 2212 476 2288 ούκ
490 2213 697 2306 ἐθάρσησαν,
710 2213 797 2304 όμού
810 2210 838 2284 δ’
853 2209 1020 2301 άπὴλθον.
1046 2217 1103 2284 καὶ

128 2314 147 2386 ὁ
164 2324 321 2388 Σκιπίων
337 2321 400 2402 ἔξω
417 2321 479 2388 τού
495 2325 625 2408 τείχους
643 2315 768 2399 αὐτούς
782 2313 1001 2404 αὐλίσασθαι,
1019 2306 1102 2405 πρὸς

129 2419 278 2504 ἑσπέραν
307 2419 371 2510 γάρ
395 2409 456 2508 ἦν,
488 2416 676 2508 διετάξατο,
706 2419 763 2490 καὶ
792 2417 959 2510 παρέσχεν
989 2411 1102 2498 αύτοῑς

128 2517 295 2607 ἀφθόνως
307 2517 348 2590 τά
366 2518 546 2609 ἐπιτήδεια.
572 2523 629 2591 καὶ
647 2525 682 2591 οί
690 2521 752 2610 μὲν
771 2517 1101 2610 ἐστρατοπεδεύοντο,

129 2617 233 2701 αὐτὸς
246 2621 283 2690 δὲ
295 2619 375 2702 τούς
383 2620 616 2712 θρασυτάτους
627 2619 739 2694 αὐτῶν
753 2627 800 2703 είς
812 2619 875 2711 τὴν
886 2618 985 2692 πόλιν
998 2618 1101 2692 εἰσελ-

87 2726 212 2794 mv
229 2723 465 2810 κατεσκεύασε,
483 2725 540 2793 καὶ
562 2727 620 2810 τῆς
643 2723 763 2806 νυκτός
781 2718 902 2804 αύτούς
927 2720 1104 2812 κατασχόν

130 2825 242 2911 ἔδησε.
261 2820 328 2913 ἅμα
347 2819 378 2894 δ’
394 2823 513 2917 ἡμέρᾳ,
532 2823 576 2908 ὡς
594 2827 656 2907 ἐξω
668 2851 725 2896 ποι
743 2822 973 2915 στρατεύσων,
991 2823 1101 2893 πάντα

36 3013 42 3018 ¹
129 2920 191 2993 τόν
221 2920 326 2995 αύτοῦ
355 2924 499 3016 στρατὸν
526 2927 783 3016 προεξέπεμψεν.
817 2925 887 2996 είτα
919 2921 998 3004 τούς
1026 2921 1101 3010 άρτι

130 3022 294 3107 ἐλθόντας
319 3037 398 3098 είσω
421 3029 483 3098 τού
498 3033 635 3116 τείχους
657 3023 741 3098 άυευ
765 3030 835 3095 τῶν
850 3023 964 3095 ὅπλων
983 3021 1135 3094 ἐκάλε-Β

129 3145 204 3212 σεν,
223 3121 266 3196 ἵν’
286 3123 377 3221 αύτῷ
395 3126 720 3219 συστρατεύσωνται,
738 3124 897 3213 λαβόντες
914 3123 951 3196 τό
969 3128 1098 3216 σιτηρέ-

87 3247 215 3296 ωσιον.
258 3230 315 3298 καὶ
337 3223 445 3312 οὕτως
469 3227 693 3300 είσελθόυτων
717 3222 830 3298 αὐτῶν
861 3224 1004 3318 ἐσήμηνε
1032 3241 1114 3308 τοῖς

131 3328 397 3418 ἐκκεχωρηκόσιν
421 3327 533 3420 ω”σπερ
558 3327 652 3420 εἶχον
678 3332 888 3401 ἐπανελθείν.
930 3331 986 3399 καὶ
1009 3355 1101 3416 περι-

131 3425 225 3518 σχύν
243 3426 373 3513 αὐτούς·
389 3429 497 3502 πολλὰ
513 3433 569 3502 καὶ
588 3425 742 3502 ύνεέδισε
763 3432 821 3502 καὶ
843 3424 1003 3520 ἠπείλησε
1010 3482 1020 3516 ,
1046 3430 1101 3498 καί
