2538 3824
222 163 286 228 432
343 141 346 150 ’
541 165 613 216 Lm.
626 165 661 220 x.
679 164 873 218 cAP.xxx1.

150 393 152 400 s
223 306 292 376 τοῖν
308 305 436 376 τέκνων
452 304 677 394 προσέβαλεν,
704 299 754 387 οἷς
778 307 889 392 έκείνη
914 301 1068 394 καθάπερ
1086 333 1188 394 μηχα-

222 404 369 497 νήμασιν
390 403 611 497 ὑπηρείπετο,
637 407 693 476 καὶ
715 403 845 496 τροφήν
867 433 903 476 τε
925 407 982 476 καὶ
1003 412 1190 495 θεραπείαν

223 515 387 600 προσίετο.
423 496 484 597 ἧκε
502 507 540 578 δέ
556 505 626 597 μετ’
647 504 763 596 ὀλίγον
780 510 836 577 καὶ
853 505 1016 598 ὁΚαῖσαρ
1033 503 1119 600 αὐτῇ
1137 512 1190 588 έν·

222 607 429 700 τευξόμενος.
464 604 487 700 ἡ
509 610 549 680 δὲ
574 613 673 690 λιτάς
690 613 729 680 έν
746 607 879 698 στιβάδι
896 607 1114 700 κατακειμένη
1131 639 1189 700 μο-

222 719 364 804 νοχίτων
381 709 625 800 ἀναπηδήσασα
642 717 843 800 προσπίπτει
867 706 976 806 αὐτῷ,
1002 709 1211 801 δπότρομοςι

222 816 264 905 τῇ
286 815 465 906 φωνῇκαὶ
488 829 712 902 συντετηκυῖα
735 829 808 893 ταῖς
825 809 932 898 ὄψεσι.
968 811 1189 896 κελεύσαντος

224 916 262 986 δέ
284 922 346 986 τοῦ
364 921 534 1006 Καίσαρος
557 911 783 1004 ἀνακλιθῆναι
807 916 864 984 καὶ
881 913 986 986 αὐτοῦ
1002 925 1190 1004 παρακαθι-

222 1017 371 1107 σαμένου
396 1019 503 1087 έδεῖτο
527 1013 632 1088 αὐτοῦ
658 1011 704 1098 άς
726 1013 870 1105 μάλιστα
887 1023 947 1088 τοῦ
965 1021 1024 1105 ζῆν
1041 1043 1191 1107 περιεχο·

222 1122 323 1210 μένη·
368 1121 461 1200 τέλος
492 1119 531 1189 δέ
559 1122 627 1190 τάν
656 1117 834 1208 χρημάτων
864 1115 1068 1208 ἀναγραφὴν
1098 1115 1191 1214 αὐτῷ

190 1223 434 1312 σένεχείρισεν.
474 1218 493 1292 ὁ
512 1221 550 1291 δέ
566 1229 770 1310 φιλοψυχεῖν
787 1217 894 1308 αὐτὴν
910 1219 1061 1310 οἰόμενος
1077 1218 1191 1312 ἥδετο,
1205 1254 1230 1294 ιο

223 1324 279 1393 καί
310 1321 416 1394 είπάν
439 1320 496 1393 ὅτι
525 1320 634 1412 πάσης
664 1325 798 1402 ἐλπίδος
835 1317 924 1412 αὐτῇ
960 1319 1191 1415 λαμπρότερον

223 1421 397 1515 χρήσεται,
428 1420 633 1515 ἠπατηκέναι
656 1423 718 1513 μὲν
740 1420 849 1511 αὐτὴν
871 1420 970 1516 ᾤετο,
1001 1431 1130 1513 μᾶλλον
1153 1421 1190 1494 δ’

224 1522 324 1610 αὐτὸς
348 1523 539 1615 ἐξηπάτησα.
591 1529 749 1617 μαθοῦσα
771 1523 836 1616 γάρ
860 1523 904 1608 ὡς
928 1520 946 1596 ὁ
970 1535 1104 1615 Καῖσαρ
1127 1527 1193 1615 μὲν

224 1631 305 1719 πεζῇ
329 1627 384 1698 διά
400 1633 532 1715 Συρίας
549 1635 697 1715 έγνωκεν
713 1624 866 1716 ἀπιέναι,
891 1623 997 1716 αὐτὴν
1023 1624 1055 1698 δ’
1078 1629 1110 1708 ές
1128 1625 1194 1716 τὴν

218 1729 344 1820 Ῥώμην
362 1737 474 1801 στελεῖ
487 1727 571 1818 μετά
587 1736 703 1820 τρίτην
719 1723 858 1820 ἡμέραν,
878 1726 1003 1818 ἐδεήθη
1017 1735 1192 1820 Καίσαρος
1205 1761 1228 1802 ιε
1267 1779 1268 1784 1

223 1827 313 1912 ὅπως
327 1832 491 1921 ἐπενέγκῃ
504 1838 551 1924 τῷ
564 1828 733 1926 ’Λντωνίφ
747 1828 834 1921 χοάς.
866 1833 923 1900 καὶ
941 1832 1192 1923 ἐπιτρέψαντος,

197 1957 200 1962 ’
223 1933 277 2003 έπλ
301 1931 362 2003 τὸν
384 1933 492 2022 τάφον
515 1945 714 2023 κομισθεῖσα
736 1931 842 2003 πολλά
867 1930 1083 2024 ὠλοφύρατο,
1117 1933 1192 2006 εἶτα

223 2035 372 2120 στέψασα
394 2036 451 2106 καὶ
474 2035 756 2124 κατασπασαμένη
779 2033 843 2123 τὴν
866 2032 984 2124 σορόν,
1013 2035 1191 2107 ἐκέλευσεν
1234 2061 1240 2076 ‘

223 2133 308 2228 αὐτῇ
325 2135 467 2227 λουτρὸν
482 2137 651 2226 γενέσθαι.
700 2137 889 2226 λουσαμένη
908 2135 946 2206 δὲ’
962 2137 1019 2206 καὶ
1036 2146 1188 2208 κατακλι-

221 2249 323 2310 θεῖσα
346 2235 483 2329 ἀριστον
505 2236 626 2328 ἠρίστα
649 2236 811 2329 λαμπρόν.
863 2245 923 2308 καί
943 2267 992 2320 τις
1017 2227 1099 2327 ἧκεν
1121 2233 1182 2308 ἀπ’
1200 2269 1230 2310 εο

187 2335 329 2432 Βάγροά
353 2346 496 2430 κομίζων
518 2337 655 2429 ἀγγεῖον
678 2337 793 2411 σύκων
815 2337 945 2429 μεστόν.
981 2344 1049 2410 τῶν
1067 2339 1104 2410 δέ
1121 2368 1189 2430 φυ·
1267 2405 1268 2408 ,

221 2440 336 2512 λάκων
351 2447 387 2511 τί
400 2443 498 2532 φέροι
515 2438 778 2533 ἀνακρινόντων,
798 2444 925 2522 ἐκεῖνος
941 2439 983 2510 τά
999 2445 1086 2513 σῦκα
1102 2436 1189 2513 ἀπέ-
1263 2515 1267 2522 ,

222 2546 345 2625 δειξεν·
373 2547 408 2612 οί
424 2542 462 2612 δέ
479 2539 627 2632 εἰσάγειν
645 2546 808 2616 ἐκέλευον,
846 2542 927 2634 μετά
946 2543 984 2613 δέ
996 2541 1033 2612 τὸ
1051 2539 1190 2634 ἀριστον

221 2641 243 2731 ἡ
260 2641 461 2735 Κλεοπάτρα
485 2647 603 2717 δέλτον
620 2645 960 2735 κατασεσημασμένην
976 2648 1022 2738 τῷ
1040 2652 1190 2734 Καίσαρι

222 2750 356 2816 ἔστειλε.
399 2756 530 2837 Καῖσαρ
556 2747 593 2818 δέ
612 2745 656 2828 ὡς
673 2749 811 2838 ἐνέτυχε
825 2755 929 2828 λιταῖς
949 2747 1108 2836 δεομένης
1126 2745 1186 2818 αά·
1202 2774 1232 2816 τε

220 2850 280 2936 τῆς
302 2851 514 2939 συνταφῆναι
536 2852 584 2942 τῷ
603 2847 789 2943 Ἀντωνίῳ,
816 2846 899 2938 ταχά
924 2853 1050 2938 συνῆκε
1066 2847 1103 2918 τά
1123 2876 1189 2920 πε-

220 2951 424 3040 πραγμένον,
442 2951 498 3021 καὶ
515 2948 599 3021 κατά
616 2948 715 3042 τάχος
732 2947 811 3032 τούς
828 2951 1056 3040 σκεψομένους
1074 2949 1112 3022 τὸ
1130 2977 1190 3038 γε-

219 3049 364 3141 νόμενον
394 3059 549 3143 ἔπεμψεν.
603 3059 638 3122 οἳ
667 3049 779 3147 δρόμῳ
810 3049 1052 3140 καταλαβόντες
1087 3043 1191 3145 εὗρον

1 3214 2 3250 3
220 3149 327 3240 αὐτὴν
360 3165 567 3243 τεθνηκυῖαν
603 3158 640 3226 έν
670 3161 779 3244 χρυσῇ
808 3160 906 3246 κλίνη
936 3155 1191 3244 κεκοσμημένην

107 3322 109 3327 ,
221 3257 411 3335 βασιλικάς.
448 3257 516 3324 τάν
534 3255 572 3324 δέ
588 3258 760 3342 γυναικοῖν
778 3253 799 3344 ἡ
817 3256 878 3346 μέν
895 3254 1000 3349 Είράς
1017 3255 1100 3348 πρὸς
1117 3271 1189 3337 τοῖς
1203 3283 1235 3326 υο

199 3381 205 3392 ·
221 3351 322 3421 ποσὶν
335 3350 560 3443 ἀπέθνησκεν,
578 3349 601 3442 ἦ
616 3356 653 3426 δέ
666 3355 858 3448 Χαρμόνιον
870 3354 936 3447 ἤδη
949 3361 1188 3450 καρηβαροῦσα

222 3450 277 3516 καὶ
309 3455 521 3542 σφαλλομένη
551 3455 746 3548 κατεκόσμει
774 3457 811 3529 τὸ
841 3461 918 3552 περὶ
946 3457 1008 3549 τὴν
1033 3456 1186 3550 κεφαλὴν
