2546 3822
328 167 399 220 LIB.
412 167 471 220 XV.
491 165 567 217 OAP.
581 167 710 243 XXVIII.
728 167 829 217 XXIX.
995 166 1059 230 415

8 395 12 401 ¹
139 305 283 394 μραπτοὶ
300 304 470 394 γράφουσι
488 305 662 398 δέσμιοι
631 331 676 374 τω
666 307 833 430 δεσμίῳ.

8 447 10 496 2
87 401 139 486 οἷς
171 405 271 474 πάλιν
302 405 357 474 διά
387 409 447 476 τοῦ
470 403 580 475 αὐτοῦ
609 374 768 486 666609‘
753 435 771 475 0
796 405 886 486 ὅσιος
910 405 1057 476 ἀνταπέ-

8 557 9 566 1
88 515 206 594 στειλε,
266 555 272 566 ·

140 607 220 688 τοδς
237 621 310 688 ταίς
328 603 493 696 βίβλοισιν
510 603 660 698 οόρανου
647 608 930 696 κλησινράφους

59 735 106 780 ι
140 710 197 777 καλ
215 706 300 798 πρός
317 711 453 797 μέτωπα
471 709 657 800 σωφρόνως
677 711 891 798 ἐστιγμένους

8 887 12 946 Ξ
141 825 324 899 προσεῖπεν
341 808 358 880 ὁ
377 808 594 894 ζάθαπτος
571 837 615 891 ως
634 815 801 898 συνδεσμί
800 838 869 891 ους

8 921 12 1018 ξ
89 909 285 1000 ἕβδομονδ
306 916 377 991 έτος
396 911 558 1010 διανύσας
585 915 622 980 ἐν
645 917 693 1004 τῷ
710 911 806 1004 τάφῳ
825 909 842 980 ὁ
862 909 1001 998 ἀγιος,ε
986 909 1058 981 εἶτα

8 1021 11 1098 ’ξ
87 1013 265 1099 ἐκβληθεὶς
284 1013 427 1100 ἐκεῖθεν,
447 1006 567 1093 ἐντοῖς
585 1011 782 1100 ἀνακτόροις
795 1013 1090 1100 κατεκέκλειστο,Ι)

8 1133 10 1188 3
85 1111 253 1242 μηδενός
254 1109 362 1183 αότδν
386 1111 533 1204 ὁροῖντος
558 1110 579 1200 6
604 1113 711 1202 μόνον
729 1119 790 1182 006
806 1111 1057 1240 ὑπηρετοῦντος

45 1247 73 1286 ιο
85 1209 182 1306 αάτςό
199 1215 255 1282 καὶ
272 1241 332 1284 του
320 1215 525 1338 βασιλέως.
560 1221 756 1303 φιλοπονεῖν
772 1215 839 1306 ηάρ
858 1213 875 1284 6
895 1215 1057 1303 Θεόφιλος

86 1313 187 1383 κάλ’
168 1315 409 1402 αυανινόσκων
431 1314 545 1404 ηρότα
568 1315 629 1386 τόν
656 1313 749 1405 ίερόν
773 1315 968 1388 Μεθόδιον
980 1317 1057 1405 περὶ

88 1409 137 1484 66
162 1411 427 1504 ἀμφιβάλλων
406 1436 465 1504 ην
493 1417 544 1487 διδ
564 1419 620 1486 καί
640 1421 767 1498 ἐντοῖς
787 1415 1024 1506 ἀποδημίαις’
1004 1417 1056 1486 αεὶ

8 1551 9 1560 ³
88 1517 235 1586 συνόντα
254 1515 407 1604 είχεν’
364 1517 479 1586 αυτόν
1034 1543 1035 1548 ’

8 1597 13 1746 Ξ
124 1615 324 1708 Ἕαροςδ
345 1617 538 1698 ἐπιστάντος
556 1618 639 1686 κατά
656 1621 726 1687 τόν
740 1617 968 1709 ’60660036‘
953 1645 971 1688 0
988 1625 1052 1706 βα·
1067 1619 1110 1684 29

8 1723 72 1816 ξιε
89 1717 203 1799 σιλεδς
221 1719 277 1787 καὶ
296 1718 396 1788 πάλιν
414 1709 474 1808 ἦρε
491 1719 530 1788 τά
550 1719 649 1806 όπλα,
664 1719 721 1788 καὶ
734 1719 842 1790 πολλά
856 1748 914 1808 της
923 1727 1055 1810 Συρίας

8 1807 11 1918 ξ
86 1819 291 1908 ἐξεπόρθησε
321 1821 378 1889 καὶ
409 1819 542 1890 πόλεων
571 1819 748 1911 ἐκράτησε,
780 1823 836 1890 καὶ
866 1819 970 1908 αὐτῆς
995 1826 1055 1909 τῆς

8 1929 12 1950 ’
50 1913 365 2010 Σωζοπέτρας,“
342 1951 363 2010 6
389 1922 550 2011 πατρλς’
533 1921 694 2010 ετόνχανε
723 1927 785 1992 τοῦ
806 1919 1054 2044 Ἀμερμουμνη,

85 2021 270 2090 καὶταῦτα
294 2021 403 2092 πολλά
424 2023 591 2191 δεομένου
618 2025 748 2092 ἐκείνου
773 2033 957 2111 φείσασθαι
986 2051 1046 2111 της
1054 2050 1154 2102 P11151

8 2117 11 2194 ξ
85 2127 245 2212 πατρίδος
264 2121 380 2193 αὐτοῦ.
416 2151 434 2192 0
458 2123 521 2211 μν
544 2115 610 2192 066
626 2122 783 2213 βασιλεύς
800 2123 974 2206 ἀνέζευξεν
992 2117 1086 2192 εό-Α

8 2217 11 2296 Ξ
40 2255 70 2295 ιο
84 2228 204 2310 τνχῶς.
240 2219 257 2292 6
278 2223 448 2311 Θεόφοβος
473 2223 511 2292 δὲ
534 2231 786 2312 καταλειφθείς,
813 2223 898 2293 όίστε
920 2222 960 2292 τά
985 2230 1054 2292 τάν

85 2323 341 2411 στρατευμάτων
359 2323 656 2414 οἰκονομήσασθαι,
675 2327 748 2394 ἐπεὶ
765 2323 803 2394 τδ
821 2329 891 2395 τόν
909 2330 1054 2414 Περσων

8 2447 10 2496 2
85 2422 247 2511 ὑστέρησε
272 2425 469 2516 σιτηρέσιον,
496 2425 684 2515 στράτευμα
707 2423 772 2515 γάρ
796 2419 840 2514 ἦν
857 2431 904 2519 τῷ
922 2433 1056 2514 βασιλεῖ

85 2521 270 2612 Περσικόν,
295 2525 591 2617 περιαλμησάντων
618 2525 671 2596 διά
690 2533 791 2597 τοῦτο
809 2533 878 2598 τόν
895 2532 1052 2619 Περσῶν,

83 2623 242 2712 βασιλεδς
266 2624 345 2716 παρ’
373 2625 488 2696 αότάν
512 2625 685 2720 ἀνερρήθη
709 2631 765 2698 καὶ
790 2626 900 2716 ἀκων,
924 2633 1054 2718 μᾶλλον

9 2795 10 2798 ,
39 2760 70 2801 25
85 2725 124 2794 δέ
148 2727 205 2794 καλ
228 2734 433 2818 παρακαλῶν
457 2723 584 2809 αότοδς
608 2739 762 2818 μεθεῖναι
790 2735 850 2817 τῆς
880 2725 1053 2816 ἀπονοίας,

8 2831 10 2884 ἰ
85 2826 130 2915 μη
149 2829 206 2896 καί
226 2827 366 2909 ἑαυτοδς
391 2830 449 2898 καὶ
475 2829 596 2901 ἑαυτόν
616 2829 762 2918 ἐσχάτοις
780 2842 895 2910 κακοῖς
913 2829 1052 2953 περιβά-

85 2937 202 2997 λωσιν·
222 2925 297 2998 ἀλλ’
318 2923 382 2999 οόκ
400 2935 523 3000 έπειθε
560 2931 687 2999 στέλλει
703 2936 790 3018 γοῦν
808 2929 892 3021 πρὸς
910 2928 971 2999 τόν
988 2936 1052 3018 βα-

8 3033 10 3122 ζ
64 3029 188 3117 ·σιλέα,
206 3033 304 3130 τοῦτο
321 3030 403 3114 τοδς
417 3032 551 3119 Πέρσας
570 3026 863 3156 ἀποκρυψάμενος,
881 3035 1053 3121 γνωρίζων

8 3161 10 3228 j
83 3129 121 3198 τδ
139 3127 279 3217 γεγονός
297 3158 353 3200 και
342 3133 478 3220 μηδέν
490 3159 522 3200 τι
536 3127 611 3200 κατ’
631 3129 736 3202 αὐτοῦ
749 3127 952 3202 δποπτεόειν
970 3140 1052 3220 πλη-

8 3261 12 3322 ζ
39 3267 69 3306 30
84 3237 250 3354 ρρφοράν.
275 3259 332 3300 και
321 3231 544 3304 ἐπανελθών
555 3233 751 3328 πρόσεισι
718 3261 766 3303 τω
751 3240 921 3322 βασιλεῖ,
936 3229 1154 3302 06-6111126

83 3331 141 3412 τός
164 3332 229 3420 μὲν·
250 3329 451 3422 ἀποδεχθεὶς
477 3329 701 3422 εόμενέστατα
725 3334 840 3404 καὶ
802 3363 867 3424 την
884 3335 1052 3426 προτεραν

84 3427 266 3521 εὐετηρίαν
284 3431 488 3524 ἀπειληφοός.
519 3437 575 3505 καί
593 3440 629 3506 oc
644 3436 775 3528 Πέρσαι
793 3437 831 3507 δὲ
849 3435 1083 3526 συγγνοίμηςΒ
