<?xml version="1.0" encoding="UTF-8"?>
<!DOCTYPE html PUBLIC "-//W3C//DTD XHTML 1.0 Transitional//EN"
    "http://www.w3.org/TR/xhtml1/DTD/xhtml1-transitional.dtd">
<html xmlns="http://www.w3.org/1999/xhtml" xml:lang="en" lang="en">
 <head>
  <title>
</title>
<meta http-equiv="Content-Type" content="text/html;charset=utf-8" />
  <meta name='ocr-system' content='tesseract 3.04.00' />
  <meta name='ocr-capabilities' content='ocr_page ocr_carea ocr_par ocr_line ocrx_word'/>
</head>
<body>
  <div class='ocr_page' id='page_1' title='image "./iannoutouznapae01canggoog_0655.png"; bbox 0 0 2566 3800; ppageno 0'>
   <div class='ocr_carea' id='block_1_1' title="bbox 238 10 1271 248">
    <p class='ocr_par' dir='ltr' id='par_1_1' title="bbox 238 10 1271 248">
     <span class='ocr_line' id='line_1_1' title="bbox 238 10 1271 248; baseline -0.024 0"><span class='ocrx_word' id='word_1_1' title='bbox 238 183 299 248; x_wconf 79' lang='lat'><strong><em>170</em></strong></span> <span class='ocrx_word' id='word_1_2' title='bbox 530 180 912 234; x_wconf 76' lang='lat' dir='ltr'>LIB.X11.GAP.xxxlv.</span> <span class='ocrx_word' id='word_1_3' title='bbox 1052 10 1271 209; x_wconf 65' lang='grc' dir='ltr'><strong>Ἶ</strong></span> 
     </span>
    </p>
   </div>
   <div class='ocr_carea' id='block_1_2' title="bbox 134 309 1270 2225">
    <p class='ocr_par' dir='ltr' id='par_1_2' title="bbox 134 309 1270 2225">
     <span class='ocr_line' id='line_1_2' title="bbox 235 309 1206 384; baseline -0.003 -13"><span class='ocrx_word' id='word_1_4' title='bbox 235 317 292 371; x_wconf 83' lang='grc' dir='ltr'><strong><em>τάν</em></strong></span> <span class='ocrx_word' id='word_1_5' title='bbox 316 311 348 370; x_wconf 91' lang='grc' dir='ltr'><strong><em>έν</em></strong></span> <span class='ocrx_word' id='word_1_6' title='bbox 368 309 458 384; x_wconf 81' lang='grc' dir='ltr'><strong><em>Ῥιόμη</em></strong></span> <span class='ocrx_word' id='word_1_7' title='bbox 480 315 588 369; x_wconf 80' lang='grc' dir='ltr'><strong><em>πιστῶν</em></strong></span> <span class='ocrx_word' id='word_1_8' title='bbox 609 316 661 380; x_wconf 82' lang='grc' dir='ltr'><strong><em>τού</em></strong></span> <span class='ocrx_word' id='word_1_9' title='bbox 681 312 848 368; x_wconf 73' lang='grc' dir='ltr'><em>Μιλτιάδου</em></span> <span class='ocrx_word' id='word_1_10' title='bbox 869 315 1043 382; x_wconf 74' lang='grc' dir='ltr'><strong><em>Σίλβεστρος</em></strong></span> <span class='ocrx_word' id='word_1_11' title='bbox 1063 309 1206 382; x_wconf 88' lang='grc' dir='ltr'><strong><em>διάδοχος</em></strong></span> 
     </span>
     <span class='ocr_line' id='line_1_3' title="bbox 235 377 1206 456; baseline -0.004 -18"><span class='ocrx_word' id='word_1_12' title='bbox 235 383 362 453; x_wconf 88' lang='grc' dir='ltr'><strong><em>γέγονεν,</em></strong></span> <span class='ocrx_word' id='word_1_13' title='bbox 388 377 419 437; x_wconf 86' lang='grc' dir='ltr'><strong><em>έν</em></strong></span> <span class='ocrx_word' id='word_1_14' title='bbox 428 377 584 456; x_wconf 71' lang='grc' dir='ltr'><strong><em>Ἀντιοχείᾳ</em></strong></span> <span class='ocrx_word' id='word_1_15' title='bbox 598 380 630 435; x_wconf 81' lang='grc' dir='ltr'><strong><em>δέ</em></strong></span> <span class='ocrx_word' id='word_1_16' title='bbox 642 377 714 450; x_wconf 88' lang='grc' dir='ltr'><strong><em>μετά</em></strong></span> <span class='ocrx_word' id='word_1_17' title='bbox 730 379 880 448; x_wconf 77' lang='grc' dir='ltr'><strong><em>Τύραννον</em></strong></span> <span class='ocrx_word' id='word_1_18' title='bbox 893 379 955 444; x_wconf 78' lang='grc' dir='ltr'><strong><em>ἔτος</em></strong></span> <span class='ocrx_word' id='word_1_19' title='bbox 969 377 1206 448; x_wconf 77' lang='grc' dir='ltr'><strong><em>έπισκσπησαντα</em></strong></span> 
     </span>
     <span class='ocr_line' id='line_1_4' title="bbox 235 443 1206 520; baseline -0.002 -15"><span class='ocrx_word' id='word_1_20' title='bbox 235 450 472 520; x_wconf 77' lang='grc' dir='ltr'><strong><em>τρισκαιδέκατον</em></strong></span> <span class='ocrx_word' id='word_1_21' title='bbox 484 451 689 518; x_wconf 73' lang='grc' dir='ltr'><strong><em>προεχειρίσθη</em></strong></span> <span class='ocrx_word' id='word_1_22' title='bbox 703 443 849 511; x_wconf 87' lang='grc' dir='ltr'><strong><em>Βιτάλιος,</em></strong></span> <span class='ocrx_word' id='word_1_23' title='bbox 864 449 913 502; x_wconf 78' lang='grc' dir='ltr'><strong><em>καί</em></strong></span> <span class='ocrx_word' id='word_1_24' title='bbox 926 449 1030 503; x_wconf 82' lang='grc' dir='ltr'><strong><em>τούτου</em></strong></span> <span class='ocrx_word' id='word_1_25' title='bbox 1043 446 1126 502; x_wconf 77' lang='grc' dir='ltr'><strong><em>ἕκτον</em></strong></span> <span class='ocrx_word' id='word_1_26' title='bbox 1139 447 1206 511; x_wconf 85' lang='grc' dir='ltr'><strong><em>έτος</em></strong></span> 
     </span>
     <span class='ocr_line' id='line_1_5' title="bbox 235 511 1206 589; baseline -0.004 -15"><span class='ocrx_word' id='word_1_27' title='bbox 235 513 384 576; x_wconf 89' lang='grc' dir='ltr'><strong><em>άνύσαντα</em></strong></span> <span class='ocrx_word' id='word_1_28' title='bbox 402 515 555 584; x_wconf 80' lang='grc' dir='ltr'><strong><em>διεδέξατο</em></strong></span> <span class='ocrx_word' id='word_1_29' title='bbox 568 515 738 586; x_wconf 77' lang='grc' dir='ltr'><strong><em>Φιλογένης,</em></strong></span> <span class='ocrx_word' id='word_1_30' title='bbox 759 511 886 589; x_wconf 82' lang='grc' dir='ltr'><strong><em>κάκείνῳ</em></strong></span> <span class='ocrx_word' id='word_1_31' title='bbox 906 515 992 571; x_wconf 86' lang='grc' dir='ltr'><strong><em>πέντε</em></strong></span> <span class='ocrx_word' id='word_1_32' title='bbox 1014 511 1206 572; x_wconf 85' lang='grc' dir='ltr'><strong><em>άνυσθέντων</em></strong></span> 
     </span>
     <span class='ocr_line' id='line_1_6' title="bbox 203 579 1231 654; baseline -0.004 -14"><span class='ocrx_word' id='word_1_33' title='bbox 203 582 378 642; x_wconf 80' lang='grc' dir='ltr'><strong><em>Οένιαυτῶν</em></strong></span> <span class='ocrx_word' id='word_1_34' title='bbox 399 583 500 654; x_wconf 84' lang='grc' dir='ltr'><strong><em>γέγονε</em></strong></span> <span class='ocrx_word' id='word_1_35' title='bbox 521 588 668 646; x_wconf 84' lang='grc' dir='ltr'><strong><em>Παυλῖνος</em></strong></span> <span class='ocrx_word' id='word_1_36' title='bbox 690 579 838 652; x_wconf 90' lang='grc' dir='ltr'><strong><em>διάδοχος.</em></strong></span> <span class='ocrx_word' id='word_1_37' title='bbox 871 586 928 637; x_wconf 81' lang='grc' dir='ltr'><strong><em>τῶν</em></strong></span> <span class='ocrx_word' id='word_1_38' title='bbox 948 580 978 638; x_wconf 90' lang='grc' dir='ltr'><strong><em>δ’</em></strong></span> <span class='ocrx_word' id='word_1_39' title='bbox 996 580 1231 652; x_wconf 70' lang='grc' dir='ltr'><strong><em>Ἴεροσολύμωνο</em></strong></span> 
     </span>
     <span class='ocr_line' id='line_1_7' title="bbox 235 644 1205 724; baseline -0.005 -15"><span class='ocrx_word' id='word_1_40' title='bbox 235 649 308 724; x_wconf 85' lang='grc' dir='ltr'><strong><em>μετά</em></strong></span> <span class='ocrx_word' id='word_1_41' title='bbox 322 647 442 721; x_wconf 83' lang='grc' dir='ltr'><strong><em>Ζάβδαν</em></strong></span> <span class='ocrx_word' id='word_1_42' title='bbox 455 647 503 706; x_wconf 83' lang='grc' dir='ltr'><strong><em>έπλ</em></strong></span> <span class='ocrx_word' id='word_1_43' title='bbox 516 651 640 706; x_wconf 79' lang='grc' dir='ltr'><strong><em>δέκατον</em></strong></span> <span class='ocrx_word' id='word_1_44' title='bbox 663 647 917 722; x_wconf 72' lang='grc' dir='ltr'><strong><em>λελειτουργηκότα</em></strong></span> <span class='ocrx_word' id='word_1_45' title='bbox 938 646 1074 706; x_wconf 87' lang='grc' dir='ltr'><strong><em>ένιαυτδν</em></strong></span> <span class='ocrx_word' id='word_1_46' title='bbox 1084 644 1205 718; x_wconf 82' lang='grc' dir='ltr'><strong><em>Ἕρμων</em></strong></span> 
     </span>
     <span class='ocr_line' id='line_1_8' title="bbox 237 713 1205 806; baseline -0.003 -29"><span class='ocrx_word' id='word_1_47' title='bbox 237 717 416 792; x_wconf 76' lang='grc' dir='ltr'><strong><em>ἐκληρώσατο</em></strong></span> <span class='ocrx_word' id='word_1_48' title='bbox 435 717 488 775; x_wconf 83' lang='grc' dir='ltr'><strong><em>τόν</em></strong></span> <span class='ocrx_word' id='word_1_49' title='bbox 508 715 618 787; x_wconf 85' lang='grc' dir='ltr'><strong><em>θρόνον</em></strong></span> <span class='ocrx_word' id='word_1_50' title='bbox 638 715 689 772; x_wconf 86' lang='grc' dir='ltr'><strong><em>τὸν</em></strong></span> <span class='ocrx_word' id='word_1_51' title='bbox 710 713 919 806; x_wconf 74' lang='grc' dir='ltr'><strong><em>άρχιερατικόν.</em></strong></span> <span class='ocrx_word' id='word_1_52' title='bbox 951 719 1004 786; x_wconf 76' lang='grc' dir='ltr'><strong><em>τῆς</em></strong></span> <span class='ocrx_word' id='word_1_53' title='bbox 1024 713 1052 772; x_wconf 89' lang='grc' dir='ltr'><strong><em>δ’</em></strong></span> <span class='ocrx_word' id='word_1_54' title='bbox 1072 713 1205 786; x_wconf 76' lang='grc' dir='ltr'><strong><em>Ἀλεξαν·</em></strong></span> 
     </span>
     <span class='ocr_line' id='line_1_9' title="bbox 236 779 1205 858; baseline -0.006 -12"><span class='ocrx_word' id='word_1_55' title='bbox 236 793 335 858; x_wconf 87' lang='grc' dir='ltr'><strong><em>δρείας</em></strong></span> <span class='ocrx_word' id='word_1_56' title='bbox 347 785 419 857; x_wconf 86' lang='grc' dir='ltr'><strong><em>μετά</em></strong></span> <span class='ocrx_word' id='word_1_57' title='bbox 432 784 483 842; x_wconf 89' lang='grc' dir='ltr'><strong><em>τόν</em></strong></span> <span class='ocrx_word' id='word_1_58' title='bbox 496 785 687 856; x_wconf 81' lang='grc' dir='ltr'><strong><em>ίερομάρτυρα</em></strong></span> <span class='ocrx_word' id='word_1_59' title='bbox 700 791 811 854; x_wconf 77' lang='grc' dir='ltr'><strong><em>Πέτρον</em></strong></span> <span class='ocrx_word' id='word_1_60' title='bbox 830 785 902 840; x_wconf 89' lang='grc' dir='ltr'><strong><em>δέκα</em></strong></span> <span class='ocrx_word' id='word_1_61' title='bbox 919 785 1011 840; x_wconf 86' lang='grc' dir='ltr'><strong><em>έτεσιν</em></strong></span> <span class='ocrx_word' id='word_1_62' title='bbox 1029 779 1076 854; x_wconf 72' lang='grc' dir='ltr'><strong><em>ἐφ’</em></strong></span> <span class='ocrx_word' id='word_1_63' title='bbox 1092 781 1138 841; x_wconf 82' lang='grc' dir='ltr'><strong><em>ένλ</em></strong></span> <span class='ocrx_word' id='word_1_64' title='bbox 1153 784 1205 840; x_wconf 87' lang='grc' dir='ltr'><strong><em>τόν</em></strong></span> 
     </span>
     <span class='ocr_line' id='line_1_10' title="bbox 236 848 1204 927; baseline -0.005 -14"><span class='ocrx_word' id='word_1_65' title='bbox 236 861 287 927; x_wconf 81' lang='grc' dir='ltr'><strong><em>τῆς</em></strong></span> <span class='ocrx_word' id='word_1_66' title='bbox 304 851 515 926; x_wconf 74' lang='grc' dir='ltr'><strong><em>ἀρχιερωσύνης</em></strong></span> <span class='ocrx_word' id='word_1_67' title='bbox 532 850 642 923; x_wconf 88' lang='grc' dir='ltr'><strong><em>θρόνον</em></strong></span> <span class='ocrx_word' id='word_1_68' title='bbox 659 850 843 924; x_wconf 82' lang='grc' dir='ltr'><strong><em>κοσμήσαντα</em></strong></span> <span class='ocrx_word' id='word_1_69' title='bbox 858 848 1043 924; x_wconf 70' lang='grc' dir='ltr'><strong><em>Ἀλέξανδρος</em></strong></span> <span class='ocrx_word' id='word_1_70' title='bbox 1056 850 1110 923; x_wconf 80' lang='grc' dir='ltr'><strong><em>τήν</em></strong></span> <span class='ocrx_word' id='word_1_71' title='bbox 1123 849 1204 923; x_wconf 87' lang='grc' dir='ltr'><strong><em>ἀρχι-</em></strong></span> 
     </span>
     <span class='ocr_line' id='line_1_11' title="bbox 237 915 1243 1004; baseline -0.003 -23"><span class='ocrx_word' id='word_1_72' title='bbox 237 921 382 994; x_wconf 86' lang='grc' dir='ltr'><strong><em>ερωσύνην</em></strong></span> <span class='ocrx_word' id='word_1_73' title='bbox 403 923 535 993; x_wconf 79' lang='grc' dir='ltr'><strong><em>ἔσχηκεν,</em></strong></span> <span class='ocrx_word' id='word_1_74' title='bbox 572 917 604 976; x_wconf 89' lang='grc' dir='ltr'><strong><em>έν</em></strong></span> <span class='ocrx_word' id='word_1_75' title='bbox 625 919 659 975; x_wconf 74' lang='grc' dir='ltr'><strong><em>δέ</em></strong></span> <span class='ocrx_word' id='word_1_76' title='bbox 675 920 766 1004; x_wconf 78' lang='grc' dir='ltr'><strong><em>Ῥώμη</em></strong></span> <span class='ocrx_word' id='word_1_77' title='bbox 778 917 850 990; x_wconf 86' lang='grc' dir='ltr'><strong><em>μετά</em></strong></span> <span class='ocrx_word' id='word_1_78' title='bbox 863 923 1038 990; x_wconf 84' lang='grc' dir='ltr'><strong><em>Σίλβεστρσν</em></strong></span> <span class='ocrx_word' id='word_1_79' title='bbox 1059 915 1106 976; x_wconf 78' lang='grc' dir='ltr'><strong><em>ἐπ’</em></strong></span> <span class='ocrx_word' id='word_1_80' title='bbox 1127 921 1203 976; x_wconf 86' lang='grc' dir='ltr'><strong><em>έτεσι</em></strong></span> <span class='ocrx_word' id='word_1_81' title='bbox 1219 936 1243 978; x_wconf 84' lang='lat'><strong><em>10</em></strong></span> 
     </span>
     <span class='ocr_line' id='line_1_12' title="bbox 237 983 1204 1064; baseline -0.004 -16"><span class='ocrx_word' id='word_1_82' title='bbox 237 991 491 1064; x_wconf 77' lang='grc' dir='ltr'><strong><em>λελειτουργηκότα</em></strong></span> <span class='ocrx_word' id='word_1_83' title='bbox 510 992 600 1045; x_wconf 78' lang='grc' dir='ltr'><strong><em>εἴκοσι</em></strong></span> <span class='ocrx_word' id='word_1_84' title='bbox 620 989 671 1043; x_wconf 84' lang='grc' dir='ltr'><strong><em>καλ</em></strong></span> <span class='ocrx_word' id='word_1_85' title='bbox 683 983 756 1044; x_wconf 89' lang='grc' dir='ltr'><strong><em>όκτω</em></strong></span> <span class='ocrx_word' id='word_1_86' title='bbox 768 985 888 1052; x_wconf 80' lang='grc' dir='ltr'><strong><em>Ἰούλιος</em></strong></span> <span class='ocrx_word' id='word_1_87' title='bbox 900 988 1024 1058; x_wconf 78' lang='grc' dir='ltr'><strong><em>προέστη</em></strong></span> <span class='ocrx_word' id='word_1_88' title='bbox 1037 989 1088 1058; x_wconf 78' lang='grc' dir='ltr'><strong><em>τῆς</em></strong></span> <span class='ocrx_word' id='word_1_89' title='bbox 1101 985 1204 1060; x_wconf 87' lang='grc' dir='ltr'><strong><em>έκκλη-</em></strong></span> 
     </span>
     <span class='ocr_line' id='line_1_13' title="bbox 236 1050 1205 1127; baseline -0.002 -11"><span class='ocrx_word' id='word_1_90' title='bbox 236 1065 299 1124; x_wconf 90' lang='grc' dir='ltr'><strong><em>σίας</em></strong></span> <span class='ocrx_word' id='word_1_91' title='bbox 312 1059 361 1127; x_wconf 88' lang='grc' dir='ltr'><strong><em>έτη</em></strong></span> <span class='ocrx_word' id='word_1_92' title='bbox 373 1059 593 1114; x_wconf 88' lang='grc' dir='ltr'><strong><em>πεντεκαίδεκα.</em></strong></span> <span class='ocrx_word' id='word_1_93' title='bbox 612 1052 681 1125; x_wconf 87' lang='grc' dir='ltr'><strong><em>μεθ’</em></strong></span> <span class='ocrx_word' id='word_1_94' title='bbox 697 1050 731 1113; x_wconf 86' lang='grc' dir='ltr'><strong><em>δν</em></strong></span> <span class='ocrx_word' id='word_1_95' title='bbox 742 1056 875 1126; x_wconf 84' lang='grc' dir='ltr'><strong><em>Λιβέρισς</em></strong></span> <span class='ocrx_word' id='word_1_96' title='bbox 888 1055 971 1112; x_wconf 83' lang='grc' dir='ltr'><strong><em>έκτον</em></strong></span> <span class='ocrx_word' id='word_1_97' title='bbox 983 1051 1091 1124; x_wconf 78' lang='grc' dir='ltr'><strong><em>ἤνυσεν</em></strong></span> <span class='ocrx_word' id='word_1_98' title='bbox 1104 1053 1205 1114; x_wconf 85' lang='grc' dir='ltr'><strong><em>ένιαν·</em></strong></span> 
     </span>
     <span class='ocr_line' id='line_1_14' title="bbox 235 1119 1205 1194; baseline -0.003 -11"><span class='ocrx_word' id='word_1_99' title='bbox 235 1125 295 1192; x_wconf 90' lang='grc' dir='ltr'><strong><em>τόν,</em></strong></span> <span class='ocrx_word' id='word_1_100' title='bbox 315 1122 454 1183; x_wconf 80' lang='grc' dir='ltr'><strong><em>κάκεῖνον</em></strong></span> <span class='ocrx_word' id='word_1_101' title='bbox 476 1126 628 1192; x_wconf 79' lang='grc' dir='ltr'><strong><em>διεδέξατο</em></strong></span> <span class='ocrx_word' id='word_1_102' title='bbox 650 1122 800 1194; x_wconf 88' lang='grc' dir='ltr'><strong><em>Δάμασος,</em></strong></span> <span class='ocrx_word' id='word_1_103' title='bbox 822 1119 900 1178; x_wconf 81' lang='grc' dir='ltr'><strong><em>όκτά</em></strong></span> <span class='ocrx_word' id='word_1_104' title='bbox 921 1123 971 1178; x_wconf 85' lang='grc' dir='ltr'><strong><em>καλ</em></strong></span> <span class='ocrx_word' id='word_1_105' title='bbox 985 1126 1093 1179; x_wconf 83' lang='grc' dir='ltr'><strong><em>είκοσιν</em></strong></span> <span class='ocrx_word' id='word_1_106' title='bbox 1106 1120 1205 1180; x_wconf 87' lang='grc' dir='ltr'><strong><em>ένιασ-</em></strong></span> 
     </span>
     <span class='ocr_line' id='line_1_15' title="bbox 201 1188 1205 1273; baseline -0.004 -21"><span class='ocrx_word' id='word_1_107' title='bbox 201 1203 226 1252; x_wconf 93' lang='lat' dir='ltr'>D</span> <span class='ocrx_word' id='word_1_108' title='bbox 237 1191 305 1259; x_wconf 87' lang='grc' dir='ltr'><strong><em>τούς</em></strong></span> <span class='ocrx_word' id='word_1_109' title='bbox 316 1191 463 1264; x_wconf 91' lang='grc' dir='ltr'><strong><em>ποιμάνας</em></strong></span> <span class='ocrx_word' id='word_1_110' title='bbox 475 1191 542 1257; x_wconf 85' lang='grc' dir='ltr'><strong><em>τούς</em></strong></span> <span class='ocrx_word' id='word_1_111' title='bbox 554 1188 681 1258; x_wconf 86' lang='grc' dir='ltr'><strong><em>πιστούς,</em></strong></span> <span class='ocrx_word' id='word_1_112' title='bbox 695 1193 743 1247; x_wconf 85' lang='grc' dir='ltr'><strong><em>καλ</em></strong></span> <span class='ocrx_word' id='word_1_113' title='bbox 755 1193 857 1273; x_wconf 70' lang='grc' dir='ltr'><strong><em>τοῦτον</em></strong></span> <span class='ocrx_word' id='word_1_114' title='bbox 863 1195 1003 1259; x_wconf 85' lang='grc' dir='ltr'><strong><em>Σιρίκιος,</em></strong></span> <span class='ocrx_word' id='word_1_115' title='bbox 1017 1189 1065 1262; x_wconf 79' lang='grc' dir='ltr'><strong><em>ἔτη</em></strong></span> <span class='ocrx_word' id='word_1_116' title='bbox 1075 1198 1205 1261; x_wconf 87' lang='grc' dir='ltr'><strong><em>λειτουρ·</em></strong></span> 
     </span>
     <span class='ocr_line' id='line_1_16' title="bbox 235 1255 1244 1335; baseline -0.004 -17"><span class='ocrx_word' id='word_1_117' title='bbox 235 1261 325 1335; x_wconf 77' lang='grc' dir='ltr'><strong><em>γήσας</em></strong></span> <span class='ocrx_word' id='word_1_118' title='bbox 343 1256 507 1331; x_wconf 76' lang='grc' dir='ltr'><strong><em>ἑξκαίδεκα.</em></strong></span> <span class='ocrx_word' id='word_1_119' title='bbox 533 1257 595 1315; x_wconf 79' lang='grc' dir='ltr'><strong><em>εἶτα</em></strong></span> <span class='ocrx_word' id='word_1_120' title='bbox 613 1263 827 1334; x_wconf 85' lang='grc' dir='ltr'><strong><em>προκεχείριστσ</em></strong></span> <span class='ocrx_word' id='word_1_121' title='bbox 845 1258 1041 1324; x_wconf 88' lang='grc' dir='ltr'><strong><em>Ιννσκέντιος,</em></strong></span> <span class='ocrx_word' id='word_1_122' title='bbox 1058 1255 1089 1315; x_wconf 87' lang='grc' dir='ltr'><strong><em>έν</em></strong></span> <span class='ocrx_word' id='word_1_123' title='bbox 1101 1280 1205 1315; x_wconf 86' lang='grc' dir='ltr'><strong><em>πεντε·</em></strong></span> <span class='ocrx_word' id='word_1_124' title='bbox 1219 1273 1244 1314; x_wconf 64' lang='lat'><strong><em>14</em></strong></span> 
     </span>
     <span class='ocr_line' id='line_1_17' title="bbox 234 1322 1204 1396; baseline -0.004 -9"><span class='ocrx_word' id='word_1_125' title='bbox 234 1334 359 1388; x_wconf 86' lang='grc' dir='ltr'><strong><em>καίδεκα</em></strong></span> <span class='ocrx_word' id='word_1_126' title='bbox 371 1327 516 1392; x_wconf 76' lang='grc' dir='ltr'><strong><em>ἐνιαυτοῖς</em></strong></span> <span class='ocrx_word' id='word_1_127' title='bbox 529 1323 655 1393; x_wconf 77' lang='grc' dir='ltr'><strong><em>διδάξας</em></strong></span> <span class='ocrx_word' id='word_1_128' title='bbox 668 1325 718 1382; x_wconf 82' lang='grc' dir='ltr'><strong><em>τὸν</em></strong></span> <span class='ocrx_word' id='word_1_129' title='bbox 729 1330 781 1382; x_wconf 83' lang='grc' dir='ltr'><strong><em>τού</em></strong></span> <span class='ocrx_word' id='word_1_130' title='bbox 794 1329 897 1395; x_wconf 81' lang='grc' dir='ltr'><strong><em>κυρίου</em></strong></span> <span class='ocrx_word' id='word_1_131' title='bbox 910 1322 988 1382; x_wconf 89' lang='grc' dir='ltr'><strong><em>λαόν.</em></strong></span> <span class='ocrx_word' id='word_1_132' title='bbox 1008 1329 1058 1382; x_wconf 83' lang='grc' dir='ltr'><strong><em>καλ</em></strong></span> <span class='ocrx_word' id='word_1_133' title='bbox 1073 1322 1204 1396; x_wconf 79' lang='grc' dir='ltr'><strong><em>Ζάοιμος</em></strong></span> 
     </span>
     <span class='ocr_line' id='line_1_18' title="bbox 235 1389 1204 1475; baseline -0.006 -21"><span class='ocrx_word' id='word_1_134' title='bbox 235 1401 274 1472; x_wconf 77' lang='grc' dir='ltr'><strong><em>τῷ</em></strong></span> <span class='ocrx_word' id='word_1_135' title='bbox 286 1400 385 1473; x_wconf 79' lang='grc' dir='ltr'><strong><em>θρόνῳ</em></strong></span> <span class='ocrx_word' id='word_1_136' title='bbox 397 1401 447 1469; x_wconf 80' lang='grc' dir='ltr'><strong><em>της</em></strong></span> <span class='ocrx_word' id='word_1_137' title='bbox 455 1394 602 1463; x_wconf 88' lang='grc' dir='ltr'><strong><em>Ῥωμαίων</em></strong></span> <span class='ocrx_word' id='word_1_138' title='bbox 621 1389 773 1475; x_wconf 73' lang='grc' dir='ltr'><strong><em>έκκλησίας</em></strong></span> <span class='ocrx_word' id='word_1_139' title='bbox 790 1391 935 1462; x_wconf 88' lang='grc' dir='ltr'><strong><em>ένίδρυτο,</em></strong></span> <span class='ocrx_word' id='word_1_140' title='bbox 954 1389 1101 1460; x_wconf 87' lang='grc' dir='ltr'><strong><em>θανόντος</em></strong></span> <span class='ocrx_word' id='word_1_141' title='bbox 1112 1389 1204 1449; x_wconf 88' lang='grc' dir='ltr'><strong><em>Ἰννο-</em></strong></span> 
     </span>
     <span class='ocr_line' id='line_1_19' title="bbox 235 1459 1204 1529; baseline -0.004 -7"><span class='ocrx_word' id='word_1_142' title='bbox 235 1469 360 1522; x_wconf 89' lang='grc' dir='ltr'><strong><em>κεντίου.</em></strong></span> <span class='ocrx_word' id='word_1_143' title='bbox 391 1460 426 1521; x_wconf 89' lang='grc' dir='ltr'><strong><em>δν</em></strong></span> <span class='ocrx_word' id='word_1_144' title='bbox 443 1461 610 1519; x_wconf 77' lang='grc' dir='ltr'><strong><em>δωδέκατον</em></strong></span> <span class='ocrx_word' id='word_1_145' title='bbox 626 1459 753 1529; x_wconf 89' lang='grc' dir='ltr'><strong><em>ηνυκότα</em></strong></span> <span class='ocrx_word' id='word_1_146' title='bbox 770 1459 905 1517; x_wconf 89' lang='grc' dir='ltr'><strong><em>ένιαυτδν</em></strong></span> <span class='ocrx_word' id='word_1_147' title='bbox 918 1467 1089 1526; x_wconf 81' lang='grc' dir='ltr'><strong><em>Κελεστῖνσς</em></strong></span> <span class='ocrx_word' id='word_1_148' title='bbox 1106 1461 1204 1518; x_wconf 87' lang='grc' dir='ltr'><strong><em>διεδέ-</em></strong></span> 
     </span>
     <span class='ocr_line' id='line_1_20' title="bbox 237 1525 1205 1603; baseline -0.006 -13"><span class='ocrx_word' id='word_1_149' title='bbox 237 1537 318 1603; x_wconf 82' lang='grc' dir='ltr'><strong><em>ξατο,</em></strong></span> <span class='ocrx_word' id='word_1_150' title='bbox 344 1529 390 1589; x_wconf 73' lang='grc' dir='ltr'><strong><em>ἐπ’</em></strong></span> <span class='ocrx_word' id='word_1_151' title='bbox 414 1531 462 1602; x_wconf 85' lang='grc' dir='ltr'><strong><em>έτη</em></strong></span> <span class='ocrx_word' id='word_1_152' title='bbox 483 1533 517 1601; x_wconf 76' lang='grc' dir='ltr'><strong><em>τῇ</em></strong></span> <span class='ocrx_word' id='word_1_153' title='bbox 538 1525 733 1600; x_wconf 76' lang='grc' dir='ltr'><strong><em>ἀρχιερωσύνη</em></strong></span> <span class='ocrx_word' id='word_1_154' title='bbox 756 1528 828 1584; x_wconf 85' lang='grc' dir='ltr'><strong><em>δέκα</em></strong></span> <span class='ocrx_word' id='word_1_155' title='bbox 851 1525 1061 1596; x_wconf 82' lang='grc' dir='ltr'><strong><em>ένδιαπρέψας,</em></strong></span> <span class='ocrx_word' id='word_1_156' title='bbox 1096 1527 1205 1586; x_wconf 88' lang='grc' dir='ltr'><strong><em>τούτου</em></strong></span> 
     </span>
     <span class='ocr_line' id='line_1_21' title="bbox 235 1591 1239 1669; baseline -0.007 -11"><span class='ocrx_word' id='word_1_157' title='bbox 235 1597 346 1665; x_wconf 73' lang='grc' dir='ltr'><strong><em>Ξύοτος</em></strong></span> <span class='ocrx_word' id='word_1_158' title='bbox 358 1596 496 1669; x_wconf 87' lang='grc' dir='ltr'><strong><em>διάδοχος</em></strong></span> <span class='ocrx_word' id='word_1_159' title='bbox 509 1596 643 1668; x_wconf 87' lang='grc' dir='ltr'><strong><em>γέγονεν,</em></strong></span> <span class='ocrx_word' id='word_1_160' title='bbox 666 1591 772 1668; x_wconf 86' lang='grc' dir='ltr'><strong><em>ὄγδοον</em></strong></span> <span class='ocrx_word' id='word_1_161' title='bbox 793 1597 949 1666; x_wconf 90' lang='grc' dir='ltr'><strong><em>διαρκέσας</em></strong></span> <span class='ocrx_word' id='word_1_162' title='bbox 970 1592 1113 1654; x_wconf 79' lang='grc' dir='ltr'><strong><em>ἐνιαυτόν.</em></strong></span> <span class='ocrx_word' id='word_1_163' title='bbox 1140 1596 1239 1653; x_wconf 82' lang='grc' dir='ltr'><strong><em>εἶταεο</em></strong></span> 
     </span>
     <span class='ocr_line' id='line_1_22' title="bbox 134 1661 1204 1736; baseline -0.007 -8"><span class='ocrx_word' id='word_1_164' title='bbox 134 1667 344 1728; x_wconf 71' lang='lat' dir='ltr'>W11248Ae&#39;m</span> <span class='ocrx_word' id='word_1_165' title='bbox 364 1665 560 1736; x_wconf 86' lang='grc' dir='ltr'><strong><em>άντεισήχθη,</em></strong></span> <span class='ocrx_word' id='word_1_166' title='bbox 581 1666 638 1720; x_wconf 81' lang='grc' dir='ltr'><strong><em>τῶν</em></strong></span> <span class='ocrx_word' id='word_1_167' title='bbox 658 1661 756 1734; x_wconf 81' lang='grc' dir='ltr'><strong><em>ὀρθῶν</em></strong></span> <span class='ocrx_word' id='word_1_168' title='bbox 774 1663 924 1736; x_wconf 80' lang='grc' dir='ltr'><strong><em>δογμάτων</em></strong></span> <span class='ocrx_word' id='word_1_169' title='bbox 941 1661 1204 1736; x_wconf 87' lang='grc' dir='ltr'><strong><em>ἀντιποιησόμενος</em></strong></span> 
     </span>
     <span class='ocr_line' id='line_1_23' title="bbox 236 1727 1203 1801; baseline -0.004 -9"><span class='ocrx_word' id='word_1_170' title='bbox 236 1733 283 1792; x_wconf 72' lang='grc' dir='ltr'><strong><em>ἐπ’</em></strong></span> <span class='ocrx_word' id='word_1_171' title='bbox 306 1735 399 1792; x_wconf 84' lang='grc' dir='ltr'><strong><em>έτεοιν</em></strong></span> <span class='ocrx_word' id='word_1_172' title='bbox 418 1735 510 1789; x_wconf 78' lang='grc' dir='ltr'><strong><em>εἴκοσι</em></strong></span> <span class='ocrx_word' id='word_1_173' title='bbox 529 1730 601 1801; x_wconf 86' lang='grc' dir='ltr'><strong><em>πρὸς</em></strong></span> <span class='ocrx_word' id='word_1_174' title='bbox 622 1740 684 1796; x_wconf 82' lang='grc' dir='ltr'><strong><em>τοῖς</em></strong></span> <span class='ocrx_word' id='word_1_175' title='bbox 704 1733 845 1800; x_wconf 87' lang='grc' dir='ltr'><strong><em>τέσσαρσι.</em></strong></span> <span class='ocrx_word' id='word_1_176' title='bbox 880 1734 931 1788; x_wconf 85' lang='grc' dir='ltr'><strong><em>καλ</em></strong></span> <span class='ocrx_word' id='word_1_177' title='bbox 957 1727 1125 1796; x_wconf 84' lang='grc' dir='ltr'><strong><em>έκλιπόντος</em></strong></span> <span class='ocrx_word' id='word_1_178' title='bbox 1151 1735 1203 1788; x_wconf 84' lang='grc' dir='ltr'><strong><em>τού</em></strong></span> 
     </span>
     <span class='ocr_line' id='line_1_24' title="bbox 235 1793 1204 1885; baseline -0.004 -26"><span class='ocrx_word' id='word_1_179' title='bbox 235 1800 497 1885; x_wconf 72' lang='grc' dir='ltr'><strong><em>ΛέοντοςῚλαρίων</em></strong></span> <span class='ocrx_word' id='word_1_180' title='bbox 511 1801 552 1862; x_wconf 86' lang='grc' dir='ltr'><strong><em>είς</em></strong></span> <span class='ocrx_word' id='word_1_181' title='bbox 564 1801 615 1858; x_wconf 88' lang='grc' dir='ltr'><strong><em>τὸν</em></strong></span> <span class='ocrx_word' id='word_1_182' title='bbox 634 1798 744 1868; x_wconf 87' lang='grc' dir='ltr'><strong><em>θρόνον</em></strong></span> <span class='ocrx_word' id='word_1_183' title='bbox 761 1793 935 1870; x_wconf 83' lang='grc' dir='ltr'><strong><em>άνθίδρυτο,</em></strong></span> <span class='ocrx_word' id='word_1_184' title='bbox 958 1799 1041 1858; x_wconf 75' lang='grc' dir='ltr'><strong><em>ἕκτον</em></strong></span> <span class='ocrx_word' id='word_1_185' title='bbox 1057 1797 1204 1870; x_wconf 81' lang='grc' dir='ltr'><strong><em>έκπλήσας</em></strong></span> 
     </span>
     <span class='ocr_line' id='line_1_25' title="bbox 235 1863 1203 1957; baseline -0.004 -31"><span class='ocrx_word' id='word_1_186' title='bbox 235 1869 378 1926; x_wconf 88' lang='grc' dir='ltr'><strong><em>ένιαυτον.</em></strong></span> <span class='ocrx_word' id='word_1_187' title='bbox 414 1863 485 1926; x_wconf 87' lang='grc' dir='ltr'><strong><em>ἀνθ’</em></strong></span> <span class='ocrx_word' id='word_1_188' title='bbox 509 1863 599 1941; x_wconf 78' lang='grc' dir='ltr'><strong><em>ούπερ</em></strong></span> <span class='ocrx_word' id='word_1_189' title='bbox 624 1869 797 1937; x_wconf 87' lang='grc' dir='ltr'><strong><em>Σιμπλίκιος</em></strong></span> <span class='ocrx_word' id='word_1_190' title='bbox 821 1864 1054 1957; x_wconf 68' lang='grc' dir='ltr'><strong><em>κεχειροτόνητο,</em></strong></span> <span class='ocrx_word' id='word_1_191' title='bbox 1080 1869 1132 1924; x_wconf 80' lang='grc' dir='ltr'><strong><em>καὶ</em></strong></span> <span class='ocrx_word' id='word_1_192' title='bbox 1157 1865 1203 1924; x_wconf 84' lang='grc' dir='ltr'><strong><em>έπλ</em></strong></span> 
     </span>
     <span class='ocr_line' id='line_1_26' title="bbox 235 1933 1270 2006; baseline -0.006 -12"><span class='ocrx_word' id='word_1_193' title='bbox 235 1934 495 1995; x_wconf 69' lang='grc' dir='ltr'><strong><em>ἐννεακαιδέκατον</em></strong></span> <span class='ocrx_word' id='word_1_194' title='bbox 508 1935 570 2000; x_wconf 75' lang='grc' dir='ltr'><strong><em>ἔτος</em></strong></span> <span class='ocrx_word' id='word_1_195' title='bbox 584 1933 617 1994; x_wconf 85' lang='grc' dir='ltr'><strong><em>τό</em></strong></span> <span class='ocrx_word' id='word_1_196' title='bbox 630 1939 680 2006; x_wconf 83' lang='grc' dir='ltr'><strong><em>τῆς</em></strong></span> <span class='ocrx_word' id='word_1_197' title='bbox 692 1939 885 2004; x_wconf 80' lang='grc' dir='ltr'><strong><em>ποιμαντικ”ς</em></strong></span> <span class='ocrx_word' id='word_1_198' title='bbox 901 1939 951 1991; x_wconf 78' lang='grc' dir='ltr'><strong><em>καί</em></strong></span> <span class='ocrx_word' id='word_1_199' title='bbox 964 1956 1048 2002; x_wconf 91' lang='grc' dir='ltr'><strong><em>ουτος</em></strong></span> <span class='ocrx_word' id='word_1_200' title='bbox 1060 1935 1203 1999; x_wconf 85' lang='grc' dir='ltr'><strong><em>διανύσας</em></strong></span> <span class='ocrx_word' id='word_1_201' title='bbox 1214 1948 1236 1988; x_wconf 70' lang='grc' dir='ltr'><strong><em>ετ</em></strong></span> <span class='ocrx_word' id='word_1_202' title='bbox 1268 1973 1270 1978; x_wconf 89' lang='grc'>-</span> 
     </span>
     <span class='ocr_line' id='line_1_27' title="bbox 135 1997 1202 2079; baseline -0.005 -15"><span class='ocrx_word' id='word_1_203' title='bbox 135 2002 364 2078; x_wconf 78' lang='grc' dir='ltr'><strong><em>Ρ1647λειτούργ</em></strong></span> <span class='ocrx_word' id='word_1_204' title='bbox 386 2027 426 2076; x_wconf 87' lang='grc' dir='ltr'><strong><em>μα</em></strong></span> <span class='ocrx_word' id='word_1_205' title='bbox 447 2001 574 2074; x_wconf 80' lang='grc' dir='ltr'><strong><em>έξέλιττε,</em></strong></span> <span class='ocrx_word' id='word_1_206' title='bbox 597 2005 646 2059; x_wconf 83' lang='grc' dir='ltr'><strong><em>καὶ</em></strong></span> <span class='ocrx_word' id='word_1_207' title='bbox 668 1997 838 2072; x_wconf 81' lang='grc' dir='ltr'><strong><em>ἀντεισῆκτο</em></strong></span> <span class='ocrx_word' id='word_1_208' title='bbox 882 2005 954 2072; x_wconf 78' lang='grc' dir='ltr'><strong><em>ἧλιξ.</em></strong></span> <span class='ocrx_word' id='word_1_209' title='bbox 997 2001 1089 2079; x_wconf 79' lang='grc' dir='ltr'><strong><em>ένάτιγ</em></strong></span> <span class='ocrx_word' id='word_1_210' title='bbox 1106 1999 1138 2059; x_wconf 90' lang='grc' dir='ltr'><strong><em>δ’</em></strong></span> <span class='ocrx_word' id='word_1_211' title='bbox 1158 2000 1202 2060; x_wconf 87' lang='grc' dir='ltr'><strong><em>έν-</em></strong></span> 
     </span>
     <span class='ocr_line' id='line_1_28' title="bbox 235 2027 1202 2148; baseline -0.003 -19"><span class='ocrx_word' id='word_1_212' title='bbox 235 2077 324 2148; x_wconf 83' lang='grc' dir='ltr'><strong><em>ιαυτῷ</em></strong></span> <span class='ocrx_word' id='word_1_213' title='bbox 338 2027 388 2130; x_wconf 74' lang='grc' dir='ltr'><strong><em>κάέ</em></strong></span> <span class='ocrx_word' id='word_1_214' title='bbox 401 2065 484 2135; x_wconf 70' lang='grc' dir='ltr'><strong><em>οὗτος</em></strong></span> <span class='ocrx_word' id='word_1_215' title='bbox 506 2068 677 2134; x_wconf 81' lang='grc' dir='ltr'><strong><em>έκλελοιπός</em></strong></span> <span class='ocrx_word' id='word_1_216' title='bbox 692 2074 821 2142; x_wconf 83' lang='grc' dir='ltr'><strong><em>Γελασίῳ</em></strong></span> <span class='ocrx_word' id='word_1_217' title='bbox 834 2067 887 2139; x_wconf 89' lang='grc' dir='ltr'><strong><em>τὴν</em></strong></span> <span class='ocrx_word' id='word_1_218' title='bbox 900 2071 988 2142; x_wconf 83' lang='grc' dir='ltr'><strong><em>τιμὴν</em></strong></span> <span class='ocrx_word' id='word_1_219' title='bbox 1000 2072 1202 2137; x_wconf 74' lang='grc' dir='ltr'><strong><em>καταλέλοιπε,</em></strong></span> 
     </span>
     <span class='ocr_line' id='line_1_29' title="bbox 234 2132 1203 2225; baseline -0.005 -28"><span class='ocrx_word' id='word_1_220' title='bbox 234 2141 322 2198; x_wconf 81' lang='grc' dir='ltr'><strong><em>πέντε</em></strong></span> <span class='ocrx_word' id='word_1_221' title='bbox 335 2139 442 2214; x_wconf 87' lang='grc' dir='ltr'><strong><em>ταύτης</em></strong></span> <span class='ocrx_word' id='word_1_222' title='bbox 455 2137 654 2225; x_wconf 66' lang='grc' dir='ltr'><strong><em>άπολαύοιχντι</em></strong></span> <span class='ocrx_word' id='word_1_223' title='bbox 666 2137 724 2209; x_wconf 86' lang='grc' dir='ltr'><strong><em>έτη.</em></strong></span> <span class='ocrx_word' id='word_1_224' title='bbox 747 2135 819 2219; x_wconf 72' lang='grc' dir='ltr'><strong><em>μεθ’</em></strong></span> <span class='ocrx_word' id='word_1_225' title='bbox 831 2132 865 2193; x_wconf 90' lang='grc' dir='ltr'><strong><em>δν</em></strong></span> <span class='ocrx_word' id='word_1_226' title='bbox 879 2134 1059 2222; x_wconf 75' lang='grc' dir='ltr'><strong><em>Ἀναστάσιος</em></strong></span> <span class='ocrx_word' id='word_1_227' title='bbox 1072 2137 1203 2208; x_wconf 86' lang='grc' dir='ltr'><strong><em>έτελέγη.</em></strong></span> 
     </span>
    </p>
   </div>
   <div class='ocr_carea' id='block_1_3' title="bbox 233 2201 1201 2334">
    <p class='ocr_par' dir='ltr' id='par_1_3' title="bbox 233 2201 1201 2334">
     <span class='ocr_line' id='line_1_30' title="bbox 233 2201 1201 2334; baseline -0.002 -70"><span class='ocrx_word' id='word_1_228' title='bbox 233 2207 306 2281; x_wconf 84' lang='grc' dir='ltr'><strong><em>μετά</em></strong></span> <span class='ocrx_word' id='word_1_229' title='bbox 316 2213 453 2280; x_wconf 82' lang='grc' dir='ltr'><strong><em>τέταρτον</em></strong></span> <span class='ocrx_word' id='word_1_230' title='bbox 467 2211 484 2263; x_wconf 93' lang='grc' dir='ltr'><strong><em>δ</em></strong></span> <span class='ocrx_word' id='word_1_231' title='bbox 488 2208 500 2264; x_wconf 60' lang='lat' dir='ltr'><strong><em>b</em></strong></span> <span class='ocrx_word' id='word_1_232' title='bbox 512 2211 563 2265; x_wconf 82' lang='grc' dir='ltr'><strong><em>καὶ</em></strong></span> <span class='ocrx_word' id='word_1_233' title='bbox 573 2228 655 2270; x_wconf 89' lang='grc' dir='ltr'><strong><em>ουτος</em></strong></span> <span class='ocrx_word' id='word_1_234' title='bbox 665 2201 800 2262; x_wconf 86' lang='grc' dir='ltr'><strong><em>ένιαυτον</em></strong></span> <span class='ocrx_word' id='word_1_235' title='bbox 808 2201 865 2262; x_wconf 87' lang='grc' dir='ltr'><strong><em>ύπό</em></strong></span> <span class='ocrx_word' id='word_1_236' title='bbox 876 2211 1038 2334; x_wconf 59' lang='grc' dir='ltr'><strong><em>Σύμμαχον</em></strong></span> <span class='ocrx_word' id='word_1_237' title='bbox 1048 2208 1201 2276; x_wconf 83' lang='grc' dir='ltr'><strong><em>διεδέχθη.</em></strong></span> 
     </span>
    </p>
   </div>
   <div class='ocr_carea' id='block_1_4' title="bbox 200 2269 1266 3567">
    <p class='ocr_par' dir='ltr' id='par_1_4' title="bbox 200 2269 1266 3567">
     <span class='ocr_line' id='line_1_31' title="bbox 234 2269 1238 2397; baseline -0.004 -65"><span class='ocrx_word' id='word_1_238' title='bbox 234 2269 269 2335; x_wconf 77' lang='grc' dir='ltr'><strong><em>ού</em></strong></span> <span class='ocrx_word' id='word_1_239' title='bbox 279 2281 460 2334; x_wconf 89' lang='grc' dir='ltr'><strong><em>δυοκαίδεκα</em></strong></span> <span class='ocrx_word' id='word_1_240' title='bbox 470 2273 518 2334; x_wconf 85' lang='grc' dir='ltr'><strong><em>έπλ</em></strong></span> <span class='ocrx_word' id='word_1_241' title='bbox 527 2282 560 2346; x_wconf 75' lang='grc' dir='ltr'><strong><em>τῇ</em></strong></span> <span class='ocrx_word' id='word_1_242' title='bbox 571 2271 765 2397; x_wconf 54' lang='grc' dir='ltr'><strong><em>ἀρχιερωσύνη</em></strong></span> <span class='ocrx_word' id='word_1_243' title='bbox 778 2277 968 2344; x_wconf 88' lang='grc' dir='ltr'><strong><em>διαγαγοντος</em></strong></span> <span class='ocrx_word' id='word_1_244' title='bbox 995 2273 1203 2343; x_wconf 84' lang='grc' dir='ltr'><strong><em>νιαυιούςὉρ·</em></strong></span> <span class='ocrx_word' id='word_1_245' title='bbox 1215 2289 1238 2328; x_wconf 80' lang='grc' dir='ltr'><strong><em>το</em></strong></span> 
     </span>
     <span class='ocr_line' id='line_1_32' title="bbox 233 2336 1204 2425; baseline 0 -25"><span class='ocrx_word' id='word_1_246' title='bbox 233 2349 339 2415; x_wconf 85' lang='grc' dir='ltr'><strong><em>μίσδας</em></strong></span> <span class='ocrx_word' id='word_1_247' title='bbox 349 2344 502 2412; x_wconf 78' lang='grc' dir='ltr'><strong><em>έξείλεκτο.</em></strong></span> <span class='ocrx_word' id='word_1_248' title='bbox 516 2342 627 2410; x_wconf 82' lang='grc' dir='ltr'><strong><em>δεκάτῳ</em></strong></span> <span class='ocrx_word' id='word_1_249' title='bbox 636 2345 664 2425; x_wconf 36' lang='grc' dir='ltr'><strong><em>δ’</em></strong></span> <span class='ocrx_word' id='word_1_250' title='bbox 680 2342 731 2398; x_wconf 80' lang='grc' dir='ltr'><strong><em>καὶ</em></strong></span> <span class='ocrx_word' id='word_1_251' title='bbox 741 2336 825 2425; x_wconf 69' lang='grc' dir='ltr'><strong><em>οὗτος</em></strong></span> <span class='ocrx_word' id='word_1_252' title='bbox 834 2337 957 2415; x_wconf 78' lang='grc' dir='ltr'><strong><em>ένιαυτιρ</em></strong></span> <span class='ocrx_word' id='word_1_253' title='bbox 967 2342 998 2401; x_wconf 91' lang='grc' dir='ltr'><strong><em>τδ</em></strong></span> <span class='ocrx_word' id='word_1_254' title='bbox 1009 2341 1204 2416; x_wconf 83' lang='grc' dir='ltr'><strong><em>λειτούργημα</em></strong></span> 
     </span>
     <span class='ocr_line' id='line_1_33' title="bbox 234 2409 1204 2482; baseline 0.009 -14"><span class='ocrx_word' id='word_1_255' title='bbox 234 2411 377 2475; x_wconf 88' lang='grc' dir='ltr'><strong><em>διανύσας</em></strong></span> <span class='ocrx_word' id='word_1_256' title='bbox 389 2409 528 2467; x_wconf 87' lang='grc' dir='ltr'><strong><em>κατέλυσε</em></strong></span> <span class='ocrx_word' id='word_1_257' title='bbox 542 2409 595 2480; x_wconf 85' lang='grc' dir='ltr'><strong><em>τὴν</em></strong></span> <span class='ocrx_word' id='word_1_258' title='bbox 609 2415 683 2478; x_wconf 80' lang='grc' dir='ltr'><strong><em>ζωην</em></strong></span> <span class='ocrx_word' id='word_1_259' title='bbox 713 2413 763 2466; x_wconf 81' lang='grc' dir='ltr'><strong><em>κοιλ</em></strong></span> <span class='ocrx_word' id='word_1_260' title='bbox 783 2409 915 2480; x_wconf 78' lang='grc' dir='ltr'><strong><em>Ιωάννην</em></strong></span> <span class='ocrx_word' id='word_1_261' title='bbox 927 2409 943 2469; x_wconf 88' lang='grc' dir='ltr'><strong><em>δ</em></strong></span> <span class='ocrx_word' id='word_1_262' title='bbox 953 2411 1062 2482; x_wconf 74' lang='grc' dir='ltr'><strong><em>θρόνος</em></strong></span> <span class='ocrx_word' id='word_1_263' title='bbox 1076 2414 1127 2482; x_wconf 63' lang='grc' dir='ltr'><strong><em>τῆς</em></strong></span> <span class='ocrx_word' id='word_1_264' title='bbox 1136 2410 1204 2468; x_wconf 69' lang='grc' dir='ltr'><strong><em>Ῥω·</em></strong></span> 
     </span>
     <span class='ocr_line' id='line_1_34' title="bbox 237 2475 1205 2550; baseline 0.004 -16"><span class='ocrx_word' id='word_1_265' title='bbox 237 2483 331 2546; x_wconf 85' lang='grc' dir='ltr'><strong><em>μαίων</em></strong></span> <span class='ocrx_word' id='word_1_266' title='bbox 344 2476 497 2546; x_wconf 89' lang='grc' dir='ltr'><strong><em>έκκλησίας</em></strong></span> <span class='ocrx_word' id='word_1_267' title='bbox 511 2475 630 2546; x_wconf 75' lang='grc' dir='ltr'><strong><em>ἐδέξατο</em></strong></span> <span class='ocrx_word' id='word_1_268' title='bbox 644 2475 678 2534; x_wconf 90' lang='grc' dir='ltr'><strong><em>έπ</em></strong></span> <span class='ocrx_word' id='word_1_269' title='bbox 703 2483 840 2544; x_wconf 88' lang='grc' dir='ltr'><strong><em>τριετίαν.</em></strong></span> <span class='ocrx_word' id='word_1_270' title='bbox 865 2477 935 2544; x_wconf 85' lang='grc' dir='ltr'><strong><em>μεθ’</em></strong></span> <span class='ocrx_word' id='word_1_271' title='bbox 948 2475 983 2537; x_wconf 80' lang='grc' dir='ltr'><strong><em>δν</em></strong></span> <span class='ocrx_word' id='word_1_272' title='bbox 997 2481 1089 2550; x_wconf 81' lang='grc' dir='ltr'><strong><em>Φῆλιξ</em></strong></span> <span class='ocrx_word' id='word_1_273' title='bbox 1101 2483 1159 2538; x_wconf 78' lang='grc' dir='ltr'><strong><em>τῶν</em></strong></span> <span class='ocrx_word' id='word_1_274' title='bbox 1172 2477 1205 2538; x_wconf 87' lang='grc' dir='ltr'><strong><em>έν</em></strong></span> 
     </span>
     <span class='ocr_line' id='line_1_35' title="bbox 229 2542 1204 2632; baseline 0.005 -33"><span class='ocrx_word' id='word_1_275' title='bbox 229 2542 321 2616; x_wconf 85' lang='grc' dir='ltr'><strong><em>Ῥάμη</em></strong></span> <span class='ocrx_word' id='word_1_276' title='bbox 336 2549 444 2600; x_wconf 81' lang='grc' dir='ltr'><strong><em>πιστῶν</em></strong></span> <span class='ocrx_word' id='word_1_277' title='bbox 455 2548 579 2616; x_wconf 85' lang='grc' dir='ltr'><strong><em>προέστη</em></strong></span> <span class='ocrx_word' id='word_1_278' title='bbox 593 2548 760 2616; x_wconf 86' lang='grc' dir='ltr'><strong><em>τετραετίαν</em></strong></span> <span class='ocrx_word' id='word_1_279' title='bbox 773 2549 824 2616; x_wconf 78' lang='grc' dir='ltr'><strong><em>τῆς</em></strong></span> <span class='ocrx_word' id='word_1_280' title='bbox 837 2548 920 2632; x_wconf 78' lang='grc' dir='ltr'><strong><em>τιμῆς</em></strong></span> <span class='ocrx_word' id='word_1_281' title='bbox 932 2543 1111 2610; x_wconf 83' lang='grc' dir='ltr'><strong><em>ἀπολαύσας.</em></strong></span> <span class='ocrx_word' id='word_1_282' title='bbox 1139 2548 1204 2604; x_wconf 73' lang='grc' dir='ltr'><strong><em>εἶτα</em></strong></span> 
     </span>
     <span class='ocr_line' id='line_1_36' title="bbox 233 2610 1239 2684; baseline 0.001 -17"><span class='ocrx_word' id='word_1_283' title='bbox 233 2610 408 2682; x_wconf 86' lang='grc' dir='ltr'><strong><em>Βονιφάτιος</em></strong></span> <span class='ocrx_word' id='word_1_284' title='bbox 422 2611 468 2668; x_wconf 81' lang='grc' dir='ltr'><strong><em>έπλ</em></strong></span> <span class='ocrx_word' id='word_1_285' title='bbox 483 2617 596 2671; x_wconf 87' lang='grc' dir='ltr'><strong><em>διετίαν</em></strong></span> <span class='ocrx_word' id='word_1_286' title='bbox 606 2617 658 2682; x_wconf 84' lang='grc' dir='ltr'><strong><em>τῆς</em></strong></span> <span class='ocrx_word' id='word_1_287' title='bbox 670 2617 846 2684; x_wconf 90' lang='grc' dir='ltr'><strong><em>προστασίας</em></strong></span> <span class='ocrx_word' id='word_1_288' title='bbox 857 2615 972 2684; x_wconf 80' lang='grc' dir='ltr'><strong><em>ηξίωτσ,</em></strong></span> <span class='ocrx_word' id='word_1_289' title='bbox 986 2617 1035 2670; x_wconf 79' lang='grc' dir='ltr'><strong><em>καὶ</em></strong></span> <span class='ocrx_word' id='word_1_290' title='bbox 1049 2613 1096 2671; x_wconf 68' lang='lat' dir='ltr'><strong><em>hcl</em></strong></span> <span class='ocrx_word' id='word_1_291' title='bbox 1110 2616 1204 2671; x_wconf 88' lang='grc' dir='ltr'><strong><em>τούτω</em></strong></span> <span class='ocrx_word' id='word_1_292' title='bbox 1216 2627 1239 2667; x_wconf 73' lang='lat'><strong><em>³5</em></strong></span> 
     </span>
     <span class='ocr_line' id='line_1_37' title="bbox 200 2673 1266 2753; baseline 0.005 -18"><span class='ocrx_word' id='word_1_293' title='bbox 200 2678 386 2750; x_wconf 83' lang='grc' dir='ltr'><strong><em>ΒἈγαιτητός</em></strong></span> <span class='ocrx_word' id='word_1_294' title='bbox 398 2687 621 2752; x_wconf 89' lang='grc' dir='ltr'><strong><em>προκεχείριστο.</em></strong></span> <span class='ocrx_word' id='word_1_295' title='bbox 634 2681 687 2737; x_wconf 88' lang='grc' dir='ltr'><strong><em>δύο</em></strong></span> <span class='ocrx_word' id='word_1_296' title='bbox 698 2680 730 2735; x_wconf 80' lang='grc' dir='ltr'><strong><em>δέ</em></strong></span> <span class='ocrx_word' id='word_1_297' title='bbox 741 2683 788 2737; x_wconf 85' lang='grc' dir='ltr'><strong><em>καλ</em></strong></span> <span class='ocrx_word' id='word_1_298' title='bbox 800 2674 885 2746; x_wconf 74' lang='grc' dir='ltr'><strong><em>οὗτος</em></strong></span> <span class='ocrx_word' id='word_1_299' title='bbox 898 2680 1043 2748; x_wconf 75' lang='grc' dir='ltr'><strong><em>ἐνιαυτοῖς</em></strong></span> <span class='ocrx_word' id='word_1_300' title='bbox 1055 2673 1204 2753; x_wconf 86' lang='grc' dir='ltr'><strong><em>ποιμάνάς</em></strong></span> <span class='ocrx_word' id='word_1_301' title='bbox 1263 2685 1266 2750; x_wconf 63' lang='grc' dir='ltr'><strong><em>γ’</em></strong></span> 
     </span>
     <span class='ocr_line' id='line_1_38' title="bbox 233 2744 1203 2835; baseline 0.004 -31"><span class='ocrx_word' id='word_1_302' title='bbox 233 2747 264 2804; x_wconf 88' lang='grc' dir='ltr'><strong><em>τὸ</em></strong></span> <span class='ocrx_word' id='word_1_303' title='bbox 279 2744 310 2830; x_wconf 74' lang='grc' dir='ltr'><strong><em>έη</em></strong></span> <span class='ocrx_word' id='word_1_304' title='bbox 317 2747 409 2818; x_wconf 81' lang='grc' dir='ltr'><strong><em>Ῥώμη</em></strong></span> <span class='ocrx_word' id='word_1_305' title='bbox 421 2753 473 2805; x_wconf 85' lang='grc' dir='ltr'><strong><em>τού</em></strong></span> <span class='ocrx_word' id='word_1_306' title='bbox 490 2749 833 2832; x_wconf 38' lang='grc' dir='ltr'><strong><em>άρχιπσιμένοςΙΧριστού</em></strong></span> <span class='ocrx_word' id='word_1_307' title='bbox 854 2756 1004 2835; x_wconf 76' lang='grc' dir='ltr'><strong><em>ποίμνιον,</em></strong></span> <span class='ocrx_word' id='word_1_308' title='bbox 1025 2747 1146 2808; x_wconf 85' lang='grc' dir='ltr'><strong><em>ἀπέτισε</em></strong></span> <span class='ocrx_word' id='word_1_309' title='bbox 1171 2751 1203 2808; x_wconf 85' lang='grc' dir='ltr'><strong><em>τό</em></strong></span> 
     </span>
     <span class='ocr_line' id='line_1_39' title="bbox 234 2806 1205 2956; baseline 0.005 -18"><span class='ocrx_word' id='word_1_310' title='bbox 234 2806 1123 2956; x_wconf 61' lang='grc' dir='ltr'><strong><em>σοι,υλέυςαυλιλυικιιυαοάιυι</em></strong></span> <span class='ocrx_word' id='word_1_311' title='bbox 1150 2819 1205 2944; x_wconf 65' lang='grc' dir='ltr'><strong><em>λι</em></strong></span> 
     </span>
     <span class='ocr_line' id='line_1_40' title="bbox 234 2908 1241 3026; baseline 0.005 -20"><span class='ocrx_word' id='word_1_312' title='bbox 234 2953 283 3007; x_wconf 85' lang='grc' dir='ltr'><strong><em>καλ</em></strong></span> <span class='ocrx_word' id='word_1_313' title='bbox 304 2946 395 3026; x_wconf 81' lang='grc' dir='ltr'><strong><em>τούτῳ</em></strong></span> <span class='ocrx_word' id='word_1_314' title='bbox 418 2952 556 3024; x_wconf 89' lang='grc' dir='ltr'><strong><em>διάδοχος</em></strong></span> <span class='ocrx_word' id='word_1_315' title='bbox 577 2957 610 3008; x_wconf 88' lang='grc' dir='ltr'><strong><em>Βι</em></strong></span> <span class='ocrx_word' id='word_1_316' title='bbox 631 2955 703 3015; x_wconf 88' lang='grc' dir='ltr'><strong><em>ίλιος</em></strong></span> <span class='ocrx_word' id='word_1_317' title='bbox 724 2951 851 3022; x_wconf 84' lang='grc' dir='ltr'><strong><em>γέγονεν.</em></strong></span> <span class='ocrx_word' id='word_1_318' title='bbox 866 2908 1161 3010; x_wconf 64' lang='grc' dir='ltr'><strong><em>ηόκτωέιαιδέκατόέιη</em></strong></span> <span class='ocrx_word' id='word_1_319' title='bbox 1170 2930 1241 3012; x_wconf 61' lang='grc' dir='ltr'><strong><em>δέσ)</em></strong></span> 
     </span>
     <span class='ocr_line' id='line_1_41' title="bbox 233 2973 1263 3093; baseline 0.002 -19"><span class='ocrx_word' id='word_1_320' title='bbox 233 3018 336 3076; x_wconf 91' lang='grc' dir='ltr'><strong><em>τούτου</em></strong></span> <span class='ocrx_word' id='word_1_321' title='bbox 350 3019 411 3084; x_wconf 85' lang='grc' dir='ltr'><strong><em>έτος</em></strong></span> <span class='ocrx_word' id='word_1_322' title='bbox 425 2973 687 3092; x_wconf 77' lang='grc' dir='ltr'><strong><em>διηνυκότοςέντῇ</em></strong></span> <span class='ocrx_word' id='word_1_323' title='bbox 704 3017 791 3090; x_wconf 82' lang='grc' dir='ltr'><strong><em>ἀρχῇ,</em></strong></span> <span class='ocrx_word' id='word_1_324' title='bbox 810 3016 966 3093; x_wconf 81' lang='grc' dir='ltr'><strong><em>άνθηρέθη</em></strong></span> <span class='ocrx_word' id='word_1_325' title='bbox 980 3019 1133 3092; x_wconf 88' lang='grc' dir='ltr'><strong><em>Πελάγιος.</em></strong></span> <span class='ocrx_word' id='word_1_326' title='bbox 1173 3017 1206 3086; x_wconf 75' lang='grc' dir='ltr'><strong><em>ὃς</em></strong></span> <span class='ocrx_word' id='word_1_327' title='bbox 1260 3043 1263 3076; x_wconf 71' lang='grc' dir='ltr'>τ</span> 
     </span>
     <span class='ocr_line' id='line_1_42' title="bbox 231 3083 1263 3171; baseline 0.004 -29"><span class='ocrx_word' id='word_1_328' title='bbox 231 3087 362 3171; x_wconf 70' lang='grc' dir='ltr'><strong><em>πέμπτον</em></strong></span> <span class='ocrx_word' id='word_1_329' title='bbox 386 3084 521 3170; x_wconf 67' lang='grc' dir='ltr'><strong><em>έγιαυτδν</em></strong></span> <span class='ocrx_word' id='word_1_330' title='bbox 543 3092 578 3161; x_wconf 79' lang='grc' dir='ltr'><strong><em>τῇ</em></strong></span> <span class='ocrx_word' id='word_1_331' title='bbox 604 3092 768 3163; x_wconf 80' lang='grc' dir='ltr'><strong><em>λειτουργίᾳ</em></strong></span> <span class='ocrx_word' id='word_1_332' title='bbox 793 3085 954 3158; x_wconf 82' lang='grc' dir='ltr'><strong><em>έσχολακάς</em></strong></span> <span class='ocrx_word' id='word_1_333' title='bbox 983 3083 1120 3160; x_wconf 77' lang='grc' dir='ltr'><strong><em>ἀπῆλθε,</em></strong></span> <span class='ocrx_word' id='word_1_334' title='bbox 1153 3094 1207 3146; x_wconf 83' lang='grc' dir='ltr'><strong><em>καλ</em></strong></span> <span class='ocrx_word' id='word_1_335' title='bbox 1261 3103 1263 3130; x_wconf 66' lang='lat'>³</span> 
     </span>
     <span class='ocr_line' id='line_1_43' title="bbox 241 3151 1263 3227; baseline 0.008 -20"><span class='ocrx_word' id='word_1_336' title='bbox 241 3161 374 3222; x_wconf 89' lang='grc' dir='ltr'><strong><em>Ιωαννην</em></strong></span> <span class='ocrx_word' id='word_1_337' title='bbox 387 3175 405 3224; x_wconf 90' lang='grc' dir='ltr'><strong><em>η</em></strong></span> <span class='ocrx_word' id='word_1_338' title='bbox 420 3151 605 3227; x_wconf 84' lang='grc' dir='ltr'><strong><em>ἀρχιερατικὴ</em></strong></span> <span class='ocrx_word' id='word_1_339' title='bbox 624 3152 759 3224; x_wconf 87' lang='grc' dir='ltr'><strong><em>καθέδρα</em></strong></span> <span class='ocrx_word' id='word_1_340' title='bbox 777 3159 833 3211; x_wconf 80' lang='grc' dir='ltr'><strong><em>τῶν</em></strong></span> <span class='ocrx_word' id='word_1_341' title='bbox 841 3153 988 3226; x_wconf 86' lang='grc' dir='ltr'><strong><em>Ῥωμαίων</em></strong></span> <span class='ocrx_word' id='word_1_342' title='bbox 1010 3155 1131 3226; x_wconf 77' lang='grc' dir='ltr'><strong><em>έδέξατσ</em></strong></span> <span class='ocrx_word' id='word_1_343' title='bbox 1155 3154 1205 3214; x_wconf 81' lang='grc' dir='ltr'><strong><em>έπλ</em></strong></span> <span class='ocrx_word' id='word_1_344' title='bbox 1262 3173 1263 3188; x_wconf 60' lang='lat'>³</span> 
     </span>
     <span class='ocr_line' id='line_1_44' title="bbox 234 3217 1206 3307; baseline 0.008 -34"><span class='ocrx_word' id='word_1_345' title='bbox 234 3217 353 3306; x_wconf 63' lang='grc' dir='ltr'><strong><em>χρόνοης</em></strong></span> <span class='ocrx_word' id='word_1_346' title='bbox 370 3218 459 3306; x_wconf 73' lang='grc' dir='ltr'><strong><em>όκτά,</em></strong></span> <span class='ocrx_word' id='word_1_347' title='bbox 478 3225 529 3278; x_wconf 80' lang='grc' dir='ltr'><strong><em>καὶ</em></strong></span> <span class='ocrx_word' id='word_1_348' title='bbox 546 3224 618 3306; x_wconf 64' lang='grc' dir='ltr'><strong><em>μετά</em></strong></span> <span class='ocrx_word' id='word_1_349' title='bbox 631 3225 734 3307; x_wconf 67' lang='grc' dir='ltr'><strong><em>τοῦτον</em></strong></span> <span class='ocrx_word' id='word_1_350' title='bbox 748 3227 788 3294; x_wconf 83' lang='grc' dir='ltr'><strong><em>Γρ</em></strong></span> <span class='ocrx_word' id='word_1_351' title='bbox 808 3221 907 3296; x_wconf 89' lang='grc' dir='ltr'><strong><em>γόριον</em></strong></span> <span class='ocrx_word' id='word_1_352' title='bbox 919 3219 966 3281; x_wconf 86' lang='grc' dir='ltr'><strong><em>έπλ</em></strong></span> <span class='ocrx_word' id='word_1_353' title='bbox 978 3228 1206 3283; x_wconf 83' lang='grc' dir='ltr'><strong><em>πεντεκαίδεκα.</em></strong></span> 
     </span>
     <span class='ocr_line' id='line_1_45' title="bbox 233 3246 1246 3364; baseline 0.014 -24"><span class='ocrx_word' id='word_1_354' title='bbox 233 3291 293 3352; x_wconf 87' lang='grc' dir='ltr'><strong><em>μεθ</em></strong></span> <span class='ocrx_word' id='word_1_355' title='bbox 326 3307 361 3342; x_wconf 90' lang='grc' dir='ltr'><strong><em>σν</em></strong></span> <span class='ocrx_word' id='word_1_356' title='bbox 383 3289 479 3344; x_wconf 91' lang='grc' dir='ltr'><strong><em>ουκέτι</em></strong></span> <span class='ocrx_word' id='word_1_357' title='bbox 502 3311 578 3346; x_wconf 87' lang='grc' dir='ltr'><strong><em>κατα</em></strong></span> <span class='ocrx_word' id='word_1_358' title='bbox 598 3309 752 3362; x_wconf 78' lang='grc' dir='ltr'><strong><em>συνέχειαν</em></strong></span> <span class='ocrx_word' id='word_1_359' title='bbox 774 3246 869 3356; x_wconf 75' lang='grc' dir='ltr'><strong><em>οέτ”ς</em></strong></span> <span class='ocrx_word' id='word_1_360' title='bbox 883 3292 1030 3364; x_wconf 83' lang='grc' dir='ltr'><strong><em>Ῥωμαίων</em></strong></span> <span class='ocrx_word' id='word_1_361' title='bbox 1046 3291 1246 3364; x_wconf 65' lang='grc' dir='ltr'><strong><em>έκιιλησίαςϋ</em></strong></span> 
     </span>
     <span class='ocr_line' id='line_1_46' title="bbox 201 3313 1207 3438; baseline 0.019 -37"><span class='ocrx_word' id='word_1_362' title='bbox 201 3351 409 3436; x_wconf 76' lang='grc' dir='ltr'><strong><em>Οπροστάντες</em></strong></span> <span class='ocrx_word' id='word_1_363' title='bbox 422 3349 566 3428; x_wconf 87' lang='grc' dir='ltr'><strong><em>εύρηνται.</em></strong></span> <span class='ocrx_word' id='word_1_364' title='bbox 591 3355 624 3414; x_wconf 87' lang='grc' dir='ltr'><strong><em>έν</em></strong></span> <span class='ocrx_word' id='word_1_365' title='bbox 641 3353 797 3438; x_wconf 74' lang='grc' dir='ltr'><strong><em>Ἀντιοχείᾳ</em></strong></span> <span class='ocrx_word' id='word_1_366' title='bbox 819 3313 853 3418; x_wconf 76' lang='grc' dir='ltr'><strong><em>δέ</em></strong></span> <span class='ocrx_word' id='word_1_367' title='bbox 876 3364 911 3431; x_wconf 81' lang='grc' dir='ltr'><strong><em>τῇ</em></strong></span> <span class='ocrx_word' id='word_1_368' title='bbox 927 3358 1002 3418; x_wconf 87' lang='grc' dir='ltr'><strong><em>κατά</em></strong></span> <span class='ocrx_word' id='word_1_369' title='bbox 1019 3364 1131 3433; x_wconf 82' lang='grc' dir='ltr'><strong><em>Κοίλην</em></strong></span> <span class='ocrx_word' id='word_1_370' title='bbox 1146 3367 1207 3419; x_wconf 84' lang='grc' dir='ltr'><strong><em>Συ·</em></strong></span> 
     </span>
     <span class='ocr_line' id='line_1_47' title="bbox 234 3421 1206 3501; baseline 0.023 -34"><span class='ocrx_word' id='word_1_371' title='bbox 234 3421 299 3496; x_wconf 71' lang='grc' dir='ltr'><strong><em>ρίαν</em></strong></span> <span class='ocrx_word' id='word_1_372' title='bbox 311 3440 364 3474; x_wconf 89' lang='grc' dir='ltr'><strong><em>τον</em></strong></span> <span class='ocrx_word' id='word_1_373' title='bbox 376 3425 526 3478; x_wconf 81' lang='grc' dir='ltr'><strong><em>Παυλῖνον</em></strong></span> <span class='ocrx_word' id='word_1_374' title='bbox 544 3423 593 3493; x_wconf 83' lang='grc' dir='ltr'><strong><em>έτη</em></strong></span> <span class='ocrx_word' id='word_1_375' title='bbox 610 3422 697 3482; x_wconf 91' lang='grc' dir='ltr'><strong><em>πέντε</em></strong></span> <span class='ocrx_word' id='word_1_376' title='bbox 714 3433 748 3500; x_wconf 79' lang='grc' dir='ltr'><strong><em>τῇ</em></strong></span> <span class='ocrx_word' id='word_1_377' title='bbox 767 3436 880 3501; x_wconf 89' lang='grc' dir='ltr'><strong><em>λειτουρ</em></strong></span> <span class='ocrx_word' id='word_1_378' title='bbox 900 3433 932 3485; x_wconf 91' lang='grc' dir='ltr'><strong><em>ία</em></strong></span> <span class='ocrx_word' id='word_1_379' title='bbox 950 3427 1132 3500; x_wconf 85' lang='grc' dir='ltr'><strong><em>σχολάσαντα</em></strong></span> <span class='ocrx_word' id='word_1_380' title='bbox 1147 3427 1206 3489; x_wconf 80' lang='grc' dir='ltr'><strong><em>Εὖ·</em></strong></span> 
     </span>
     <span class='ocr_line' id='line_1_48' title="bbox 235 3485 1206 3567; baseline 0.026 -36"><span class='ocrx_word' id='word_1_381' title='bbox 235 3487 354 3546; x_wconf 87' lang='grc' dir='ltr'><strong><em>σιαθιος</em></strong></span> <span class='ocrx_word' id='word_1_382' title='bbox 372 3485 536 3556; x_wconf 77' lang='grc' dir='ltr'><strong><em>διεδέξατο,</em></strong></span> <span class='ocrx_word' id='word_1_383' title='bbox 558 3493 607 3546; x_wconf 88' lang='grc' dir='ltr'><strong><em>καλ</em></strong></span> <span class='ocrx_word' id='word_1_384' title='bbox 620 3497 670 3549; x_wconf 79' lang='grc' dir='ltr'><strong><em>τοῦ</em></strong></span> <span class='ocrx_word' id='word_1_385' title='bbox 685 3490 854 3553; x_wconf 79' lang='grc' dir='ltr'><strong><em>Εύσταθίσν</em></strong></span> <span class='ocrx_word' id='word_1_386' title='bbox 886 3485 923 3552; x_wconf 79' lang='grc' dir='ltr'><strong><em>π”</em></strong></span> <span class='ocrx_word' id='word_1_387' title='bbox 934 3497 982 3567; x_wconf 82' lang='grc' dir='ltr'><strong><em>έτη</em></strong></span> <span class='ocrx_word' id='word_1_388' title='bbox 1004 3493 1206 3566; x_wconf 88' lang='grc' dir='ltr'><strong><em>ποιμάναντσς</em></strong></span> 
     </span>
    </p>
   </div>
   <div class='ocr_carea' id='block_1_5' title="bbox 0 0 1288 3800">
    <p class='ocr_par' dir='ltr' id='par_1_5' title="bbox 0 0 1288 3800">
     <span class='ocr_line' id='line_1_49' title="bbox 0 0 1288 3800; baseline 0 0"><span class='ocrx_word' id='word_1_389' title='bbox 0 0 1288 3800; x_wconf 95' lang='lat' dir='ltr'><strong><em> </em></strong></span> 
     </span>
    </p>
   </div>
  </div>
 </body>
</html>
