2558 3820
431 177 819 234 L1ss.x.cA1³.xn.x111.
877 180 879 185 ’
1047 180 1111 246 375

135 323 235 414 τούτο
266 320 322 391 καὶ
355 330 388 390 εί
414 325 464 402 τίς
491 346 558 390 που
585 323 723 403 δέξεται.
768 317 945 403 Ἀντώνιος
971 322 1009 394 δέ
1035 320 1109 393 τότε

136 419 479 501 πολλάένανθεντῶν
499 419 714 512 διεπράξατο,
742 419 846 512 ἀρχάς
862 449 899 492 τε
918 421 1034 506 διδούς
1052 427 1109 494 καὶ

135 519 251 614 χάραν
275 525 332 593 καὶ
356 525 556 612 ἐλευθερίαν
579 525 635 594 καὶ
662 521 832 612 ἀτέλειαν,
867 526 924 593 καὶ
954 522 1109 613 φυγάδας

134 622 304 713 κατάγων,
323 618 368 708 άς
384 627 443 714 τῆς
461 629 660 706 δυναστείας
677 627 738 695 τού
749 630 919 716 Καίσαρος
932 623 1016 716 τάχα
1033 624 1108 696 διά-

1 790 2 799 ,
106 729 254 817 εδοχος,
279 728 336 796 καὶ
352 724 458 796 πολλά
479 727 515 796 ἐκ
532 723 661 797 τούτων
678 721 929 817 ἠργυρολόγησε
946 725 1140 820 χρηματα.Β

212 823 383 916 Ὀκτάβιος
402 829 440 898 δὲ
453 823 568 916 Γάιος,
585 824 622 909 ὃς
642 833 789 910 Καιπίας
807 824 993 918 άνόμαστο,
1011 827 1107 900 ἀδελ·
1127 845 1167 909 13

133 932 203 1018 φῆς
220 933 283 999 τού
300 935 471 1020 Καίσαρος
489 919 532 1018 ἦν
549 928 624 1010 νίδς
643 926 864 1018 συνοικούσης
884 925 1044 1024 Ὀκταβίῳ
1062 935 1108 1024 τῷ
1270 917 1272 924 ’

136 1035 175 1101 ἐκ
198 1037 370 1121 Βελιτροῖν
393 1033 462 1101 τῶν
489 1029 770 1118 Ούολονσκίδων,
802 1027 927 1122 ἐτράφη
955 1031 1109 1123 δὲπαρά

133 1137 177 1223 τῇ
199 1134 300 1222 μητρὶ
318 1135 555 1221 καταλειφθεὶς
573 1129 731 1223 ὀρφανός.
774 1128 933 1222 αὐξηθεὶς
952 1134 989 1204 δέ
1014 1139 1108 1221 διῆγε

1 1258 2 1308 1
92 1266 120 1306 ιο
134 1232 228 1321 παρά
252 1239 299 1327 τῷ
317 1241 464 1324 Καίσαρι
481 1231 600 1304 άπαιδι
617 1234 699 1306 ὄντι.
743 1232 795 1303 διὸ
819 1235 875 1304 καλ
898 1241 1032 1324 ἔστεργε
1048 1235 1108 1304 τὸν

1 1328 2 1332 “
133 1333 347 1429 ἀδελφιδοῦν
360 1339 417 1406 καὶ
434 1335 580 1426 μεγάλας
599 1336 689 1426 εἶχεν
705 1333 756 1406 ἐπ’
779 1331 868 1429 αύτῷ
887 1334 943 1418 τάς
958 1337 1105 1418 ἐλπίδας.

132 1433 157 1526 ἦ
181 1465 217 1508 τε
247 1435 311 1526 γάρ
340 1435 448 1528 μήτηρ
473 1436 578 1508 αὐτοῦ
603 1435 712 1509 Ἀττία
743 1439 974 1528 ἐγκυμονοῦσα
1004 1433 1108 1508 αύτδν

135 1541 231 1621 ἔδοξε
248 1539 321 1608 κατ’
341 1539 423 1629 ὄναρ
441 1539 482 1608 τά
500 1537 675 1630 σπλάγχνα
692 1535 796 1626 αὐτῆς
820 1545 867 1620 είς
885 1536 944 1610 τδν
960 1533 1108 1629 ούρανὸν

1 1715 2 1724 χ
134 1639 370 1730 ἀναφέρεσθαι
389 1642 444 1712 καὶ
463 1643 517 1711 ἐπί
535 1643 647 1713 πάσαν
666 1640 862 1712 ἐκτετάσθαι
876 1640 938 1730 τὴν
954 1641 1031 1730 γῆν,
1050 1643 1106 1711 καὶ

93 1737 156 1812 τιὸ
181 1745 310 1830 ἐκείνης
333 1739 419 1830 άνὴρ
445 1741 528 1812 κατά
550 1740 613 1831 τὴν
638 1739 745 1832 αύτίγν
762 1741 869 1814 νύκτα
888 1739 998 1813 ἐδόκει
1022 1739 1106 1832 ὁρᾶν

1 1837 2 1868 ἐ
132 1839 233 1932 ἥλιον
252 1846 288 1913 ἐκ
304 1848 363 1932 τῆς
376 1841 500 1932 νηδύος
515 1839 618 1930 αύτῆς
631 1841 862 1915 άνατέλλοντα.
881 1842 955 1934 ἄρτι
970 1845 1007 1914 δδ
1025 1847 1211 1928 τούιγΠχςς

134 1943 256 2026 παιδὸς
285 1946 479 2035 τεχθέντος,
520 1951 677 2032 Νιγίδιος
710 1953 876 2033 Φίγουλος
912 1943 1139 2034 βονλεντής,ς

136 2043 372 2134 διαγινώσκειν
378 2045 436 2129 τάς
450 2049 517 2117 ταῖν
526 2043 677 2135 άστέρων
686 2044 833 2134 κινήσεις
847 2043 964 2134 άριστα
973 2065 1107 2114 πιστευ-

2 2221 3 2228 ,
134 2145 273 2237 άμενος,
297 2146 508 2239 βραδύτερον
533 2153 580 2229 είς
597 2144 634 2217 τό
653 2149 833 2237 συνέδριον
850 2152 909 2216 τοῦ
931 2143 1107 2232 Ὀκταβίου

2 2276 3 2340 3
91 2277 121 2317 εο
135 2247 375 2338 ἀπηντηκότας,
389 2247 488 2340 ἤρετο
502 2246 605 2320 αύτδν
618 2247 680 2337 τὴν
694 2254 806 2318 αἰτίαν
817 2251 877 2336 τῆς
889 2247 1106 2338 βραδυτῆτος.

137 2345 184 2432 ὥς
204 2351 241 2421 δέ
255 2350 311 2421 διά
324 2347 383 2422 τόν
399 2353 460 2421 τού
476 2347 594 2433 παιδὸς
612 2348 712 2421 τόκον
730 2351 855 2431 ἐκεῖνος
874 2355 949 2438 ἐφη,
968 2343 1106 2437 άνεβόη-

137 2473 200 2522 σεν
216 2448 265 2522 ὅτι
285 2447 479 2542 “δεσπο’την
496 2449 578 2540 ἡμῖν
597 2447 806 2541 ἐγέννησας.”
842 2451 1108 2541 τρεφομένοοδδὲ

136 2557 201 2624 τού
229 2551 348 2636 παιδὸς
375 2559 413 2623 ἐν
436 2550 546 2646 ἀγρῷ,
578 2551 673 2634 ἀετὸς
699 2556 826 2623 ἐκτῶν
857 2553 978 2643 χειροῖν
1002 2548 1109 2622 αύτοῠ

137 2653 326 2745 ἐξαρπάσας
340 2651 454 2746 άρτον,
475 2656 532 2724 καὶ
549 2661 797 2746 μετεωρισθείς,
817 2643 918 2736 αύθις
932 2649 1108 2724 άπέδωκεν

95 2793 123 2832 τε
138 2752 243 2827 αύτύν
266 2754 442 2838 καταπτάς.
484 2761 664 2826 παιδίσκον
687 2783 724 2826 τε
748 2753 853 2826 αύτοῦ
876 2752 971 2834 ὄντος
995 2757 1051 2824 καὶ
1071 2757 1108 2825 ἐν

130 2852 238 2950 Ῥώμη
258 2863 503 2947 διατρίβοντος,
529 2861 642 2941 ἔδοξεν
660 2851 678 2927 ὁ
697 2859 851 2945 Κικέρων
875 2853 957 2924 καθ’
978 2852 1108 2936 ύπνους

134 2953 220 3046 δρᾶν
244 2957 349 3029 αὐτὸν
372 2956 513 3029 ἁλύσεσι
538 2973 678 3049 χρυσαῖς
704 2961 740 3026 ἐκ
763 2959 823 3026 τού
845 2952 951 3026 πόλου
969 2951 1052 3046 πρδς
1070 2955 1107 3024 τὸ

136 3058 351 3132 Καπιτώλιον
369 3057 607 3149 καθιμιάμενον
632 3059 688 3128 καὶ
706 3056 796 3146 παρά
813 3059 877 3126 τού
893 3055 976 3138 Διὸς
993 3076 1108 3146 μαστι-

137 3160 287 3251 ξάμενον.
331 3159 503 3243 Κάτουλος
527 3161 564 3231 δὲ
591 3161 647 3230 καὶ
672 3154 772 3239 αύτδς
792 3160 829 3228 ἐν
852 3152 973 3239 ὕπνοις
999 3153 1142 3229 ἐδύκειΙ)

94 3297 123 3339 ιο
136 3263 197 3334 τὸν
210 3272 280 3334 Δία
298 3270 355 3352 τῆς
369 3261 493 3352 Ῥώμης
512 3259 627 3333 εἰκόνα
645 3267 693 3344 είς
709 3259 768 3330 τὸν
786 3258 911 3330 κόλπον
924 3265 984 3329 τού
998 3255 1109 3330 Ὀκτα-

209 3495 277 3562 Cap.
292 3497 331 3551 13.
355 3495 453 3546 Dionis
465 3493 537 3546 nist
549 3493 627 3546 Rom.
641 3493 659 3543 l.
671 3495 713 3558 45,
727 3509 751 3548 ο.
765 3495 865 3544 1-11.
