2566 3812
410 127 731 190 'mmmm
1009 125 1070 190 m

103 266 266 358 ἐτύγχανε
283 266 324 338 τά
341 267 490 356 πολέμια.
519 265 601 356 πρὸς
621 266 659 336 δέ
676 263 942 356 τοόςῬιομαίους
956 269 991 336 ἐκ
1004 267 1074 338 τόν

102 373 350 460 Καρχηδονίων
376 368 408 452 ἐξ
437 374 545 450 αίτίας
572 369 706 439 τοιάσδε
729 365 916 458 μετήνεκτο.
959 363 1074 440 ὁἈσ-

103 471 253 563 δροόβας
270 467 288 540 ὁ
307 475 368 540 τοῦ
385 477 556 560 Γίσγωνος
573 477 671 558 φίλος
687 497 724 540 τε
747 459 791 557 ήν
815 466 906 562 αὐτῷ
930 471 985 540 καὶ
1003 481 1073 542 Σο-

102 578 240 664 φωνίδα
263 569 326 660 τήν
351 572 473 642 ἑαυτοῦ
496 573 668 662 θυγατέρα
685 566 777 666 αὐτῷ
794 569 989 660 ένηγγόησε.
1025 573 1074 665 αφ’

76 672 243 764 εΣόφακι
264 674 302 743 δὲ
313 669 570 762 συγγενόμενος,
589 673 645 742 καλ
657 670 699 742 τά
708 679 776 744 τόν
784 667 954 763 Ῥωμαίων
968 669 1072 744 αὐτόν
1135 723 1139 732 -

105 781 298 865 φρονοῦντα
317 771 531 862 αίσθόμενος,
549 769 660 844 οόκέτι
677 771 717 843 τά
736 771 972 863 ὡμολογημένα
990 772 1072 864 πρὸς

102 876 166 948 τόν
188 882 399 948 Μασινίσσαν
417 873 600 964 ἐφύλαξεν,
618 872 702 944 άλλόι
719 877 831 945 θέλων
854 889 924 956 τολς
941 883 1072 964 Καρχη-

104 984 230 1060 δονίοις
247 974 306 1048 τόν
324 973 472 1066 Σόφακα
489 973 801 1067 προσποιήσασθαι,
820 972 882 1046 οόκ
901 980 1073 1066 ἐλαχίστης

103 1078 280 1168 δυνάμεως
289 1074 444 1170 ἄρχοντα,
459 1076 521 1165 τήν
531 1105 567 1148 τε
573 1075 679 1168 ἀρχὴν
692 1075 783 1171 αὐτῷ
791 1080 1072 1166 συγκατέπραξεν,

63 1178 125 1270 ιοῆ
149 1187 197 1276 τῷ
221 1186 420 1272 Μασινίσσρι
450 1183 615 1270 προσῆκε,
645 1183 706 1250 τοό
729 1177 852 1269 πατρὸς
875 1177 979 1250 αὐτοῦ
1000 1176 1074 1248 τότε

102 1280 286 1369 θανόντος,
310 1283 367 1352 καὶ
392 1278 454 1370 τήν
479 1287 664 1370 Σοφωνίδα
689 1277 888 1374 σννςάκισευι
924 1277 945 1367 ἡ
970 1279 1008 1350 δέ
1032 1277 1071 1350 τό
1083 1301 1105 1350 Β

102 1411 139 1454 τε
156 1384 279 1464 κάλλος
297 1379 462 1472 ἐπιφανής
479 1371 523 1481 ἦν
540 1384 595 1452 καί
613 1386 751 1474 παιδεία
769 1385 875 1472 πολλή
895 1383 952 1452 καλ
969 1409 1072 1470 γραμ-

101 1482 219 1575 μάτων
235 1485 291 1554 καὶ
308 1486 469 1574 μουσικῆς
486 1482 628 1572 ἤσκητο,
653 1480 768 1554 άστεία
792 1511 829 1553 τε
852 1484 908 1554 καὶ
933 1481 1072 1572 αίμόλος

102 1577 165 1674 ήν,
190 1587 246 1656 καί
264 1581 369 1670 οὕτως
388 1582 611 1675 ἐπαφρόδιτος
630 1580 675 1668 ὥς
694 1579 840 1674 ὀφθεῖσα
858 1580 879 1673 ή
898 1586 954 1656 καὶ
975 1579 1073 1656 άκου-

64 1719 91 1758 ιτ
103 1699 228 1758 σθεῑσα
240 1683 345 1776 μόνον
358 1687 414 1757 καὶ
428 1684 487 1756 τόν
500 1683 590 1756 πάνυ
605 1688 778 1776 δυσέρωτα
791 1684 1071 1777 κατεργάσασθαι.

176 1786 212 1860 ‘0
228 1788 291 1878 μέν
307 1777 371 1860 οὖν
389 1785 510 1877 Σόφαξ
536 1785 593 1858 διά
614 1793 720 1858 ταῦτα
742 1802 811 1870 τοῖς
829 1794 1075 1877 Καρχηδονίοις

103 1892 307 1980 προσέθετο,
331 1889 387 1960 καί
405 1887 423 1960 δ
441 1895 657 1972 Μασινίσσας
679 1885 720 1959 τό
743 1893 811 1960 τόν
825 1883 994 1978 Ῥωμαίων
1011 1887 1074 1959 άν-

102 2000 237 2062 θείλετο
255 1992 312 2072 καί
325 1987 572 2082 χρησιμώτατος
586 1987 698 2074 αότοίς
713 1989 768 2061 διά
781 1988 918 2060 πάντων
929 1992 1073 2078 ἐγένετο

103 2099 261 2166 Σκιπίων
288 2091 326 2162 δέ
351 2089 460 2162 πάντα
482 2090 523 2162 τά
542 2087 635 2172 ἐντός
658 2094 719 2160 τοῦ
737 2099 936 2182 Πυρηναίου
952 2089 993 2160 τὰ
1011 2089 1075 2178 μὲν

65 2222 90 2264 ιο
103 2199 176 2288 βίᾳ,
194 2191 235 2263 τά
254 2193 291 2264 δέ
308 2187 467 2286 ὁμολογία
483 2187 795 2286 προσποιησάμενος
814 2195 847 2274 ές
864 2189 926 2278 τήν
939 2189 1076 2279 Λιβύην
1096 2187 1097 2190 “

11 2337 15 2345 -
102 2302 302 2366 στείλασθαι
325 2293 525 2384 ἡτοιμάζετο.
567 2298 603 2364 οί
627 2289 660 2364 δ’
687 2295 724 2362 έν
750 2295 793 2383 τῇ
816 2289 923 2384 Ῥιόμη
949 2289 990 2362 τά
1011 2291 1076 2381 μέν

100 2393 225 2490 φθόνφ
248 2399 316 2468 των
333 2393 605 2486 κατορθωμάτων
628 2389 752 2484 αὐτοῦ,
778 2390 819 2463 τά
844 2394 881 2465 δέ
905 2391 1000 2488 φόβφ
1027 2390 1074 2484 μή

100 2495 365 2590 ὑπερφρονήσας
382 2497 594 2588 τυραννήση,
614 2492 858 2568 άνεκαλέσαντο
876 2489 990 2586 αότόν,
1010 2493 1074 2568 δύο

97 2604 172 2671 τῶν
189 2605 385 2689 στρατηγῶν
402 2596 580 2690 διαδόχους
597 2593 687 2691 αὐτῷ
705 2598 903 2688 πέμψαντες.
1085 2615 1107 2668 c

59 2729 87 2769 τε
180 2703 249 2772 Καί
262 2695 280 2772 ὁ
293 2701 356 2791 μὲν
368 2696 456 2772 οὕτω
470 2704 528 2789 τῆς
546 2695 649 2790 άρχής
664 2697 808 2789 ἐπαύθη,
829 2697 847 2770 δ
862 2701 902 2771 δέ
912 2727 950 2788 γε
965 2709 1072 2770 Σουλ-

101 2807 215 2884 πίκιος
247 2803 329 2894 μετὰ
364 2806 424 2872 τοῦ
451 2797 607 2874 ’Λττάλου
637 2798 721 2871 κατά
743 2799 802 2870 τὸν
826 2795 929 2870 αὐτόν
953 2799 1074 2888 χρόνον

99 2899 223 2994 Ὠρεόν
244 2905 307 2994 μέν
330 2909 512 2996 προδοσίᾳ,
536 2899 699 2976 Ὀποῦντα
728 2902 766 2973 δὲ
792 2898 884 2992 ίσχόι·
904 2904 1072 2989 κατέσχεν.

102 2999 210 3095 ὁγὰρ
235 3011 403 3086 Φίλιππος
426 3003 490 3078 οὐκ
514 3002 674 3094 ἠδυνήθη
697 2998 811 3084 αὐτοῖς
836 3007 1002 3091 ἐπαμῦναι
1020 2999 1075 3070 διά

102 3108 250 3198 ταχέων,
267 3106 326 3192 τάς
345 3101 480 3190 διόδους
498 3101 799 3201 προκατασχόντων
814 3105 884 3176 τεόν
901 3108 1073 3178 Αίτωλῶν.

173 3373 242 3442 Gap.
257 3377 297 3431 11.
326 3375 425 3430 Dionis
442 3378 586 3431 Historiae
598 3380 741 3430 Romanae
758 3377 824 3430 libri
839 3377 953 3444 perditi:
973 3377 1072 3444 fragm.
1141 3366 1147 3373 ’

102 3442 147 3507 ετ,
169 3444 211 3498 το.
355 3472 357 3480 ι
1075 3449 1180 3556 4⁹⁰³
1196 3473 1253 3589 ,ινφ

1065 3565 1091 3607 Y
1245 3587 1263 3608 A

1056 3605 1083 3654 γ..

1066 3686 1085 3710 ..

1087 3745 1102 3790 ί
