2562 3814
163 133 223 197 150
414 135 422 141 ’
476 131 808 186 L1ss.v11.cA1³.xx1.

158 277 204 368 τῷ
225 271 320 366 δήμῳ
339 273 496 345 διέδοσαν
514 274 570 343 καὶ
590 268 769 344 ἐδαπάνων
788 278 835 354 είς
852 269 914 360 τήν
932 269 1124 360 πανήγυριν

159 378 214 446 καὶ
233 379 463 464 ἐδημοσίευον,
482 376 539 445 καὶ
559 387 594 444 εί
606 403 637 444 τι
656 379 919 463 περιελέλειπτο,
947 380 994 454 είς
1011 371 1126 463 ναούς,

160 484 207 559 είς
225 476 322 558 στοάς
340 473 361 566 ή
379 486 437 546 καί
452 506 483 547 τι
502 481 616 566 ἕτερον
634 476 794 565 δημόσιον
818 483 917 563 έργον
934 473 1125 563 ἀνήλισκον.

240 576 348 650 Ταῦθ’
364 577 381 648 ὁ
401 579 551 668 πομπεός
570 576 710 667 ποιήσας
729 585 777 660 είς
795 575 830 648 τό
849 575 938 668 ἅρμα
956 573 1124 666 ἀνέβαινε.

158 679 194 750 τὸ
212 681 251 750 δέ
271 678 312 769 δή
330 679 418 771 ἅρμα
436 677 509 751 οὔτ’
529 678 761 773 άγωνιστηρίω
785 677 860 750 οὔτε
881 688 1152 774 πολεμιστήρίμε
1170 723 1173 735 ι

159 774 202 871 ἦν
216 786 367 871 ἐμφερές,
382 779 457 854 ἀλλ’
471 786 504 864 ἐς
517 779 648 870 πόργου
668 785 869 872 περιφεροῦς
884 779 1009 871 τρόπον
1023 783 1057 864 ἐξ
1077 789 1126 870 ίρ-

127 909 273 974 ογαστο.
309 887 365 954 καὶ
389 882 429 954 οὐ
454 883 554 973 μόνος
577 874 620 971 ἦν
637 887 674 954 ἐν
691 889 737 976 τῷ
756 880 895 974 ἅρματι,
922 879 997 952 ἀλλ’
1019 881 1062 952 άν
1085 911 1125 970 γε

57 1005 163 1059 W1132
171 989 225 1058 καὶ
245 992 368 1067 παῖδας
386 984 407 1074 ἢ
425 1000 599 1074 συγγενεῖς
611 985 797 1074 τιναςέίχε,
816 981 982 1054 κάκείνων
994 983 1051 1064 τάς
1062 985 1125 1074 μὲν

158 1087 258 1175 κόρας
276 1089 332 1157 καὶ
350 1087 389 1157 τὰ
407 1087 532 1178 άρρενα
550 1087 589 1156 τά
614 1085 736 1175 νεογνά
761 1091 798 1157 έν
822 1082 913 1178 αὐτῷ
938 1082 1125 1174 ἀνεβίβαζε,

157 1189 239 1270 τούς
255 1190 293 1260 δὲ
310 1185 511 1278 άδροτέρους
529 1191 583 1260 ἐπὶ
602 1187 681 1270 τοός
699 1195 822 1270 ἵππους
844 1186 921 1268 τοός
938 1216 974 1257 τε
993 1195 1124 1276 ζυγίους
1139 1218 1163 1257 ιο

157 1293 215 1362 καὶ
232 1291 314 1372 τοδς
329 1290 549 1382 σειραφόρους
567 1287 756 1362 άνετίθετο·
777 1298 808 1361 εί
821 1290 859 1360 δέ
873 1297 1009 1371 πλείους
1027 1279 1125 1377 ἦσαν,

158 1396 213 1464 ἐπὶ
226 1392 376 1482 κελήτων
389 1396 436 1486 τῷ
444 1408 570 1482 πομπεῖ
579 1389 845 1480 παριππεύοντες
858 1387 1124 1480 συνεπόμπευον.

157 1499 225 1566 τῶν
245 1490 278 1566 δ’
298 1496 409 1566 ἄλλων
426 1493 540 1574 οὐδεὶς
559 1491 687 1583 ὠχεῖτο,
707 1489 783 1564 ἀλλ’
801 1496 992 1582 ἐστεμμένοι
1011 1491 1123 1584 δάφνῃ

157 1594 279 1678 πάντες
299 1595 458 1685 ἐβάδιζον.
491 1596 620 1684 οἰκέτης
638 1598 751 1686 μέντοι
771 1593 926 1684 δημόσιος
946 1591 999 1664 ἐπ’
1021 1591 1126 1664 αὐτοῦ

156 1715 341 1787 παρωχεῖτο
365 1703 425 1768 τοῦ
456 1694 615 1786 ἅρματος,
646 1696 704 1768 τόν
729 1699 894 1785 στέφανον
924 1699 991 1766 τῶν
1015 1702 1125 1766 λίθων
1138 1723 1164 1761 15

158 1806 226 1870 τῶν
243 1801 457 1889 χρυσοδέτωυ
473 1795 690 1888 όπερανέχων
708 1797 828 1888 αὐτοῦ,
857 1800 912 1868 καὶ
932 1805 1023 1884 έλεγε
1041 1795 1125 1886 πρός

159 1897 263 1970 αὐτόν
277 1895 408 1972 “όπίσω
425 1897 556 1988 βλέπε,”
576 1898 613 1971 τό
625 1897 765 1971 κατόπιν
779 1898 907 1988 δηλαδή
925 1901 980 1969 καὶ
998 1895 1037 1968 τό
1051 1903 1125 1988 ἐφε-

158 2006 216 2090 ξής
240 2000 425 2092 προσκόπει
449 2007 508 2074 τοῦ
533 2009 628 2092 βίον,
660 1997 830 2092 μηδ’,όπὸ
854 2005 922 2072 των
946 1997 1125 2088 παρόντων

159 2107 310 2196 ε’παρθής
334 2107 390 2174 καὶ
413 2102 683 2196 ὑπερωρονήσής.
725 2106 781 2174 καὶ
804 2101 926 2174 κάδων
956 2099 1123 2192 άπήρτητο

124 2211 215 2276 Βκαλ
233 2207 350 2296 μάστιξ
375 2211 435 2276 τοῦ
453 2203 616 2296 ἅρματος,
641 2202 826 2276 ἐνδεικτικά
850 2209 909 2274 του
926 2205 984 2272 καὶ
1003 2209 1122 2273 δυστυ·
1136 2228 1162 2269 ω

158 2313 258 2398 χήσαι
282 2307 385 2378 αὐτόν
404 2306 592 2395 δύνασθαι,
619 2302 777 2377 ὥστεκαὶ
800 2308 997 2393 αἰκισθῆναι
1022 2299 1043 2390 ή
1068 2304 1123 2372 καὶ

160 2413 382 2497 δικαιωθῆναι
408 2422 540 2480 θανεῖν.
577 2409 655 2488 τούς
680 2409 743 2496 γάρ
775 2412 832 2478 ἐπί
852 2437 918 2477 τινι
941 2403 1127 2493 άτοπήματι

158 2513 465 2592 καταδικασθέντας
494 2523 617 2582 θανεῖν
648 2509 822 2598 νενόμιστο
853 2515 1124 2595 κωδωνοφορεῖν,

158 2617 215 2680 ἵνα
233 2615 349 2700 μηδεὶς
366 2619 562 2699 βαδίζουσιν
580 2608 693 2692 αὐτοῖς
712 2609 966 2700 ἐγχριπτόμενος
983 2608 1125 2698 μιάσμα-

158 2741 214 2793 τος
231 2709 489 2803 άναπίμπλήται.
526 2710 614 2784 οὕτω
641 2715 678 2784 δὲ
702 2717 875 2794 σταλέντες
901 2709 1060 2802 είσήεσαν
1079 2717 1165 2790 είςω

157 2816 220 2904 τὴν
239 2814 354 2904 πόλιν,
374 2825 504 2906 ἔχοντες
528 2818 766 2904 προπέμποντα
789 2819 887 2902 σφων
910 2811 948 2882 τό
967 2810 1072 2882 σκῦλά
1090 2839 1125 2880 τε

159 2919 215 2988 καλ
232 2918 273 2987 τά
290 2915 443 3007 τρόπαια,
462 2919 517 2987 καὶ
538 2923 575 2987 ἐν
594 2914 698 2986 είκόσι
715 2914 755 2985 τά
768 2943 804 2985 τε
817 2913 1007 3004 αἰχμάλωτα
1020 2910 1126 3002 φροό·

159 3049 215 3110 ρια
232 3017 423 3109 ἠσκημένα,
450 3017 562 3101 πόλεις
580 3047 615 3089 τε
632 3021 689 3136 χαλ
713 3015 775 3108 ὅρη
794 3020 850 3088 καὶ
868 3013 1053 3104 ποταμούς,
1078 3020 1125 3083 λί-

159 3150 260 3210 μνας,
288 3119 478 3208 θαλάσσας,
508 3119 549 3190 τά
572 3147 608 3190 τε
634 3118 811 3208 σύμπαντα
834 3115 897 3188 ὅσα
922 3114 1124 3188 εἀλιόκεσαν.

160 3223 215 3294 καὶ
235 3228 266 3292 εί
281 3224 342 3310 μέν
360 3229 420 3312 μία
437 3220 543 3312 ἡμέρα
560 3211 603 3310 ήν
623 3224 805 3309 ἐξαρκοῦσα
823 3219 904 3308 πρὸς
921 3217 984 3306 τήν
996 3215 1125 3287 τούτων
1139 3239 1166 3282 ³0

160 3321 312 3412 πομπήν·
338 3331 370 3396 εί
386 3323 425 3394 δέ
447 3322 509 3413 μή,
535 3326 590 3394 καὶ
611 3328 647 3393 ἐν
665 3325 805 3414 δευτέρᾳ
830 3323 886 3392 καὶ
910 3327 1003 3410 τρίτῃ
1029 3320 1125 3405 ἐπέμ-

160 3451 248 3499 πετο.
285 3423 559 3512 προδιελθόντων
584 3421 618 3496 δ’
641 3429 780 3498 ἐκείνων
803 3422 908 3504 οὕτως
932 3417 950 3492 ὁ
974 3419 1125 3509 πομπεός
