2562 3814
197 157 257 221 128
510 155 583 208 Lm.
595 157 658 230 vn.
678 155 757 206 σεε.
770 155 843 208 xw.

196 303 353 386 σημαίνει
375 293 412 366 τὰ
435 293 549 384 ὄνομα.
596 293 614 366 ὁ
639 295 677 364 δέ
701 295 813 365 θέλων
836 295 883 389 τῷ
906 291 1000 388 δήμω
1026 300 1162 384 χαρίσα·
1275 311 1276 316 ’

197 411 279 470 σθαι
301 395 408 469 πολλά
433 397 603 487 διειλέγθη
626 402 667 486 τῇ
691 403 870 488 γερουσίᾳ,
899 391 975 465 ἀλλ’
1000 392 1063 465 οὐκ
1086 403 1163 485 ἐσηε

198 497 325 588 ταύτην
354 497 542 588 πειθήνιον.
589 495 642 568 διὰ
672 497 737 570 σάν
767 490 851 588 ἀργῇ
885 495 1074 584 ἐκπηδήσας
1102 503 1163 566 τοῦ

200 607 401 692 συνεδρίου,
427 597 662 691 δημηγορήσας
684 629 721 670 τε
739 599 823 687 πρὸς
846 596 904 670 τὸν
928 605 1036 688 δῆμον
1058 596 1164 669 πολλά

97 725 204 779 WI122
214 699 298 774 κατά
321 707 381 792 τής
406 707 529 792 βουλῆς
552 699 614 792 τήν
644 699 827 793 ἡγεμονίαν
851 698 1023 772 ἀπείπατο.
1066 702 1122 770 καὶ
1145 699 1189 769 ὁε

201 809 304 896 δήμος
322 811 370 875 ἔτι
394 807 522 894 μάλλον
546 809 596 894 είς
621 800 738 873 στάσιν
761 799 930 894 ἠρέθιστο.
966 807 1002 872 ολ
1016 800 1081 890 γάρ
1100 807 1163 872 δα-

198 914 344 994 νεισταί,
367 910 428 994 τῆς
443 906 520 996 περὶ
543 905 583 975 τά
607 903 797 994 συμβόλαια
820 903 992 994 ἀκριβείας
1016 901 1165 992 ἐχόμενοι

199 1010 256 1078 καὶ
273 1005 363 1098 μήτι
380 1023 449 1088 τοῖς
467 1004 630 1096 ὄφλουσιν
650 1003 856 1095 ἐνδιδόντες,
875 1009 936 1075 τοῦ
953 1001 1112 1094 ἀκριβοῦς
1128 1030 1165 1076 τε

154 1107 384 1201 ,οδιήμαρτον
402 1111 457 1180 καὶ
475 1111 609 1180 πολλοῖν
632 1111 754 1199 ἑτέρων
771 1103 946 1196 ἀπέτυχον.
982 1105 1084 1197 ήγάρ
1107 1132 1164 1177 πε·

199 1219 257 1282 νία
275 1213 331 1280 καὶ
348 1209 369 1299 ή
389 1208 563 1298 έκταάτης
580 1205 723 1280 άπόυοια
740 1206 844 1279 κακόν
859 1212 928 1280 ἐστι
941 1215 1064 1297 βίαιον,
1083 1215 1115 1278 εί
1127 1208 1165 1278 δὲ
1177 1236 1202 1278 ιο

199 1313 309 1384 καὶτὸ
326 1318 456 1402 πλῆθος
474 1309 669 1401 προσλάβοι,
689 1312 745 1384 καὶ
764 1308 1033 1400 δυσμαχώτατον.
1069 1317 1166 1379 πλεί-

200 1435 289 1485 στων
310 1419 396 1502 γοῦν
421 1417 543 1486 δεινοῖν
566 1431 636 1494 τοῖς
655 1411 825 1502 Ῥωμαίοις
849 1419 938 1482 αίιία
962 1407 1074 1500 ήτότε
1097 1415 1166 1482 τῶν

201 1517 443 1606 δυνατωτέρων
460 1514 543 1605 πρὸς
560 1515 639 1594 τούς
655 1512 919 1604 ὑποδεεστέρους
937 1509 1092 1604 ἀκρίβεια
1109 1515 1166 1601 γέ-

199 1645 310 1704 γονεν.
351 1613 396 1696 ὦς
419 1615 484 1705 γάρ
508 1631 580 1697 ταῖς
603 1623 790 1705 στρατείαις
814 1643 850 1684 τε
872 1613 909 1685 τὸ
933 1614 1167 1704 στρατιωτικὸν
1247 1697 1251 1704 Ι

201 1718 344 1808 ἐπιέζετο
367 1719 424 1788 καὶ
441 1715 547 1788 πολλά
564 1715 722 1799 πολλάκις
747 1720 887 1788 ἐλπίσαν
911 1719 1027 1805 σαφῶς
1045 1715 1165 1804 ἐξηπά-
1180 1744 1204 1786 τε

200 1847 295 1908 τητο,
327 1820 383 1888 καὶ
405 1815 495 1909 παρά
518 1825 587 1890 τῶν
612 1825 797 1890 δανειστῶν
820 1825 856 1888 οἱ
876 1815 1044 1907 ὀφειλέται
1066 1815 1166 1908 ὑβρί·

201 1929 294 2004 ζονιο
312 1921 368 1990 καλ
387 1917 556 2010 ᾐκίζοντο,
581 1923 614 2001 ἐς
632 1923 793 1992 τοσοῦτον
814 1915 915 2009 ἀργῆς
939 1916 1167 2008 ἐξεκαύθησαν

202 2020 246 2103 ιδς
268 2024 324 2090 καὶ
340 2019 402 2112 τὴν
419 2021 518 2094 πόλιν
540 2025 608 2092 τάν
626 2018 763 2110 ἀπόρων
781 2021 925 2103 πολλοὺς
945 2025 1092 2092 έκλιπελν
1110 2021 1166 2090 καλ

202 2127 238 2194 ἐκ
262 2127 321 2194 τοῦ
345 2127 571 2212 στρατοπέδου
593 2119 809 2215 ἀναχωρῆσαι
837 2126 893 2193 καὶ
916 2125 953 2194 ἐκ
976 2127 1034 2211 τῆς
1057 2120 1166 2213 χώρας
1192 2121 1194 2124 ’

202 2221 246 2308 ὡς
264 2233 444 2314 πολεμίους
461 2224 519 2308 τάς
536 2223 661 2316 τροφάς
680 2229 901 2315 ἐρανίζεσθαι.
1178 2251 1205 2292 ιο

281 2323 378 2396 Οὕτω
410 2327 447 2396 δὲ
471 2325 600 2398 τούτων
624 2329 916 2416 συνενεχθέντων,
949 2327 1022 2396 ἐπεὶ
1051 2327 1168 2398 πολλοὶ

168 2451 192 2499 D
204 2425 285 2515 πρὸς
303 2424 381 2507 τούς
399 2422 608 2512 ἀποστάντας
625 2431 826 2519 συνέρρεον,
847 2434 1020 2509 δείσαντες
1037 2431 1074 2498 οί
1087 2433 1168 2514 βου-
1192 2424 1196 2431 ’

203 2529 318 2596 λευταὶ
335 2525 380 2617 μή
405 2531 459 2598 ἐπὶ
477 2532 580 2602 πλέον
602 2519 698 2602 οὗτοί
718 2559 754 2601 τε
773 2533 1030 2619 ἐκπολεμωθῶσι
1054 2530 1110 2604 ναὶ
1127 2532 1169 2619 τῇ

111 2711 113 2716 ¹
137 2635 139 2640 ’
163 2707 165 2711 ,
202 2625 316 2698 στάσει
334 2637 586 2702 συνεπίθωνται
610 2635 645 2702 οί
660 2638 840 2723 περίοικοι,
867 2628 1170 2722 διεκηρυκεάσαντο

202 2727 284 2820 πρὸς
308 2725 447 2820 αὐτούς,
470 2729 533 2803 ’ὅσα
556 2731 638 2824 πρὸς
663 2739 788 2823 βουλῆς
811 2723 899 2822 ἦσαν
922 2729 1035 2814 αὐτοῖς
1058 2747 1172 2826 ποιεῖν
1182 2757 1210 2798 εε

201 2825 474 2922 ὑπισχνούμενοι.
512 2832 557 2915 ὦς
576 2835 614 2908 δὲ
630 2834 772 2924 μάλιστα
791 2831 1018 2925 ἐθρασύνοντο
1036 2835 1093 2904 καὶ
1109 2827 1170 2904 οὐ·
1243 2889 1245 2896 ,

204 2933 285 3004 δένα
311 2932 413 3024 λόγον
437 2937 607 3024 ἐδέχοντο,
633 2933 680 3018 εἷς
705 2941 774 3008 τῶν
791 2939 967 3026 πρέσβεων
987 2932 1171 3027 Ἀγρίππας

203 3035 376 3123 Μενήνιος
400 3033 515 3126 μάθον
546 3036 634 3120 τινὸς
665 3041 752 3127 σφοῖς
781 3036 920 3108 ἀκοῦσαι
943 3035 1081 3126 ήξίωσε·
1103 3037 1171 3106 ’καὶ

96 3235 99 3241 .
202 3133 313 3226 ιυχάν
343 3137 416 3208 εἶπε
442 3136 618 3210 στασιάσαι
648 3137 730 3228 πρὸς
760 3136 823 3228 τήν
843 3141 992 3232 ’γαστέρα
1020 3137 1061 3209 τά
1086 3140 1172 3227 μέλη

159 3374 163 3380 .
245 3370 248 3374 -
271 3337 287 3385 6
305 3329 335 3386 ολ
349 3301 572 3402 γάρ-δάνει’σταί
583 3365 614 3376 -
633 3341 664 3390 13
682 3298 816 3404 ἀκρίβεια
833 3299 962 3406 γέγονεν]
982 3337 1081 3388 Dionis
1093 3333 1185 3404 frag?

167 3427 170 3433 ,
202 3406 323 3452 mentum
338 3406 378 3466 17,
392 3405 415 3457 6,
462 3427 465 3432 ·
487 3408 518 3456 19
537 3397 568 3457 ἐκ
581 3404 633 3470 τῆς
646 3397 742 3472 χωρας
752 3433 784 3442 -
797 3423 822 3473 p.
837 3409 886 3458 129
898 3405 943 3457 fin.
959 3399 1171 3472 ψηφισαμένης

114 3545 117 3550 Ι
203 3463 317 3536 αὐτοῖς]
331 3471 431 3522 Dionis
445 3473 544 3538 fragm.
558 3475 599 3537 17,
613 3475 716 3525 9—12.
1255 3475 1260 3484 '
