2562 3814
169 198 230 262 146
491 198 639 254 LIB.V11,
659 198 736 252 σει).
750 201 810 248 xx.

168 336 381 410 Καπιτωλιον
399 339 455 406 καὶ
480 335 519 407 τά
538 338 638 408 λοιπά
663 336 703 409 τά
729 336 962 428 ἐπικαιρότατα
987 335 1043 408 διά
1067 343 1141 410 τῶν

169 443 298 511 ἱππέων
337 438 618 530 προκαταλαβύυ,
660 444 770 512 ἔωθεν
811 443 864 510 ἐπὶ
906 440 965 510 τὸν
1000 439 1137 512 Μάλιου

169 550 295 632 έπεμψε
314 539 415 612 Γάιον
433 549 634 630 Σερουίλιον
651 540 711 613 τὸν
728 547 907 632 ἵππαρχον,
928 539 971 622 ὦς
991 540 1034 612 δι’
1053 541 1135 613 ἄλλο

65 668 200 720 Ρ1351τι
219 650 348 714 ἐκεῖνον
366 642 663 732 μετακαλούμενος.
699 639 716 714 ὁ
737 645 791 730 δέ,
814 642 1085 731 ὑποτοπήσαντός
1104 673 1136 714 τι

168 753 228 817 τοῦ
247 751 384 816 Μαλίου
410 747 466 814 καὶ
492 747 743 835 διαμέλλοντος,
777 753 889 826 δείσας
913 745 958 835 μή
985 744 1051 816 ὑπὸ
1075 749 1167 816 τοῦτ

169 848 322 936 πλήθους
349 849 563 938 ἐξαρπασθή,
590 845 656 936 ήδη
679 846 744 936 γάρ
768 851 986 938 συνέτρεχον,
1012 855 1137 918 ἔκτεινε

168 949 228 1021 τὸν
245 947 369 1037 ἄνδρα,
397 944 737 1038 ήαύτογνωμουήσας
761 945 782 1038 ή
800 955 897 1020 τοῦτο
922 952 1136 1038 κεκελευσμέ-

169 1081 226 1134 νος
245 1051 326 1138 πρδς
341 1056 403 1120 τού
423 1049 631 1138 δικτάτωρος.
660 1054 916 1140 θορυβηθέντος
934 1049 963 1120 δ’
987 1053 1041 1121 ἐπὶ
1059 1048 1142 1123 τού-’

168 1183 215 1248 τῳ
233 1157 292 1223 τοῦ
310 1149 464 1239 πλήθους
487 1149 680 1235 ὁΚυΐντιος
705 1151 939 1244 δημηγορήσας
964 1155 1020 1222 καὶ
1043 1167 1136 1222 σῖτον

169 1262 266 1344 σφίσι
291 1251 472 1342 παρασχὼν
503 1256 559 1323 καὶ
585 1252 631 1342 μή
657 1283 733 1324 τινα
763 1257 877 1344 ἕτερον
901 1250 922 1341 ἢ
949 1251 1091 1335 κολάσας
1114 1249 1179 1342 ήιο

171 1352 447 1443 ἐπαιτιασάμενος
465 1354 523 1424 τόν
541 1354 694 1443 θόρυβον
712 1362 846 1426 ἔπαυσε.

245 1459 410 1546 Πολέμων
434 1456 471 1526 δέ
494 1473 563 1538 τοῖς
582 1456 753 1547 Ῥωμαίοις
777 1461 813 1527 ἐκ
833 1454 1007 1547 διαφόρων
1024 1459 1137 1526 ἐθνῶν

70 1612 72 1620 ·
172 1561 461 1648 ἐπενηνεγμένων,
486 1557 564 1640 τούς
581 1560 643 1648 μὲν
667 1562 704 1630 ἐν
727 1557 854 1649 ὀλίγαις
872 1559 1009 1648 ήμέραις
1028 1563 1136 1646 ἐνίκη-

172 1682 252 1748 σαν,
284 1675 354 1740 τοῖς
386 1661 422 1729 δὲ
455 1669 642 1750 Τυρσηνοῖς
674 1663 728 1732 ἐπὶ
759 1659 887 1752 μακρόν
919 1662 1135 1750 ἐπολέμησαν.

170 1769 387 1851 Ποστουμίου
405 1761 443 1830 δὲ
460 1763 672 1850 νενικηκότος
686 1762 763 1845 τούς
778 1760 946 1844 Αίκουούς
963 1763 1019 1832 καὶ
1036 1757 1134 1849 μεγά-
1151 1787 1178 1827 ιε

172 1874 235 1953 λην
252 1861 350 1934 πόλιν
370 1861 502 1945 ἑλόντος
520 1860 650 1953 αύτων,
675 1863 725 1935 ὅτι
743 1861 819 1954 μήτ’
841 1869 973 1952 ἐκείνην
990 1867 1024 1933 oc
1039 1883 1137 1951 στρα-

137 1986 160 2036 Β
172 1970 286 2037 τιῶται
306 1972 354 2045 είς
372 1965 544 2056 προνομήν
558 1969 589 2048 ἐξ
595 1965 815 2056 εχωρήθησαν
832 1965 916 2056 μήτε
932 1995 963 2035 τι
976 1967 1033 2053 τής
1047 1971 1139 2046 λείας

173 2065 366 2157 αἰτήσαντες
385 2073 523 2156 ἔλαβον,
548 2067 606 2138 τόν
623 2096 659 2138 τε
676 2075 798 2158 ταμίαν
821 2065 880 2138 τόν
905 2067 1139 2155 διατιθέμενον

173 2167 279 2258 αύτήν
303 2168 518 2256 περιστάντες
548 2168 737 2258 ἐφόνευσαν
762 2172 818 2240 καὶ
843 2169 902 2240 τὸν
925 2165 1138 2256 Ποστούμιον

141 2317 143 2324 ν
173 2277 372 2361 ἐπιτιμῶντα
390 2269 503 2352 αὐτοῖς
529 2274 583 2341 ἐπὶ
600 2269 707 2365 τούτῳ
726 2274 781 2341 καὶ
800 2274 960 2360 ζητοῦντα
981 2268 1057 2354 τούς
1076 2266 1137 2338 αὐ·
1151 2295 1178 2336 ιο

171 2372 322 2463 τόχειρας
340 2375 637 2462 προσαπέκτειναν,
656 2376 711 2444 καὶ
729 2369 792 2462 τήν
804 2371 918 2463 χάραν
931 2367 971 2443 ού
989 2371 1051 2460 τήν
1069 2377 1140 2459 αίχ·

172 2473 327 2563 μάλωτον
351 2470 473 2562 μόνον,
499 2470 583 2545 άλλά
606 2478 662 2545 καὶ
686 2480 799 2546 πᾶσαν
821 2475 1045 2564 προσένειμαν
1063 2475 1154 2556 ἑαυ-Ι

173 2591 242 2656 τοῖς
260 2571 321 2662 τήν
340 2579 376 2652 ἐν,
394 2577 441 2668 τῷ
459 2583 608 2670 δημοσίῳ
632 2577 705 2647 τότε
723 2574 965 2666 τυγχάνουσαν.
1002 2568 1066 2646 κάν
1085 2577 1139 2644 ἐπὶ

173 2685 332 2748 πλεῖστον
354 2672 375 2766 ή
399 2676 512 2761 στάσις
536 2680 731 2770 διήρκεσεν,
758 2686 790 2750 εί
805 2677 850 2770 μή
873 2676 1015 2768 πόλεμος
1039 2665 1139 2756 αὖθις

171 2774 339 2870 Ῥωμαίοις
357 2778 447 2868 παρά
464 2785 532 2851 τῶν
546 2788 704 2852 Αίκουῶυ
723 2778 931 2870 έπενήνεκτο.
968 2779 1138 2869 φοβηθέυ-
1152 2801 1178 2843 ετ

173 2911 226 2964 τες
244 2879 308 2972 γάρ
327 2880 383 2950 διά
400 2884 497 2952 τούτο
515 2880 707 2973 ἡσύχασαν,
734 2885 789 2953 καὶ
807 2881 868 2972 τήν
892 2887 1054 2972 τιμωρίαν
1069 2884 1139 2949 τῶν

173 2983 290 3074 φόνων
309 2990 356 3066 είς
373 2980 509 3073 ὀλίγους
528 2989 697 3060 ἐλθοῦσαν
708 2979 904 3075 ὑπέμειναν,
922 2985 978 3053 καὶ
994 2984 1048 3052 ἐπὶ
1061 2979 1141 3062 τούς

175 3091 347 3168 ἐναντίους
371 3084 633 3175 στρατεύσαντες
663 3085 751 3178 μάχη
781 3084 905 3168 αὐτούς
935 3081 1139 3172 νενικήκασι.

137 3185 227 3258 Οδιὸ
245 3183 308 3275 τήν
325 3216 361 3258 τε
378 3195 473 3259 λείαν
491 3185 605 3271 αὐτοῖς
623 3194 659 3258 οί
681 3189 818 3260 δυνατοὶ
839 3189 995 3258 διέδοσαν
1013 3187 1070 3256 καὶ
1088 3213 1140 3274 μι-

174 3287 261 3360 σθδυ
278 3304 346 3370 τοῖς
359 3298 478 3379 πεζοῖς,
498 3290 567 3361 εἶτα
585 3293 641 3361 καί
658 3307 726 3372 τοῖς
741 3293 899 3362 ἱππεῦσιν
918 3290 1139 3378 ἐψηφίσαντοῐ
1154 3313 1181 3355 το

173 3389 293 3480 ἀμισθί
320 3389 383 3479 γάρ
407 3395 502 3482 μέχρι
524 3391 599 3464 τότε
623 3395 678 3463 καὶ
702 3390 860 3463 οίκόσιτοι
885 3388 1138 3482 ἐστρατεύοντο·

173 3491 247 3562 τότε
265 3492 303 3562 δέ
321 3495 453 3571 πρῶτον
469 3507 691 3583 μισθοφορεῖν
709 3492 861 3584 ἤρξαντο.
