2562 3814
442 173 764 252 mmmm
1025 173 1085 238 m

115 311 221 384 αὐτὸν
239 307 407 385 ἀπειπεῖν.
445 317 571 382 εἵλοντο
590 313 628 382 δδ
642 307 715 384 ἀντ’
733 315 863 384 ἐκείνου
877 311 1087 405 συνάρχοντα

113 413 272 486 Πόπλιον
287 411 492 504 Οὐαλέριον,
517 408 553 495 ὃς
567 412 779 496 Ποπλικόλας
799 415 1085 506 προσωνομάσθη·

116 524 218 605 δηλοῖ
233 511 269 584 δ’
288 509 310 604 ἡ
328 518 444 604 κλῆσις
469 517 734 606 ἐξελληνιξομένη
752 522 925 606 δημοκηδῆ
942 512 963 606 ἢ
983 524 1087 608 δημο-

115 616 311 688 τικῶτατον.

94 749 108 788 ε
201 716 386 807 Ταρκύνιος
414 718 451 788 δὲ
475 714 644 806 ἀπογνούς
674 719 735 810 τὴν
760 723 797 790 ἐκ
820 726 1002 811 προδοσίας
1026 725 1186 810 τῆςΡΙεεσ

124 826 289 907 βασιλείας
307 816 488 908 ἀνάληψιν,
506 819 647 910 προσῄει
664 838 732 903 τοῖς
756 832 953 911 Τυρσηνοῖς.
990 827 1025 894 οί
1040 823 1186 896 δδικΠιυ

123 918 263 1010 δυνάμει
285 927 406 1013 βαρείᾳ
430 928 575 1010 κατῆγον
605 917 716 992 αὐτόν.
759 920 945 1014 ἀντεξῆγον
969 924 1006 992 δὲ
1030 927 1086 994 καὶ

116 1021 194 1104 τούς
212 1021 394 1111 Ῥωμαίους
418 1028 453 1094 οί
467 1019 598 1094 ὕπατοι.
635 1021 819 1113 ἀρχομένης
844 1025 882 1094 δὲ
904 1030 963 1114 τῆς
980 1023 1086 1115 μάχης

106 1120 242 1214 Ἄρρων
267 1122 285 1193 ό
316 1129 506 1213 Ταρκυνίου
530 1139 608 1205 παῖς
631 1127 688 1194 καὶ
711 1129 856 1213 Βροῦτος
879 1128 896 1196 δ
915 1123 1086 1216 Ῥωμαίων

79 1255 102 1296 ιι
113 1222 244 1306 ὕπατος
262 1222 416 1313 ἀλλήλοις
433 1223 668 1316 περιπεσόντες
683 1224 854 1315 ἐμάχοντο,
872 1227 929 1296 καὶ
946 1223 1086 1316 ἀφειδή-

113 1349 235 1407 σαντες
250 1323 318 1396 ὑπο
305 1326 475 1416 θυμοῶ
458 1332 589 1398 εαυτῶν
606 1331 854 1398 συναπέθανον.
889 1325 1033 1417 μεγάλης
1048 1330 1086 1398 δὲ

112 1432 172 1516 τῆς
190 1425 298 1517 μάχης
315 1429 496 1518 γενομένης
514 1431 571 1498 καί
588 1432 723 1499 πολλῶν
741 1430 953 1520 ἑκατέρωθεν
966 1427 1086 1500 πεσόν-

114 1557 187 1600 των
198 1525 331 1619 άκριτος
343 1558 386 1617 ην
398 1557 419 1618 η
408 1527 522 1618 νίκη
552 1519 673 1612 νυκτός
686 1525 719 1600 δ’
735 1527 942 1618 ἐπελθούσης
955 1532 1085 1620 λέγεται

116 1634 299 1720 σεισθῆναι
312 1659 350 1701 το
338 1627 461 1713 άλσος
475 1627 581 1724 παρ’
570 1657 596 1700 ω
584 1622 941 1756 ίστρατρπεδεύοντο,
951 1634 1006 1702 καί
1017 1661 1086 1722 φω

76 1761 102 1802 ιε
114 1759 182 1820 νην
197 1735 353 1803 ἐκπεσεῖν
365 1735 498 1804 έκείθεν
509 1731 658 1822 μεγάλην
673 1731 867 1824 φράζουσαν
880 1736 932 1804 ἑνὶ
947 1742 1084 1817 πλείους

114 1830 279 1904 τεθνάναι
303 1837 487 1924 Τυρρηνῶν
510 1829 532 1922 ἦ
553 1833 742 1923 Ῥωμαίων.’
768 1831 835 1925 άμα
863 1836 900 1905 δδ
923 1841 963 1926 τῇ
987 1837 1117 1926 φωνῇΒ

110 1933 267 2025 Ῥωμαίου
284 1935 347 2024 μὲν
364 1937 448 2024 μέγα
465 1938 521 2006 καὶ
535 1938 724 2026 θαρσαλέον
736 1933 918 2026 ἠλάλαξαν,
937 1943 1035 2007 πτοία
1050 1933 1082 2004 δ’

118 2039 256 2106 ἐνέπεσε
279 2047 481 2126 Τυρρηνοῖς·
508 2039 564 2107 καί
587 2041 840 2126 θορυβηθέντες
863 2041 924 2106 τοῦ
947 2057 1086 2125 στρατο-

115 2140 224 2208 πέδου
243 2139 415 2220 ἐξέπεσον·
436 2135 526 2209 εἷλον
545 2134 578 2207 δ’
593 2142 628 2207 σί
638 2133 789 2226 Ῥωμαῖοι
800 2142 898 2206 τοῦτο
916 2138 973 2205 καί
992 2142 1087 2225 διηρ-

76 2267 104 2308 ω
115 2237 274 2310 πάκασιν.
309 2237 566 2409 ἀριθμηθέντεςί
576 2239 614 2310 δὲ
631 2243 667 2308 ol
681 2239 794 2328 νεκροί
811 2243 880 2306 τῶν
892 2237 928 2306 έν
945 2241 985 2326 τῇ
998 2234 1086 2326 μάχη

114 2339 298 2410 θανόντων
316 2335 566 2431 εύρέθησανί
531 2369 603 2429 ομ
605 2341 642 2411 δυ
659 2344 727 2410 τῶν
750 2341 935 2432 Τυρρηνῶν
953 2339 1007 2407 ἐπὶ
1024 2367 1085 2428 μυ-

115 2448 204 2532 ρίοις
221 2448 320 2531 χίλιοι
336 2440 575 2532 τριακόσιοι,ο
557 2447 593 2512 οί
608 2436 669 2512 δὲ
664 2452 812 2531 Ρωμαῖοι
835 2466 903 2531 παρ
907 2439 996 2510 ’ἕνα
1012 2461 1085 2512 τοσ-

113 2547 219 2614 οὗτοι
257 2542 483 2664 ἐθριάμβευσε
508 2543 546 2614 δέ
566 2539 748 2631 Οὐαλέριος
766 2537 978 2624 Ποπλικόλας
995 2547 1085 2634 πρῶ-

113 2673 172 2726 τος
188 2639 380 2716 ύπατεόων

76 2774 101 2814 ιε
190 2743 230 2816 ‘0
246 2746 284 2816 δὲ
306 2743 493 2837 Ταρκύνιος
515 2744 596 2835 μετά
612 2773 675 2834 την
698 2743 846 2834 μεγάλην
863 2742 983 2836 μάχην,
1010 2734 1087 2834 ένη

112 2851 171 2918 καὶ
196 2843 257 2917 τόν
281 2845 359 2917 υίόν
381 2846 529 2937 ἀπέβαλε
552 2845 783 2938 μαχεσάμενον
806 2844 959 2938 Βρούτῳ,
985 2873 1086 2914 κατα-

114 2947 240 3038 φυγῶν
265 2953 313 3030 είς
334 2946 371 3019 τό
393 2946 562 3022 Κλούσιον
588 2951 715 3018 ἱκέτευε
735 2945 876 3037 Κλάραυ
897 2951 1085 3035 Πορσίναν,

113 3047 227 3140 ἄνδρα
251 3056 413 3140 μεγίστην
435 3057 552 3140 ἔχοντα
577 3051 723 3140 δύναμιν
745 3052 814 3118 τῶν
836 3043 1003 3118 Ἰταλικῶν
1025 3054 1119 3137 βαι-0

114 3153 256 3222 σιλέων
276 3147 369 3221 καὶ“
349 3181 388 3234 ος
406 3147 496 3246 αύτω
481 3150 699 3241 βοηθησειν
715 3145 887 3239 ὑπέσχετο.
924 3150 980 3219 καί
997 3156 1085 3242 πρῶ

74 3277 175 3323 ωπον
199 3253 263 3342 μὲν
286 3257 434 3343 ἔπεμψεν
460 3259 507 3335 είς
525 3251 651 3342 Ρῶμην
675 3248 823 3374 κελεύων
848 3251 1061 3341 δέχεσθαι
1027 3280 1087 3322 τον

119 3351 368 3443 Ταρκύνιον,’
345 3381 390 3436 ως
408 3351 504 3424 δὲ’
465 3383 526 3445 ουχ
543 3352 753 3478 ὑπηκουσαν,
772 3348 909 3441 ἀφίκετο
927 3353 1019 3444 μετὰ
1027 3361 1086 3440 βα-

114 3463 212 3547 ρείας
237 3453 422 3546 δυνάμεως.
458 3453 678 3537 Ποπλικόλας
696 3456 733 3525 δὲ
753 3451 985 3547 Οὐαλέριοςί
954 3481 1001 3534 ες
1025 3449 1067 3556 ἀρ
1119 3421 1231 3511 »οΒ
1216 3467 1270 3582 '4

1255 3585 1280 3620 d

1016 3767 1017 3770 ,
1053 3658 1102 3792 Βιχω
