2566 3812
438 229 874 284 mmmmm
1076 228 1140 295 m

168 367 406 458 κατασχόντων
418 367 500 458 μετὰ
513 367 692 459 χρημάτων
708 371 744 439 ἐκ
757 370 1020 460 Πελοποννήσου
1034 391 1240 463 προσ-ΡΙ403

168 473 331 558 πλέοντα,
365 471 420 540 καὶ
449 469 490 540 τδι
513 477 619 562 χωρία
652 467 899 561 πορθησάντων
931 472 971 542 τδι
994 470 1139 563 πάραλα,

169 575 225 644 καὶ
242 575 303 642 τοῦ
319 577 517 662 Δημητρίου
536 571 592 642 διδ
616 569 678 662 τὴν
704 574 887 662 ἐμπληξίαν
910 576 1040 663 ἐκείνης
1057 574 1140 664 πρὸς

166 669 348 763 Ῥωμαίους
365 670 607 763 μεθεστηκότος
624 675 680 743 καὶ
698 670 821 756 ἄλλους
840 669 1064 765 αὐτομολῆσαι
1081 701 1138 747 πε-

148 775 338 862 επεικότος,
369 775 540 845 κατέδεισε
569 776 626 846 καί
654 771 815 865 ἀπέσχετο
837 783 895 866 τῆς
922 774 1034 866 ἀρχῆς.
1083 780 1139 848 καὶ

172 876 234 966 τὴν
244 876 307 966 μὲν
324 871 342 945 δ
356 873 547 968 Δημήτριος
561 871 607 956 &a
618 878 665 968 τῷ
679 877 774 957 παιδί
789 875 1038 968 ἐπιτροπεύσων
1052 877 1139 966 είλή-
1206 875 1209 884 ’

168 1006 245 1068 φει,
269 981 304 1048 οί
315 978 357 1047 ’δέ
371 971 525 1068 Ῥωμαῖοι
543 975 598 1047 διὰ
614 979 718 1048 ταῦτα
736 977 825 1066 παρὰ
843 983 1041 1070 Κορινθίων
1058 983 1140 1068 ἐπη-

167 1081 340 1168 νέθησαν,
370 1080 427 1149 καὶ
449 1081 510 1150 τοῦ
529 1073 702 1168 Ἰσθμιιιοό
724 1079 883 1168 μετέσχον
907 1076 1053 1168 ἄφωνος,
1085 1083 1141 1149 καὶ

167 1177 307 1252 στάδιον
325 1183 362 1252 ἐν
379 1175 473 1273 αὐτῷ
487 1175 505 1250 ὁ
519 1184 676 1261 Πλοῦτος
695 1182 837 1268 ἐνίκησε.
868 1183 924 1250 καὶ
943 1179 1025 1271 πρὸς
1039 1177 1142 1270 Ἀθη-

128 1308 153 1348 ιο
167 1288 288 1362 ναίους
312 1283 350 1352 δὲ
378 1289 497 1371 φιλίαν
530 1277 774 1369 ἐπεποιήκεσαν
804 1283 859 1351 καὶ
888 1283 946 1370 της
973 1287 1141 1363 πολιτείας

168 1389 268 1473 σφῶν
284 1389 353 1454 τῶν
370 1411 406 1453 τε
423 1389 617 1475 μυστηρίων
633 1383 800 1472 μετέσχον.

252 1485 296 1554 Τδ
316 1482 347 1554 δ’
366 1480 551 1576 Ἰλλυρικὸν
568 1481 674 1575 ὄνομα
691 1482 794 1573 πάλαι
806 1483 869 1573 μὲν
887 1485 924 1554 έν
938 1477 1050 1565 ἄλλοις
1069 1487 1140 1554 ἐπε·

167 1586 328 1674 κέκλητο,
351 1583 494 1676 ὕστερον
513 1585 550 1656 δέ
569 1588 601 1667 ἐς
623 1582 685 1674 τὴν
708 1585 778 1656 όίνω
796 1587 1024 1675 μεταβέβηκεν
1046 1582 1140 1672 ἤπει-

168 1715 233 1776 ρον
256 1689 313 1758 καὶ
336 1681 423 1776 ὑπὲρ
446 1685 509 1775 τὴν
533 1692 754 1758 Μακεδονίαν
777 1684 839 1776 τήν
863 1715 899 1758 τε
918 1685 1055 1780 Θρηίκην
1077 1683 1174 1774 vij

127 1813 154 1854 ιο
170 1787 263 1870 ἐντδς
280 1791 471 1877 τοδΑίμου
488 1789 545 1858 καί
562 1787 625 1877 τὴν
641 1787 724 1878 πρὸς
741 1791 781 1879 τῇ
795 1783 952 1879 Ῥοδόπη,
977 1791 1033 1860 καλ
1051 1794 1143 1858 ἐστιν

79 1959 85 1965 .
171 1891 209 1960 ἐν
226 1895 274 1982 τῷ
291 1891 382 1982 μέσφ
405 1887 534 1960 τούτων
551 1895 620 1962 τόν
642 1885 732 1980 ὀρῶν
755 1892 812 1960 καὶ
836 1886 1066 1960 τῶνἌλπεων
1082 1891 1142 1960 τοῦ

172 2016 208 2059 τε
225 2001 333 2062 Λίνου
351 1994 502 2080 ποταμοῦ
523 1991 580 2062 καὶ
603 1994 663 2061 τοῦ
676 1987 809 2080 ’Ίστρον
826 1993 922 2112 μέχρι
943 1996 1003 2060 τοῦ
1022 1985 1143 2072 Εὐξεί-

172 2118 235 2162 νου
254 2089 383 2162 πόντον
406 2099 467 2162 καί
476 2117 523 2183 πη
543 2092 599 2161 καὶ
619 2091 772 2160 ἐπέκεινα
785 2093 845 2160 τοῦ
854 2088 985 2178 Ἴστρου
1000 2090 1141 2177 νέμεται.

247 2199 376 2281 Λοχίον
407 2194 448 2263 δέ
480 2219 560 2263 ποτε
590 2209 658 2274 τοῖς
687 2185 856 2280 Ρωμαίοις
893 2186 1050 2270 ἐλθόντος
1085 2191 1142 2258 καὶ

127 2277 155 2358 τό
160 2289 328 2382 Ἕλληνας
345 2296 403 2364 καὶ
419 2291 571 2376 Γαλάτας
588 2290 625 2363 τδ
643 2289 728 2363 ίίστυ
745 2287 1015 2380 καταλήψεσθαι,
1034 2287 1142 2360 Γαλοί-

169 2423 226 2464 ται
244 2391 307 2465 δόο
330 2392 418 2466 καὶ“
412 2397 607 2483 Ελληνες”
587 2422 693 2485 ετεροι
718 2399 755 2464 ἐκ
777 2421 814 2462 τε
837 2398 896 2462 τοῦ
921 2391 1060 2483 ίίρρενος
1086 2392 1142 2461 καὶ

169 2524 232 2566 τον
216 2494 373 2584 θήλεος
389 2499 509 2584 γένους
527 2498 644 2620 ζμντες
659 2498 752 2565 ἐν
713 2522 754 2585 τη
771 2491 877 2587 ἀγορᾷ
890 2489 1142 2584 κατωρόχησαν,

169 2591 220 2666 ἵν’
235 2593 341 2678 ου”τως
356 2596 500 2680 ἐπιτελὲς
513 2625 550 2668 το
539 2595 784 2688 πεπρωμένον
796 2599 956 2684 γενέσθαι
971 2600 1065 2686 δοκῇ,
1086 2599 1145 2664 καί

171 2726 204 2768 τι
223 2699 432 2788 κατέχειν
392 2727 451 2790 της
468 2696 595 2779 πόλεως
620 2699 911 2822 κατορωρυγμένοι
934 2699 1142 2819 νομίζωνται.

128 2819 157 2862 2⁵
251 2798 349 2870 Μετὰ
376 2800 413 2870 δέ
437 2803 534 2872 τοῦτο
553 2788 736 2886 Σαρδόνιοι
762 2801 798 2868 ἐν
823 2801 924 2892 δεινῷ
947 2795 1144 2886 ποιούμενοι

173 2897 225 2970 δτι
239 2901 420 2990 στρατημδς
432 2899 602 2992 Ῥωμαίων
619 2896 671 2970 ἀεὶ
694 2870 908 2990 καθειστήκτί
921 2897 1046 2984 αὐτοῖς,
1066 2900 1143 2966 ἐπα-

172 3003 354 3089 νέστησαν
373 2992 475 3084 αὖθις
493 3002 531 3072 δὲ
549 2998 801 3094 ἐδουλώθησαν.
1150 3050 1194 3118 20

131 3185 137 3196 ¹
248 3097 434 3193 Ἰνσοῦβροι
465 3104 504 3174 δὲ
525 3103 712 3176 Γαλατικὸν
736 3102 852 3191 γένος,
883 3095 1077 3190 σνμμοίχονς
1098 3099 1141 3168 ἐκ

174 3208 244 3274 τοῖν
258 3197 345 3294 ὑπὲρ
358 3203 416 3285 τὰς
425 3201 560 3288 ’Ἄλπεις
574 3201 759 3295 ὁμοφύλων
771 3199 1042 3294 προσειληφότες,
1056 3197 1143 3270 ὅπλα

1155 3165 1176 3217 O

245 3405 285 3454 19.
312 3403 412 3454 Dionis
430 3401 530 3469 fragm.
541 3405 585 3455 4⁷.

177 3539 219 3600 ⁶⁰
236 3467 430 3600 fagg2o.1
392 3469 647 3522 DonsHstonae
661 3469 729 3522 Ro
703 3485 845 3522 manae1
823 3467 889 3520 lbn
905 3467 1024 3533 perdt
1043 3465 1143 3530 fra.gm
