2538 3824
1228 11 1260 150 1

205 148 268 213 416
527 149 598 205 ειν.
611 149 645 203 x,
664 148 742 207 σαν.
753 149 852 201 xxv1.

207 287 313 380 μάχῃ,
340 291 374 357 οί
396 289 433 358 δὲ
458 295 602 378 ἔφυγον,
627 291 683 358 καὶ
707 286 764 372 τάς
787 295 845 377 τής
864 296 994 375 Συρίας
1017 285 1130 370 πόλεις
1153 283 1171 358 ὁ

207 395 379 470 Βεντίδιος
401 385 600 479 ὑπηγάγετο.
645 389 715 462 εἶτα
739 388 822 460 κατά
845 396 907 460 τού
927 387 1095 479 Ἀντιόχου
1111 393 1173 461 τοῦ

207 499 265 581 τής
295 496 497 581 Κομαγηνής
527 489 762 580 βασιλεύοντος
794 493 1063 579 ἐπεστράτευσεν.
1118 495 1175 562 ἐν·

207 598 319 665 ταῦθα
337 595 375 664 δὲ
392 591 463 664 ὄντι
481 591 609 684 ἀθρόον
626 592 644 664 ὁ
664 590 841 676 Ἀντώνιος
861 591 993 676 ίπιστάς
1010 591 1051 664 ού
1068 593 1176 682 μόνον

209 697 262 766 ἐπὶ
280 712 348 777 τοῖς
366 695 623 784 κατορθώμασιν
641 690 702 786 ούχ
714 692 817 786 ήσθη,
835 691 920 766 ἀλλά
932 698 988 766 καλ
1002 694 1201 784 ἐφθόνησεν

209 800 264 888 καί
282 803 340 886 τῆς
357 794 461 888 ἀρχῆς
478 793 581 869 αύτόν
598 804 762 884 ἔπαυσεν,
780 795 880 878 αύτὸς
898 798 936 868 δὲ
952 799 999 891 τῷ
1018 793 1178 890 Ἀντιόχῳ

176 900 397 989 οπροσίβαλε
414 899 471 968 καί
488 899 700 970 κατέκλεισεν
717 895 821 969 αὐτόν
839 905 886 981 είς
905 896 1095 989 Σαμόσατα.
1130 893 1176 980 ώς

210 999 242 1072 δ’
263 999 365 1072 οὐδὲν
381 996 465 1091 ήνυε
482 1003 672 1090 πολιορκῶν
688 996 802 1088 αύτόν,
821 999 996 1089 συνθήκας
1014 1007 1179 1071 σπονδώυ
1258 1027 1259 1030 ’

210 1100 387 1190 ἐποιήσατο
404 1104 459 1172 καί
478 1109 525 1184 είς
542 1100 604 1190 τήν
616 1100 760 1174 Ἰταλίαν
776 1100 988 1192 άφώρμησεν.

283 1200 429 1295 Ὀρώδης
452 1206 566 1294 μέντοι
588 1198 607 1274 ὁ
630 1207 699 1275 τών
717 1203 869 1293 Πάρθων
893 1202 1051 1292 βασιλεύς
1073 1201 1179 1294 ύπίρ·
1194 1236 1217 1276 ω

210 1333 321 1397 γήρως
338 1304 495 1395 γεγονώς,
514 1307 570 1375 καί
587 1307 633 1401 τῷ
651 1309 711 1376 τοῦ
725 1303 884 1396 Πακόρου
896 1309 1016 1376 πένθει
1031 1303 1094 1394 τήν
1112 1311 1179 1394 βα-

210 1413 341 1478 σιλείαν
363 1403 612 1496 ἀπαγορεύσας,
638 1403 776 1498 Φραάτῃ
799 1411 846 1501 τῷ
868 1409 1084 1502 πρεσβυτέρῳ
1108 1412 1182 1478 τῶν

211 1513 338 1582 λοιπών
363 1507 467 1580 αὐτοῦ
489 1515 622 1580 παίδων
643 1509 706 1598 τήν
729 1506 837 1599 ἀρχήν
855 1511 1064 1600 ἐνεχείρισεν.
1100 1507 1181 1580 ὁδε

210 1607 431 1691 ἀνοσιώτατος
459 1607 606 1698 γεγονώς
628 1608 707 1696 τούς
730 1603 898 1699 ἀδελφούς
928 1607 1030 1683 αύτοῦ
1062 1614 1182 1683 ἐδολο-

211 1710 357 1801 φόνησε,
382 1715 439 1782 καί
456 1709 636 1784 αὐτόνῡιόν
652 1715 779 1803 πατέρα
797 1717 1108 1803 δυσανασχετοῦντα
1129 1711 1179 1784 δι’
1194 1746 1218 1786 ιε

213 1819 363 1895 ἐκείνους
393 1809 581 1903 ἀπέκτεινε,
612 1816 669 1884 καί
694 1817 763 1885 τών
785 1810 897 1884 ἀλλων
920 1814 997 1896 τούς
1019 1810 1181 1906 ἀρίστους
1258 1825 1260 1832 ’

214 1917 416 2004 διέφθειρεν.

286 2013 461 2102 Ἀντώνιος
485 2018 521 2087 δὲ
544 2019 701 2106 πρέσβεις
724 2019 785 2107 μὲν
809 2015 891 2107 πρός
914 2015 991 2100 τούς
1014 2015 1181 2108 Πάρθους

213 2121 291 2211 περὶ
315 2117 449 2210 είρήνης
473 2121 682 2209 ἐκπίπομφε,
709 2117 791 2206 πρὸς
817 2119 855 2192 δὲ·
878 2117 1024 2208 πόλεμον
1041 2113 1179 2208 ἡτοιμά-

213 2230 297 2310 ζετο,
315 2227 373 2292 ἵνα
389 2218 634 2312 ἀπαρασκεύοις
652 2219 765 2304 αὐτοῖς
779 2218 899 2312 ἐντύχῃ
915 2220 970 2291 διά
982 2221 1045 2310 τήν
1059 2223 1177 2290 ἐλπίδα
1191 2251 1219 2292 20

179 2327 272 2411 Βτής
291 2319 499 2410 συμβάσεως.
536 2325 590 2392 καὶ
615 2321 737 2411 μαθών
758 2322 816 2393 τὸν
833 2325 958 2411 Μήδου
976 2323 1030 2392 ἐπὶ
1048 2341 1179 2412 συμμα-
1253 2379 1257 2394 ,

214 2422 292 2513 χ’ίαν
308 2430 369 2494 τοῦ
386 2421 532 2513 Πάρθου
549 2421 758 2514 χωρήσαντα,
776 2423 817 2494 τά
833 2425 896 2514 μὲν
913 2422 1104 2514 σκευοφόρα
1122 2427 1181 2495 καὶ

215 2524 301 2594 πολύ
331 2527 389 2613 τῆς
418 2530 574 2614 στρατιᾶς
603 2525 782 2598 ὑπελίπετο
806 2525 886 2615 μετά
906 2530 966 2598 τοῦ
986 2532 1181 2598 Στατιανοῦ
1256 2563 1257 2568 ¹

214 2622 261 2696 ἵν’
282 2629 434 2715 ἕποιντο,
461 2623 560 2710 αὐτὸς
584 2629 621 2698 δὲ
639 2625 704 2698 σύν
721 2643 790 2710 τοϊς
808 2630 945 2699 ἱππεῦσι
962 2630 1018 2698 καὶ
1035 2632 1105 2699 τών
1122 2655 1181 2702 πε·
1254 2625 1256 2704 λ

215 2731 280 2812 ζών
297 2741 365 2810 τολς
384 2724 538 2814 εὐζώνοις
556 2727 729 2819 ήπείχετο,
759 2727 803 2812 ώς
821 2725 942 2800 αύτίκα
958 2729 999 2799 τά
1016 2734 1084 2800 τῶν
1103 2728 1181 2819 Μή·
1195 2761 1219 2800 τε
1255 2757 1256 2760 ’

217 2836 287 2902 δων
304 2829 622 2922 καταστρεψόμενος.
658 2830 676 2901 ὁ
699 2833 812 2922 μέντοι
830 2829 970 2921 Πάρθος
993 2833 1049 2901 καί
1067 2831 1084 2902 ὁ
1103 2835 1182 2920 Μή·
1254 2911 1255 2914 ¹

217 2939 274 3014 δος
291 2936 338 3027 τῷ
357 2939 533 3026 Στατιανῷ
557 2931 816 3023 ἀπροσδοκήτως
835 2931 1047 3016 ἐπιπεσόντες
1065 2936 1121 3004 καὶ
1140 2940 1183 3025 τῇ
1252 2993 1255 3028 ,

215 3031 287 3122 μετ’
309 3031 416 3106 αὐτοῦ
434 3037 587 3128 στρατιᾷ,
607 3033 733 3118 πάντας
752 3031 957 3124 ἐφόνευσαν,
975 3037 1035 3106 τού
1056 3033 1182 3108 Ἀντω-
1252 3049 1254 3084 2

216 3143 293 3204 υίου
308 3134 515 3217 σπεύσαντος
531 3136 594 3225 μὲν
611 3142 779 3226 βοηθῆσαι
796 3135 922 3226 αὐτοῖς,
939 3137 1029 3228 πλήν
1045 3135 1183 3228 ὑστερί-

218 3255 338 3315 σαντος
361 3241 417 3306 καί
440 3235 566 3326 μόνους
590 3237 667 3319 τούς
692 3238 832 3326 νεκρούς
856 3234 1043 3328 εύρηκότος.
1079 3235 1116 3320 ὃς
1140 3235 1236 3309 οὖνο-

218 3339 329 3426 πολλῷ
352 3334 493 3425 ὕστερον
519 3337 703 3426 συμβαλών
724 3356 794 3422 τοῖς
817 3339 997 3432 βαρβάροις
1022 3344 1180 3429 ἐτρέψατο

218 3432 281 3518 μὲν
304 3432 442 3525 αὐτούς,
469 3433 510 3507 ού
534 3440 646 3527 μέντοι
670 3443 753 3530 μέγα
770 3471 802 3514 τι
820 3449 954 3531 ἔβλαψε.
990 3444 1180 3533 πολιορκών
1228 3488 1232 3499 -
