2538 3824
388 181 459 234 Lm.
474 183 506 234 x.
527 181 605 234 υιΡ.
619 183 743 238 xxxv1.
988 183 1053 247 449

38 366 42 372 ·
85 317 246 392 κίνδυνόν
263 349 339 392 τινα
356 325 506 412 προορᾶν
531 324 758 412 ἐπηρτημένον
776 320 865 392 αῦτιι
883 321 1087 413 φήσαντοςΒ

86 419 281 513 ἐθαάμασεν
297 421 315 492 δ
333 425 496 512 Τιβέριος,
515 426 570 494 καὶ
588 421 736 513 φυλάξαι
752 421 856 495 αῦτδν
871 426 978 520 ἑαυτῷ
997 425 1054 496 διδ

83 522 142 607 τάς
161 527 298 606 ἐλπίδας
314 523 492 614 ήθέλησεν.

154 623 255 698 Ἀλλά
271 633 376 697 ταῦτα
393 628 456 716 μὲν
472 622 576 697 οῦτοι·
610 621 628 696 δ
654 627 693 700 δέ
711 623 906 716 Αὔγουστος
930 626 1054 699 δεσπό-

10 755 11 758 ’
58 753 140 817 ετης
169 725 237 798 ῦπδ
268 731 330 798 τοῦ
354 727 464 818 δήμου
488 723 709 818 ὀνομασθείς,
745 730 803 800 καλ
827 727 1053 818 ἀπειπάμενος

81 829 212 920 μηδένα
230 826 312 919 πρὸς
331 825 435 900 αῦτδν
453 832 638 920 κεχρῆσθαι
655 828 763 925 τούτῳ
783 828 825 918 δή
843 837 889 924 τῷ
903 829 1054 921 προσρή-

9 935 10 944 ’
80 959 180 1022 ματι,
203 936 311 1020 χιλίας
338 959 374 1002 τε
397 932 453 1002 καί
472 937 692 1013 πεντακοσίας
710 929 875 1022 μυριάδας
894 935 1053 1022 δραχμῶν

80 1030 223 1114 ἀτόκους
241 1049 310 1116 τοῖς
329 1033 498 1124 δεομένοις
516 1038 673 1114 δανείσας
693 1029 747 1103 ἐπ’
772 1041 828 1122 ἔτη
852 1039 945 1125 τρία,
971 1037 1054 1126 ἐπη-

80 1149 173 1206 νεϊτο
197 1131 288 1223 παρά
311 1132 449 1206 πάντων
477 1135 533 1205 καὶ
557 1133 765 1225 ἐσεμνύνετο.
821 1132 986 1206 δυ’νανται
1013 1138 1056 1225 δὲ,

48 1261 69 1302 ιο
80 1234 174 1328 παρὰ
187 1233 358 1326 Ῥωμαίοις
376 1241 415 1306 αλ
429 1247 534 1308 είκοσι
550 1238 608 1306 καὶ
624 1238 724 1306 πέντε
742 1238 887 1327 δραχμαὶ
904 1243 1066 1328 χρυσοῦν

80 1337 228 1430 νόμισμα
245 1341 301 1427 ἕν,
329 1334 420 1429 παρά
446 1338 483 1408 δέ
505 1353 575 1420 τοῖς
589 1335 749 1427 Ἕλλησιν
772 1347 876 1408 εἰκοσι
894 1343 1053 1428 δραχμῶν

81 1438 97 1511 δ
116 1446 219 1512 Δίαν
234 1441 319 1530 φησὶ
336 1439 373 1510 τδ
391 1443 541 1531 χρυσοῦν
559 1435 787 1511 ἀλλάσσεσθαι
804 1436 959 1529 νόμισμα.
1064 1455 1086 1507 c

161 1538 259 1614 Μετὰ
284 1541 451 1614 δὲταῦτα
468 1545 633 1614 Κελτικοῦ
655 1544 802 1632 πολέμου
819 1545 1051 1630 κεκινημένον,

82 1639 184 1724 αῦτδς
207 1639 275 1713 ῦπό
299 1669 336 1712 τε
359 1643 484 1734 γήραος
507 1645 564 1713 καὶ
587 1641 692 1715 νόσον
716 1642 879 1734 κεκμηκὸς
904 1650 990 1733 ἔχειν
1015 1642 1052 1714 τὸ

48 1767 69 1808 1⁵
81 1745 245 1834 σῶμακαὶ
255 1746 493 1836 ἐκστρατεῦσαι
505 1743 550 1834 μή
564 1740 633 1827 οἶός
646 1774 682 1816 τε
695 1743 756 1836 άν,
770 1742 829 1818 τδν
843 1747 997 1836 Τιβέριον
1006 1748 1054 1835 πή

9 1883 24 1936 j
81 1848 147 1937 μὲν
162 1839 230 1916 ῦπδ
244 1848 312 1916 τῶν
326 1844 531 1937 πραγμάτων
545 1843 785 1936 ἀναγκασθείς,
799 1849 847 1937 πή
864 1846 893 1916 δ’
913 1845 980 1918 ῦπδ
993 1854 1052 1936 τῆς

8 1963 10 2010 λ
79 1945 221 2028 Ἰουλίας
238 1944 469 2034 άναπεισθείς,
487 1944 553 2037 ήδη
570 1945 635 2039 γάρ
653 1948 708 2018 καλ
727 1944 812 2036 αῦτη
826 1953 863 2018 ἐκ
875 1951 934 2040 τῆς
947 1943 1053 2036 ῦπερ-

83 2057 179 2142 ορίας
197 2047 361 2140 κατήχθη,
378 2046 620 2138 υλοθετήσατο,
643 2051 700 2118 καί
717 2047 780 2137 τὴν
799 2050 853 2119 ἐπὶ
870 2047 947 2130 τοὺς
965 2057 1054 2120 Κελ-

81 2149 162 2233 τοῦς
188 2153 403 2242 ἐκστρατείαν
428 2151 616 2240 ἐπέτρεψεν.
652 2144 864 2230 ὑποπτεύσας
890 2149 928 2218 δὲ
953 2147 999 2238 μή
1021 2177 1053 2218 τι

47 2274 70 2315 ²⁰
83 2249 259 2345 νεοχμάση
278 2250 297 2323 ὁ
322 2255 473 2343 Τιβίριος
490 2247 750 2343 ὑπερφρονήσας
756 2303 767 2339 ,
793 2252 850 2320 καὶ
867 2247 926 2321 τδν
942 2258 1154 2340 Γερ-ΨΠιοε

82 2353 228 2446 μανεκδν
249 2351 310 2425 τδν
333 2349 493 2446 Δροῦσον
523 2359 629 2426 παῖδα
660 2349 898 2441 εἰσεποιήσατο.
947 2349 1052 2443 πράσ·

83 2480 180 2530 σοντι
205 2455 244 2526 δέ
266 2459 371 2527 ταῦτα
393 2452 488 2527 ἄλλοι
510 2481 547 2526 τε
569 2458 626 2527 καὶ
643 2463 766 2538 Γναῖος
785 2450 971 2546 Κορνήλιος
994 2461 1054 2526 τοῦ

8 2565 9 2570 ’
82 2556 234 2650 μεγάλου
247 2564 427 2649 Πομπηίον
439 2559 669 2648 θυγατριδοῦς
684 2553 941 2646 ἐπεβούλευσαν.
970 2554 1086 2647 μήτἸ)
1200 2603 1202 2608 ,

9 2703 10 2708 κ
83 2653 147 2734 οῦν
178 2658 373 2732 ἀποκτεῖναι
403 2663 503 2750 σφᾶς·
522 2660 668 2748 ἐθέλων,
698 2657 803 2732 οῦδὲν
832 2656 896 2750 γάρ
924 2662 961 2730 ἐκ
986 2663 1055 2730 ταῖν

45 2791 72 2833 τε
84 2759 328 2853 ἀπολλυμένων
347 2757 434 2852 ἕάρα
452 2759 534 2852 πρὸς
551 2759 738 2852 ἀσφάλειαν
755 2759 845 2855 αὐτῷ
868 2759 1054 2850 κατορθοῦ-

83 2891 201 2956 μενον,
218 2861 293 2954 μήτ’
314 2859 481 2935 άπολῦσαι
497 2866 650 2955 θαρροῦν,
668 2860 786 2951 ἵναμή
804 2863 860 2932 καὶ
878 2857 1001 2942 ἄλλους
1016 2865 1053 2930 ἐκ

83 2965 205 3039 τοῦτον
224 2961 281 3055 ἐφ’
302 2963 668 3053 ἑαντδνέπισπάσηται,
688 2959 767 3033 οὔθ’
789 2961 913 3052 ἡμέρας
926 2957 1053 3051 άφρον·

84 3083 212 3140 τιστελν
225 3063 304 3138 οῦτε
316 3066 438 3150 νυκτὸς
450 3064 599 3156 ήδῦνατο
611 3060 759 3156 ήρεμείν.
794 3059 894 3134 ταῦθ’
915 3059 937 3152 ή
951 3066 1054 3151 Λιβία

157 3371 189 3420 12
208 3365 300 3434 Δίων]
320 3368 407 3420 verba
425 3359 506 3431 παρά
524 3359 558 3418 δὲ
576 3357 788 3434 τοῖςἝλλησιν
805 3391 838 3401 -
856 3357 981 3430 νόμισμα
999 3378 1054 3415 non

8 3479 9 3486 ,
85 3437 219 3502 leguntur
230 3435 304 3504 apud
314 3435 442 3488 Dionem.
478 3437 510 3486 13
527 3426 613 3487 Μετὰ
631 3428 664 3488 δὲ
681 3461 715 3472 -
733 3435 765 3485 19
778 3423 936 3497 ἐπέτρεψεν
952 3431 1054 3498 partim

8 3511 9 3542 ι
87 3503 282 3556 desiderantur
300 3503 374 3570 apud
390 3504 517 3554 Dionem.

141 3600 265 3640 τουιεεε
283 3603 317 3642 11.
859 3579 902 3646 29
