2586 3800
425 170 496 221 LIB.
509 170 556 224 XI.
577 170 656 225 OAP.
669 171 744 225 VIII.
757 172 807 222 IX.
1061 171 1102 236 27

132 337 188 392 τος
206 303 298 401 αύτῷ
315 303 471 406 νίέος,’ῦς
488 306 562 378 τότε
578 309 640 400 μὲν
659 307 830 390 Κλαύδιος
853 314 1003 401 Τιβέριος
1021 322 1103 402 Γερ-

132 407 288 501 μανικός,
313 410 457 500 ὕστερον
483 411 521 482 δὲ
544 414 599 482 καὶ
622 409 840 502 Βρεττανικὸς
865 411 1101 503 ἐπωνομάσθη,

132 511 216 582 ἄλλο
234 539 266 581 τι
285 512 443 602 ἐπιφανὲς
461 514 622 601 ἔπραξεν,
650 507 723 583 οὔτ’
743 509 943 602 Αῦγουστον
960 510 1063 585 αῦτδν
1081 512 1102 604 ἢ

132 613 196 702 τὴν
213 620 436 684 Μεσσαλῖναν
454 609 654 702 Αῦγοῦσταν
672 618 895 704 ἐπικληθῆναι
914 617 1026 704 ε’φῆιιε.

105 747 119 788 ε
210 717 370 804 Σννεχιῦς
401 715 438 785 δέ
463 721 665 804 μονομαχίας
694 713 827 803 ἀνῦνας
857 719 978 805 ἐτίθει,
1011 713 1134 791 πύνυ9

134 820 262 906 χαίρων
274 813 406 903 αὐτοῖς,
426 811 615 886 κάντεῦθεν
628 819 745 886 πολλοὶ
757 813 955 888 ἀπώλλυντο
967 814 1102 908 ῦνθρω·
1193 857 1195 862 ·

1 925 3 931 “
92 960 95 968 ,
133 940 203 1005 ποι,
222 911 273 986 ἐπ’
294 922 415 998 αἰτίαις
433 918 499 986 τισί
517 919 837 1007 καταψηφισθέντες.
874 919 1025 999 ἐθισθεὶς
1038 911 1102 988 οὖν

133 1016 240 1098 οῦτιος
258 1022 394 1106 αἵματος
412 1020 468 1088 καὶ
486 1015 603 1104 φόνων
619 1013 916 1108 ἀναπίμπλασθαι,
943 1022 1101 1107 προπετέ-

134 1141 253 1209 στερον
270 1121 326 1190 καὶ
343 1135 417 1200 ταῖς
434 1116 550 1200 ἄλλοις
568 1135 714 1208 σφαγαῖς
733 1118 901 1208 ἐχρήσατο.
946 1131 1044 1191 αίτιοι
1063 1121 1108 1190 δὲ·

93 1251 119 1291 ιι
133 1218 255 1290 τοῦτον
267 1225 313 1290 ὀἵ
334 1248 369 1290 τε
387 1217 583 1309 Καισάρειοι
605 1221 662 1289 καὶ
679 1217 700 1310 ἡ
718 1230 919 1292 Μεσσαλῖνα
938 1224 1097 1310 ἐγίνοντο.

134 1328 166 1392 εί
182 1320 245 1411 γὰρ
262 1316 460 1391 ῦποκτεϊναί
469 1350 544 1392 τινα
558 1319 769 1412 ἐθελήσειαν,
789 1319 971 1412 ἐξεφύβουν
983 1317 1098 1410 αὐτόν,
1112 1343 1136 1391 Β

133 1418 321 1492 καὶπάνθ’
347 1420 409 1492 ὅσα
434 1421 613 1510 ἐβούλοντο
637 1437 747 1493 ποιεῖν
772 1425 1000 1512 ἐπετρέποντο.
1043 1425 1100 1493 καλ

133 1521 293 1604 πολλάκις
312 1525 508 1606 ἐξαπιναίως
526 1527 701 1612 ἐκπλαγεὶς
719 1525 774 1594 καὶ
792 1522 951 1605 κελεύσας
969 1519 1045 1594 τινίι
1064 1528 1101 1594 ἐκ

49 1635 53 1638 ’
133 1629 193 1694 τοῦ
210 1627 409 1714 παραχρῆμα
427 1629 601 1714 περιδεοῦς
619 1622 817 1714 ἀπολέσθαι,
835 1631 946 1696 ἔπειτα
963 1621 1101 1713 ἀνενεγ-

94 1753 121 1795 ιι
134 1728 204 1796 κδν
226 1727 282 1795 καὶ
306 1721 561 1815 ῦναιρρονήσας,
585 1725 707 1816 μαθῦν
729 1724 766 1797 τὸ
790 1725 928 1816 γεγονὸς
947 1729 1101 1798 ἐλυπεῖτο

134 1829 190 1897 καί
207 1834 438 1915 μετεμίνοισιιε,

217 1931 359 2014 Τοιαῦτα
383 1930 421 1997 δέ
438 1931 612 2008 ποιοῦντος
630 1923 734 1997 αῦτοῦ
752 1925 864 1998 οῦκέτι
881 1925 1030 2016 χρηστὴν
1046 1931 1102 1998 ἐλ-

134 2033 219 2097 πίδα
248 2031 302 2100 ἐπὶ
325 2034 487 2122 Κλαυδίῳ
516 2031 551 2098 οί
574 2023 726 2116 Ῥωμαῖοι
750 2026 916 2116 ἐσχήκασι.
968 2027 1020 2097 διὸ
1045 2030 1101 2100 καὶ

135 2128 366 2219 ἐπεβουλεύθη
383 2124 446 2220 ὑφ’
467 2132 589 2220 ἑτέριον
606 2156 643 2198 τε
660 2130 717 2198 καὶ
728 2123 787 2198 ὑπ’
803 2126 939 2198 Ἀννίου
951 2137 1102 2198 Βινικια-

95 2234 214 2319 ιονοῦ,
239 2227 274 2311 ὃς
299 2229 382 2321 πρὸς
407 2226 554 2320 Φούριον
571 2227 744 2319 Κάμιλλον
760 2221 1018 2317 Σκριβωνιανὸν
1042 2233 1101 2315 τῆς

134 2339 327 2422 Δαλματίας
362 2329 506 2423 ἄρχοντα
541 2337 668 2420 ἔπεμψε
702 2332 758 2401 καὶ
788 2325 965 2402 ἀνέπεισεν
996 2323 1102 2398 αύτὸν

135 2436 370 2522 ἐπαναστῆναι.
423 2437 493 2502 νῦν
517 2433 554 2502 δέ
577 2435 787 2521 στρατιωτῶν
815 2428 859 2522 μὴ
890 2431 1102 2502 πεισθέντων

135 2531 242 2626 αὐτῷ,
270 2531 373 2614 αῦτδς
396 2533 459 2622 μὲν
483 2528 679 2604 ἀπέκτεινεν
703 2531 840 2622 ἑαυτόν,
868 2530 1039 2618 Κλαύδιος
1064 2532 1102 2602 δέ

134 2642 241 2705 καίτοι
265 2633 356 2714 πάνυ
380 2639 578 2715 καταδείσας
602 2629 646 2716 οῦς
672 2635 810 2724 ἑτοίμοις
832 2642 920 2723 ἐχειν
946 2637 1102 2722 ἐκστῆναι

95 2761 122 2804 ει
135 2733 227 2830 αὐτῷ
244 2739 307 2805 τοῦ
323 2733 464 2824 κρύτους
483 2733 672 2825 ἐθελοντής,
690 2732 779 2826 ὅμως
796 2733 854 2806 τὸν
871 2733 1022 2805 θάνατον
1041 2731 1134 2804 ποῦ-ο

43 2879 46 2883 .
134 2843 194 2908 τοῦ
216 2835 338 2925 μαθὼν
362 2832 593 2927 ἀνεθάρσησε,
625 2839 681 2906 καὶ
711 2833 789 2917 τοῦς
813 2836 875 2924 μὲν
899 2831 1102 2924 στρατιώτας

135 2935 248 3018 ἄλλοις
270 2939 309 3007 τί
331 2961 396 3009 τισι
418 2940 475 3007 καὶ
499 2936 665 3027 χρήμασιν
686 2934 928 3025 ἆντημείψατο,
958 2931 1039 3014 τοῦς
1064 2933 1103 3002 δὲ

134 3037 506 3126 συνεπιβουλεῦσαντας
536 3035 716 3126 ἄνεζήτησε
746 3038 804 3106 καὶ
827 3041 1006 3116 πλείστους
1031 3030 1102 3102 ἐκό-

135 3148 226 3210 λασε.
272 3143 391 3230 συχνοὶ
409 3140 446 3210 δὲ
464 3137 557 3211 ἄλλοι
575 3141 685 3209 τεκαὶ
703 3135 721 3207 ὁ
740 3134 931 3217 Βινικιανδς
949 3139 1103 3224 διεχειρί·

135 3307 339 3318 —--——--

205 3405 274 3470 Cap.
293 3408 318 3460 9.
341 3405 440 3456 Dionis
458 3403 602 3454 Historiae
618 3403 759 3453 Romanae
778 3402 796 3453 l.
814 3404 857 3467 60,
876 3417 899 3456 ο.
922 3402 1032 3466 13-29,
1054 3399 1104 3452 sed

134 3474 297 3539 iutegrioris
316 3487 399 3538 quam
418 3471 491 3536 apud
508 3470 689 3536 Xiphilinum.
