2586 3800
181 125 224 190 30
493 125 564 175 τιτι.
577 125 624 175 xl.
644 123 782 175 OAP.1x.
796 126 829 180 x,

180 264 304 356 ὁμοίως
328 270 383 334 δελ
404 260 537 348 ψύλλαν
554 264 610 332 καλ
627 269 751 352 θηρίον
768 257 987 352 άμύνεσθαι.”
1022 261 1146 348 άλλους

183 368 219 438 δὲ
243 363 385 447 πολλούς
408 363 652 454 διαβληθέντας
674 361 742 434 ὑπὸ
766 368 825 452 τῆς
850 373 1067 456 Μεσσαλίνης
1090 371 1148 438 ιιαλ

181 468 240 539 τὸν
260 465 445 543 Ἀσιατιιιδν
470 467 526 536 καλ
556 463 615 536 τόν
640 465 792 556 γαμβρὸν
815 463 873 536 τὸν
896 463 1041 555 Μάγνον
1063 465 1147 540 άτιὲ-

181 589 305 640 ατεινε·
345 566 404 638 τόν
426 567 489 658 μὲν
508 565 695 638 Ἀσιατικὸν
718 565 774 637 διά
791 563 853 655 τὴν
870 562 1008 658 ούσίαν,
1032 567 1091 640 τὸν
1108 571 1148 641 δὲ

183 668 329 760 Μάγνον
347 669 403 740 διδ
419 666 456 740 τύ
474 671 571 758 γένος
588 671 644 738 καὶ
661 667 698 738 τὸ
716 673 826 758 κῆδος.
864 665 1017 742 ἑάλωσαν
1033 672 1173 760 μέντοιό

183 767 228 853 ὦς
251 769 301 842 ἐπ’
332 768 444 853 ἄλλοις
466 780 563 842 τισίν.
602 771 674 840 ἐπεὶ
699 771 735 840 δὲ
758 767 902 852 πολλούς
926 769 1069 856 δούλους
1091 794 1152 844 νο·’

182 875 325 954 σούυτας
361 871 520 961 οὐδεμιᾶς
550 877 735 960 θεραπείας
765 875 801 940 οί
829 871 987 944 δεσπόται
1017 868 1147 962 ἠξίουν,

182 971 266 1052 άλλά
283 977 340 1048 καὶ
356 977 425 1044 των
442 980 559 1044 οίιιιῶν
577 972 746 1060 ἐξάθουν,
773 975 995 1062 ἐνομοθέτησε
1020 973 1147 1058 πάντας

181 1076 261 1158 τούς
280 1079 315 1146 ἐιι
331 1079 392 1147 τού
408 1073 560 1146 τοιούτου
578 1077 857 1163 περιγενομένους
885 1077 1082 1166 ἐλευθέρους
1100 1077 1147 1147 εί-

182 1207 246 1246 ναι.
299 1179 521 1266 γεννηθέντος
544 1177 584 1246 δέ
604 1181 640 1246 οί
661 1176 800 1265 ἐγνόνου
824 1179 861 1246 ἐκ
886 1182 944 1265 τῆς
970 1173 1148 1261 Ἀντωνίας
1163 1200 1189 1240 10

80 1285 241 1368 ΡΙεεετῆς
257 1276 439 1369 θυγατρός,
457 1275 500 1366 ἣν
517 1285 696 1372 Κορνηλίῳ
715 1276 860 1371 Φαύστῳ
878 1276 995 1371 Σύλλᾳ
1012 1276 1149 1374 άδελφῷ

181 1385 240 1469 τῆς
253 1387 471 1467 Μεσσαλίνης
487 1375 561 1449 ὄντι
577 1376 661 1467 μετά
677 1376 736 1448 τὸν
748 1381 809 1450 τού
821 1376 967 1467 Μάγνου
980 1379 1149 1473 συνῴκισε

182 1479 350 1570 θάνατον,
374 1477 477 1550 οὐδὲν
499 1477 608 1569 άφῆιιε
626 1483 858 1569 ψηφισθῆναι,
886 1486 1147 1572 μετριοφρονῶν.

182 1581 203 1670 ἡ
223 1584 260 1652 δὲ
274 1591 475 1654 Μεσσαλῖνα
488 1583 545 1651 καλ
558 1586 593 1652 οί
605 1579 814 1672 ἐξελεύθεροι
828 1580 931 1652 αὐτοῦ
946 1580 1147 1670 ἐξάμαωντο.

182 1673 269 1772 ἦσαν
293 1684 331 1752 δέ
353 1699 442 1770 τρεῖς
467 1687 501 1753 οί
521 1681 663 1773 μάλιστα
680 1681 718 1754 τὸ
735 1681 854 1776 κράτος
874 1681 1095 1776 διειληφότες·
1129 1683 1187 1756 51⁵

182 1811 217 1853 τε
231 1781 428 1871 Κάλλιστος,
445 1779 483 1864 δς
497 1785 552 1856 ἐπὶ
568 1799 641 1866 ταῖς
658 1792 788 1873 βίβλοις
806 1787 874 1855 των
891 1782 1061 1868 άξιύσεων
1081 1789 1148 1856 ἐτί·

182 1904 295 1956 τακτο·
325 1886 380 1956 καὶ
396 1880 415 1956 ὁ
433 1882 644 1977 Νάρκισσος,
670 1881 706 1967 δς
723 1915 791 1958 των
810 1889 992 1959 ἐπιστολῶν
1010 1887 1147 1958 ἐπεστά-

139 2059 142 2064 ,
181 2014 241 2073 τει,
261 1985 313 2056 διδ
330 1988 387 2058 ιιαλ
407 1990 515 2109 ἐγηειρ
518 1994 606 2058 ίδιον
619 1985 868 2078 παρεζάννυτο·
896 1985 980 2058 ual‘
965 2017 984 2058 ο
997 1986 1145 2077 Πάλλας,

182 2079 208 2182 ᾦ
225 2117 246 2176 η
265 2094 333 2158 τῶν
351 2086 528 2180 χρημάτων
546 2095 709 2176 διοίκησις
727 2092 974 2178 ἐμπεπίστευτο

130 2198 171 2262 10
254 2184 295 2261 H
318 2189 356 2260 δὲ
373 2199 574 2262 Μεσσαλῑνα
596 2220 642 2280 μη
665 2185 855 2280 άρκουμένη
878 2189 929 2261 δτι
948 2187 1142 2280 ἐμοιχεύετο,
1155 2211 1183 2254 ²0
1291 2229 1292 2234 κ

147 2288 376 2379 Βέπεθύμησε
392 2293 448 2360 καὶ
466 2289 593 2380 άνδρας
611 2288 755 2374 πολλούς
772 2300 876 2382 ἐχειν·
915 2294 972 2362 καὶ
995 2287 1145 2384 συνῴκη-

183 2413 242 2463 σεν
264 2386 308 2462 ἂν
331 2394 412 2462 πάσι
428 2407 497 2471 τοῖς
515 2387 599 2481 αύτη
588 2395 799 2484 χρωμένοις
814 2391 899 2482 μετά
918 2400 1145 2483 συμβολαίων,

183 2489 281 2580 είμη
306 2495 343 2562 ἐν
365 2493 413 2584 τῷ
435 2488 555 2586 πράτφ
579 2505 779 2584 φωραθεῖσα
803 2490 962 2567 άπωλετο.
999 2497 1062 2574 ἕως
1084 2523 1146 2584 μεν

168 2591 245 2682 Ιγάρ
263 2597 296 2662 ολ
312 2589 508 2684 Καισάρειοι
526 2592 647 2676 πάντες
666 2589 841 2685 ωμονύονν
858 2593 963 2686 αύτη,
982 2585 1123 2666 οὐδὲν
1103 2623 1146 2684 ην

182 2688 201 2764 ὸ
218 2691 281 2764 ούιι
298 2691 363 2766 άτιδ
381 2698 495 2786 κοινῆς
512 2694 646 2786 γνάμης
665 2699 816 2769 ἐποίουν
858 2699 929 2768 ἐπεὶ
947 2696 1035 2766 δὲ
1002 2725 1061 2766 του
1078 2708 1145 2768 110-
1159 2717 1184 2759 τε

182 2792 317 2886 λύβιον,
347 2805 454 2870 καίτοι
479 2793 625 2892 κάκείνφ
649 2795 893 2888 πλησιάζουσα,
927 2799 1060 2886 διέβαλε
1088 2799 1147 2868 καὶ

251 3099 264 3145 1
279 3085 383 3156 ἄλλους
392 3125 426 3136 -
438 3097 454 3146 6
464 3087 563 3158 ἄλλοις
576 3095 652 3149 τισίν
665 3098 766 3163 partim
779 3097 1017 3148 omittuntDionis
1027 3095 1146 3148 codices.

182 3165 215 3213 10
227 3160 470 3241 ηεννηθέντος-
436 3167 520 3216 -19
536 3156 743 3244 έμπεπίστευτο
761 3165 891 3216 omittunt
908 3165 1006 3216 Dionis
1026 3163 1146 3219 codices.

182 3230 213 3276 21
227 3228 277 3280 ιιαλ
290 3223 498 3299 συνῴκησεν-
513 3247 540 3296 p.
552 3235 599 3296 31,
612 3235 628 3283 2
641 3223 759 3298 ἐφθάρη
772 3233 903 3284 omittunt
915 3232 1014 3282 Dionis
1026 3225 1144 3295 οοδίοειι,

182 3293 286 3346 habent
302 3287 371 3350 Ex'e.
389 3299 512 3349 Peirese

250 3361 319 3428 Gap.
344 3368 384 3418 10.
422 3363 522 3416 Dionis
544 3365 689 3418 Historiae
711 3367 891 3420 Romanael.
914 3367 961 3429 60,
986 3381 1010 3416 ο.
1033 3367 1144 3418 31-33

182 3427 271 3478 Multa
290 3431 412 3486 Zonaras
430 3431 515 3482 habet
533 3447 604 3496 quae
624 3435 697 3500 apud
714 3433 885 3501 xiphilinum
904 3433 1102 3486 desiderantur.
