2566 3812
217 150 282 216 234
541 152 612 204 Lm.
625 151 701 204 vm.
720 150 800 205 cAP.
814 151 888 205 xm,

217 319 345 380 κειντο,
364 287 513 362 κάκεῖνοι
530 292 587 361 καὶ
605 294 728 380 ἐτίμων
745 288 869 372 αὐτοῦς
885 292 942 361 καί
959 295 998 362 ἐν
1013 305 1086 374 ταας
1104 291 1184 384 πρὸς

217 393 298 474 τοῦς
326 399 575 484 Καρχηδονίους
597 390 786 480 συνθήκαις
819 393 1005 484 ἐξαιρέτους
1030 393 1184 483 ἐπεποιή-

218 517 330 570 κεσαν.
362 494 417 564 δεδι
433 489 530 564 ταῦτ’
549 483 612 564 οῦν
629 489 816 583 ὁἈννίβας
826 491 972 584 πόλεμον
988 491 1091 586 ἤρατο
1104 493 1183 586 πρὸς

218 593 360 686 αὐτοῦς,
386 595 484 678 είδοδς
501 593 552 666 ὅτι
568 587 590 684 ή
608 593 888 686 ἐκικουρήσονσιν
907 599 942 666 οί
951 593 1102 685 Ῥωμαῖοι
1114 614 1184 680 τοῖς

177 785 180 791 ¹
218 703 423 780 Ζακυνθίοις
449 693 546 786 ήκαί
565 724 597 766 τι
620 699 771 768 παθοῦσι
795 695 1029 788 τιμωρήσουσι.
1072 695 1129 767 δαί
1150 725 1208 790 τεο

217 791 282 869 οῦν
298 804 403 869 ταῦτα
420 799 476 869 καί
498 794 549 868 ὅτι
566 799 622 868 καί
640 799 745 888 μέγαν
762 805 909 870 πλοῦτον
926 802 1110 887 κεκτῆσθαι
1127 795 1183 870 αῦ-

184 898 297 982 Βτοῦς
310 903 511 989 ἐγίνωσκεν,
530 889 572 970 οῦ
584 901 641 970 καί
654 898 794 989 μάλιστα
808 906 940 992 ἐχρηζε,
958 901 1014 970 καί
1029 897 1074 970 δι’
1091 904 1184 993 ἕτερα

218 1011 306 1072 αίτια
319 1000 402 1072 κατοὶ
417 996 585 1092 Ῥωμαίων
598 997 689 1095 αὐτῷ
703 999 962 1091 συμβαλλόμενοι
974 1015 1044 1084 τοῖς
1057 1011 1183 1072 Ζακνν·

216 1111 307 1184 θίοις
326 1105 474 1174 ἐπίθετο.

289 1198 333 1274 Ἡ
346 1200 380 1275 δ’
397 1201 539 1294 Ἰβηρία,
563 1207 601 1274 ἐν
618 1192 641 1294 ᾖ
658 1207 692 1273 οί
707 1201 893 1274 Ζακύνθιοι
918 1207 1065 1292 οἰκοῦσι,
1089 1205 1146 1274 καὶ
1162 1201 1220 1293 ήιο

216 1299 380 1399 προσεχής
397 1303 486 1398 αὐτῇ
502 1308 591 1376 πᾶσα
610 1311 647 1374 ἐν
664 1332 700 1375 τε
722 1307 765 1395 νή
781 1302 931 1396 Εῦροέιιη
954 1304 1038 1397 πρδς
1057 1303 1183 1396 δυσμάς

217 1411 285 1478 ἐστι
307 1410 364 1478 καὶ
388 1409 442 1477 ἐπὶ
465 1405 552 1478 πολὺ
569 1405 631 1496 μὲν
654 1404 744 1497 παρὰ
767 1402 831 1494 τήν
852 1412 916 1476 ἐσω
934 1403 1113 1478 θάλασσαν
1129 1409 1184 1476 καὶ

216 1505 307 1599 παρὰ
323 1505 381 1590 τοὶς
394 1505 611 1598 Ἡρακλείους
634 1505 756 1594 στήλας
778 1503 838 1578 τόν
854 1536 890 1578 τε
904 1504 1065 1580 Ὠκεανὸν
1082 1505 1184 1578 αῦτδν

216 1607 373 1698 προήκει,
396 1611 453 1678 καὶ
477 1607 612 1698 προσίοι
635 1609 692 1678 καί
716 1607 778 1698 τήν
795 1607 937 1698 ἤπειρον
960 1609 1022 1699 τήν
1039 1604 1110 1680 δι’νοι
1129 1605 1184 1678 διίι

216 1715 374 1780 πλείστου
391 1711 486 1800 μέχρι
502 1713 563 1778 τοῦ
577 1717 777 1798 Πυρηναίον
794 1711 937 1798 νέμεται.
973 1707 1010 1781 τὸ
1027 1707 1091 1801 γῦρ
1108 1707 1222 1801 ὅροςκ

215 1816 313 1882 τοῦτο
338 1815 374 1881 ἐκ
403 1815 462 1898 της
485 1807 658 1899 θαλοίσσης
683 1817 741 1900 τῆς
771 1809 874 1882 πάλαι
904 1811 966 1900 μδν
989 1811 1184 1902 Βεβρύκων,

215 1907 357 2002 ὕστερον
389 1911 427 1982 δέ
456 1917 733 2003 Ναρβωυησίιον,
763 1910 950 2004 ἀρξάμενον
973 1916 1006 1996 ἐς
1029 1909 1093 2002 τήν
1123 1915 1184 1995 ἐξω
1270 1993 1272 2000 Ι

214 2010 277 2101 τήν
294 2011 444 2103 μεγάλην
468 2019 643 2103 διατείνει,
671 2010 778 2083 πολλοὶ
800 2013 863 2102 μὲν
888 2009 983 2096 ἐντός
1006 2011 1112 2084 αὐτοῦ
1128 2015 1184 2083 καὶ
1270 2013 1272 2044 ¹

216 2113 382 2205 σῦμμικτα
400 2121 486 2205 ἐθνη
505 2123 598 2205 ἔχον,
617 2118 730 2185 πᾶσαν
749 2115 787 2183 δὲ
803 2113 866 2204 τήν
879 2111 1028 2205 Ἰβηρίαν
1044 2111 1109 2185 ἀπὸ
1126 2119 1185 2202 τής

182 2224 399 2306 Οπροσοίκου
422 2224 588 2298 Γαλατίας
618 2212 785 2308 ῦφορίζον.
838 2215 917 2286 οῦτε
949 2214 981 2285 δ’
1013 2211 1184 2306 ὁμόφωνοι
1197 2239 1225 2282 ιο

214 2309 301 2404 ἦσαν
323 2315 404 2388 οῦτε
434 2321 532 2407 κοινή
560 2315 799 2388 ἐπολιτεύοντο.
849 2312 932 2388 ὅθεν
961 2313 1042 2388 οῦδὲ
1073 2323 1120 2398 είς
1144 2321 1186 2386 ἐν

214 2415 320 2506 ὄνομα
338 2419 487 2488 ἐτέλουν·
515 2423 551 2488 οί
566 2418 628 2508 μὲν
645 2421 709 2510 ηδιρ
722 2414 875 2508 Ῥωμαῖοι
889 2416 1080 2507 Ἱσπανοῦς,
1098 2423 1134 2488 οί
1150 2415 1182 2487 δ’

205 2513 363 2606 Ἕλληνες
372 2514 506 2610 Ἴβηρας
523 2515 589 2602 ῦπδ
607 2522 667 2592 τοῦ
678 2521 830 2610 ποταμοῦ
846 2525 906 2590 τοῦ
914 2515 1045 2610 Ἴβηρος
1063 2514 1187 2599 αὐτοὺς

216 2615 428 2691 ἐπεκάλεσαν.

294 2725 338 2791 Οί
352 2720 415 2810 μὲν
432 2711 496 2792 οῦν
513 2721 700 2792 Ζακύνθιοι
717 2711 809 2792 οῦτοι
827 2725 1101 2814 ἐπολιορκοῦντο,
1127 2721 1187 2790 καὶ
1200 2743 1230 2785 2⁵

216 2823 370 2913 ἔπεμψαν
398 2819 481 2914 πρὸς
503 2821 582 2904 τοῦς
608 2828 798 2912 περιοίκους
827 2825 883 2892 καί
907 2822 990 2914 πρὸς
1012 2819 1090 2904 τοῦς
1109 2819 1187 2892 Ῥω·

212 2933 333 3013 μαίους
352 2927 545 3016 ἐπικουρίας
563 2920 725 3012 δεόμενοι.
762 2916 847 2994 ιἰλλίι
864 2920 941 3006 τοῦς
963 2924 1027 3014 μδν
1042 2918 1060 2994 δ
1076 2918 1188 2995 Ἀννί-

213 3033 276 3112 βας
295 3022 481 3114 ἐκώλυσεν,
506 3029 541 3096 οί
556 3025 594 3096 δὲ
606 3022 761 3114 Ῥωμαῖοι
777 3027 935 3116 πρέσβεις
953 3023 1035 3118 πρὸς
1053 3027 1190 3096 ἐκείνου

213 3128 403 3214 πέμψαντες
432 3125 477 3218 μή
504 3124 656 3212 πελάζειν
685 3142 755 3210 τοῖς
779 3133 984 3210 Ζακυνθίους
1016 3126 1190 3214 ἐκέλευον,

212 3227 269 3294 καὶ
288 3233 320 3296 εί
335 3223 380 3316 μή
394 3235 563 3318 πείθοιτο,
583 3231 615 3310 ἐς
628 3227 690 3319 τήν
703 3227 908 3320 Καρχηδόνα
920 3233 1063 3300 πλεῦσαι
1078 3222 1190 3310 εῦθῦς
1205 3249 1237 3292 εο

213 3327 269 3396 καὶ
287 3333 514 3420 κατηγορῆσαι
531 3326 636 3400 αὐτοῦ
661 3333 899 3422 ἐπηπείλησαν.
935 3330 953 3400 ὁ
973 3324 1007 3399 δ’
1027 3326 1191 3416 Ἀννίβας

214 3429 336 3497 ἐκτῶν
354 3431 541 3520 ἐπιχωρίων
559 3431 690 3520 πέμψας
713 3431 807 3514 τινδις
825 3427 869 3532 ῦς
888 3427 1026 3503 εῦνοιαν
1042 3432 1192 3521 τηροῦν-
