2538 3824
418 167 490 220 Χιε.
503 159 536 222 Χ
557 168 634 222 οΧΡ.
647 170 722 220 ΧΙΧ.
989 167 1053 234 395

84 301 162 376 οὔτε
191 301 254 392 τὴν
277 311 378 394 νίκην
400 309 468 376 τάν
492 307 613 398 ἑτέραν
637 311 672 378 οί
692 305 930 398 ἡττημένοι”
890 337 966 382 ουτε
989 311 1052 399 τὴν

5 457 8 464 ⁴
82 397 188 530 6666
212 410 248 478 06
269 405 494 495 νενικηκότες
528 407 569 481 τά
592 437 627 480 τε
650 409 713 499 γάρ
738 409 945 499 στρατόπεδα
965 414 1051 484 πολύ

4 513 9 518 “
81 504 290 632 ἀφεστήκασι
308 511 365 578 καλ
384 505 528 592 άπλέτου
547 513 722 600 κονιοριού
730 515 916 634 χενομένου
930 509 1050 612 ἠχνόη·
1063 527 1083 578 c

81 631 148 682 σαν
164 639 202 680 το
189 611 369 692 τέλος
328 639 385 698 της
402 609 517 738 μάχης.
548 613 629 692 τέως
647 612 738 684 δὲ’
700 641 737 684 το
755 639 791 683 τε
808 641 868 684 του
857 616 1050 706 Καίσαρος

1 705 3 770 λ
55 709 259 838 ετάφρευμα
276 711 381 783 καλ
349 741 386 783 το
402 739 463 784 του
448 709 657 803 ’Ἀντωνίον
676 712 864 841 ἐπορθηθχ,
882 715 990 786 καλ
955 745 1051 788 ταν
1014 719 1051 788 ἐν

1 855 2 908 }
79 812 175 907 αύτῷ
192 809 301 908 πάντα
319 810 425 902 ἑάλω,
456 810 534 884 ὥστ’
556 821 587 885 εί
602 814 647 904 μὴ
666 816 748 886 κατά
764 815 801 888 τό
818 813 902 909 όναρ
919 845 978 888 του
967 821 1050 888 ία-

1 921 2 995 }
79 943 164 1005 τρου
148 892 406 1004 ὑπεξῆλθεν
389 944 408 986 ο
422 923 492 988 Καί
478 929 554 1003 ἵσαρ
567 918 628 986 τού
640 916 888 1008 χαρακώματος,
907 918 999 990 ἐν’
958 924 1047 990 αυτῶ

1 1017 2 1029 ’
77 1013 122 1087 διν
139 1019 370 1106 καταληφθείς
387 1015 657 1088 κεκινδύνευκεν.

154 1117 253 1188 ‘066
270 1115 415 1199 Κάσσιος
439 1122 476 1190 ἐκ
498 1119 617 1209 μὲν
577 1147 635 1209 της
652 1116 757 1209 μάχης
776 1119 914 1210 ἐσύθη,
932 1149 992 1192 του
978 1122 1049 1192 δὲ

45 1250 67 1290 ιο
80 1217 245 1312 ἐρύματος
269 1221 324 1290 καὶ
349 1215 454 1290 αύτού
476 1221 709 1310 πορθηθίντος
725 1223 780 1292 ἐπὶ
798 1218 940 1311 λόφον’
920 1221 1049 1313 ανεχοί-

78 1343 187 1414 ρησεν
205 1328 321 1410 ἔχοντα
338 1319 422 1412 πρὸς
439 1350 475 1392 το
465 1319 613 1394 πεδίον
629 1322 766 1412 σκοπάς,
783 1321 996 1412 ὑποτοπήσας
1010 1326 1049 1396 δὲ

77 1421 196 1494 καλ
160 1451 221 1494 τον
244 1426 393 1512 Βρούτον
418 1421 602 1514 ἐσφάλθαι,
638 1427 825 1516 ἔπεμψεν
807 1423 1048 1516 εκατόνταρχον

77 1521 374 1614 κατασκεψόμενον
404 1527 460 1596 καὶ
491 1523 698 1650 ἀγγελοῦντα
728 1522 818 1620 αύτῷ
848 1523 933 1599 ὅπου
963 1553 999 1598 τε
1029 1527 1048 1597 6

1 1674 2 1690 2
77 1628 231 1717 Βροῦτος
266 1636 317 1715 είη
346 1622 451 1696 καλ”
432 1654 495 1716 ο,τι
523 1626 669 1714 πράττοι.
696 1711 697 1714 ¹
719 1630 791 1700 ἐπεὶ
814 1627 890 1700 δὲ’
874 1657 892 1699 ο
917 1631 1047 1712 σταλεὶς

1 1733 3 1816 ζ
43 1723 293 1816 ιεσυναντήσας
325 1729 499 1817 ίππεύσιν,
534 1725 593 1812 οδς
622 1725 821 1802 ἀπεστάλκει
850 1725 869 1800 6
899 1733 1079 1823 Βρούτοςῖ)

1 1827 2 1918 6
78 1830 339 1920 μαθησομένους
356 1831 432 1919 περὶ
450 1833 518 1900 τοῖν
533 1828 617 1900 κατά
634 1829 802 1920 Κάσσιον,
834 1830 914 1923 παρ’
934 1829 1048 1905 αύτύν

80 1927 260 2018 ἐκυκλιόθη
278 1928 515 2020 άσπαζομίναν
534 1928 637 2003 αὐτόν
650 1934 706 2002 καλ
721 1935 955 2022 δεξιουμένων,
974 1939 1046 2004 ἔδο-

80 2034 143 2115 ξεν
164 2029 181 2100 6
198 2029 345 2113 Κάσσιος
368 2038 546 2120 πολεμίους
571 2029 758 2114 εἶναιπούς
776 2031 973 2122 προσιόντας
991 2037 1046 2104 καὶ

1 2172 3 2198 ι
77 2128 143 2204 ὑπ’
167 2129 280 2204 αύτάν
303 2136 505 2223 ἐνσχεθῆναι
527 2131 585 2203 τόν
608 2131 866 2222 ἑκατόνταρχον,
901 2140 961 2208 καί
981 2163 1046 2204 τινι

1 2275 2 2278 =
46 2231 244 2328 υΠινδάρρο
263 2235 467 2328 ἐξελευθίρρ
483 2231 543 2306 τόν
560 2237 682 2308 ἑαυτοῦ
699 2231 806 2323 φόνον
823 2237 1012 2326 προσέταξε.

156 2338 226 2406 Καὶ
242 2331 260 2406 6
277 2337 339 2426 μὲν
355 2341 507 2408 τοιοῦτον
524 2341 599 2427 ἔσχε
615 2337 719 2424 τέλος,
737 2337 794 2406 καὶ
811 2333 829 2407 ό
848 2333 1048 2426 ἑκατόνταρ-

78 2466 137 2563 χρς
161 2436 361 2514 ἐπανελθάν
384 2441 440 2510 καλ
463 2437 564 2526 γνούς
586 2436 623 2510 τό
649 2441 758 2528 δρᾶμα
780 2445 919 2521 κακισας
935 2465 972 2508 τε
991 2437 1047 2508 διά

78 2538 142 2628 τὴν
159 2543 352 2663 βραδυτῆτα
370 2539 491 2610 ἑαυτὸν
509 2541 759 2614 ἐπαπέκτεινεν
794 2569 813 2610 ο
800 2538 879 2613 66
886 2569 923 2663 χε
941 2547 1047 2666 Βρού-

77 2668 135 2726 τος
151 2637 215 2729 τήν
230 2668 267 2710 τε
283 2629 386 2730 ἧτταν
402 2669 462 2712 του
446 2647 632 2712 Κασσίου
652 2641 773 2731 μαθύν
791 2641 896 2714 καὶ
865 2671 924 2714 τον
940 2640 1046 2715 θοίνα·
1154 2649 1159 2661 ’

41 2771 67 2812 οε
78 2771 139 2814 τον
157 2739 383 2832 ἐπεδάκρυσε,
413 2739 491 2826 τούς
509 2743 546 2813 δὲ
563 2745 813 2832 περισυθέντας
829 2747 898 2814 τῶν
917 2746 1046 2816 ἐκείνου

32 2845 33 2848 '
78 2849 290 2934 στρατιωτῶν
314 2841 515 2933 συναγαγών
538 2846 595 2914 καὶ
612 2843 723 2932 λόγοις
739 2873 796 2914 και
784 2843 905 2915 δόσει
923 2843 1050 2934 χρημά.

77 2973 148 3016 τοτν
170 2943 441 3034 παρεμυθήσατο.
478 2951 598 3018 ἔπεσον
623 2942 660 3016 δ’
687 2950 724 3018 ἐν
747 2951 787 3036 τῇ
811 2943 898 3036 μάχη
916 2943 1047 3015 τούτων

77 3047 142 3134 μὲν
165 3048 243 3136 περὶ
264 3043 545 3138 ὀκτακισχιλίους,
568 3050 636 3116 τῶν
661 3047 699 3116 δὲ
723 3047 800 3136 περὶ
818 3053 972 3136 Καίσαρα
989 3047 1046 3116 καὶ

75 3143 257 3218 Ἀντοόνιον
284 3153 419 3232 πλείους
449 3143 471 3238 6
501 3145 679 3228 διπλάσιοι.
729 3143 779 3217 διό
806 3149 862 3218 καί
886 3145 1047 3236 ἠθύμουν

40 3276 66 3318 οο
79 3251 221 3340 ἐκεῖνοι,
248 3250 339 3421 πρὶν
368 3243 606 3376 ἢΔημήχριός
631 3277 680 3330 τις
697 3256 851 3320 Κασσίου
885 3246 1147 3338 θεράπωνΡΙόΟλ

78 3347 256 3444 ἐπέρας’
238 3379 286 3440 αφ
288 3357 375 3422 ίκετο
399 3351 482 3440 πρός
502 3347 699 3441 Ἀντώνιον,
725 3348 784 3434 τάς
801 3350 973 3442 χλαμύδας
991 3352 1046 3423 καὶ

78 3451 115 3525 τό
146 3455 289 3542 ξίφος
272 3462 342 3524 εκεί
341 3482 403 3526 νου
423 3456 555 3544 φέρων.
606 3443 655 3524 66
680 3457 910 3544 κομισθέντων
940 3449 1047 3534 ούτοτς
