2566 3812
214 111 277 176 246
454 111 620 168 L113.v111.
639 111 718 166 οπο..
730 111 816 165 xxv.
834 111 934 165 κατι.

214 251 275 324 τόν
297 247 490 324 Μινούκιον
512 249 803 342 ἀποκατέστησαν.
844 259 880 323 οἳ
901 249 953 322 ἐπ’
975 255 1105 323 ἐκεῖνον
1131 253 1182 322 έλ-

214 352 334 436 θύντες
353 357 386 436 ές
403 354 466 445 μὲν
482 370 595 446 χεῖρας
613 349 704 448 αύτῷ
727 351 790 424 ούκ
806 352 931 446 ήεσαν,
957 350 1182 444 παρεπόμενοι

216 455 254 526 δέ
272 453 457 547 ἐπετήρουν
474 465 508 525 εί
521 482 588 527 πον
605 453 720 542 καιρὸς
742 453 849 548 μάχης
866 457 1069 546 παραπέσοι·
1096 452 1183 526 ἄπο-

214 562 435 630 κινδννεύσαι
452 554 516 648 χύρ
539 555 556 628 ὁ
576 554 703 645 Φάβιος
726 555 945 648 κατεπτηχόσι
967 552 1183 646 στρατιώταις
1274 611 1277 616 -

113 660 270 729 Ρ1414καί
296 661 490 748 ἡττημένοις
519 654 603 751 πρός
626 661 763 741 πλείους
793 660 848 730 καὶ
878 655 1093 748 νενικηκότας
1119 655 1210 731 ούκτ

214 757 337 850 ἤθελε,
361 761 418 830 καί
435 757 504 850 ἅμα
526 756 595 854 ὅσα
614 766 742 850 μᾶλλον
764 758 827 849 τήν
848 757 962 851 χύραν
979 756 1182 848 κακώσειαν,

213 859 363 956 τοσούτω
392 865 526 934 θᾶσσον
550 859 718 952 ἀπορήσαι
746 869 874 952 τροφῆς
900 859 1022 944 αύτούς
1052 857 1182 950 ἤλπισε.

213 961 371 1045 τοιούτοις
393 962 564 1086 χρύμενος
587 973 758 1054 λογισμοῖς
780 959 840 1034 ούτ
845 959 972 1086 ’ἄλλη
987 959 1079 1056 χύρα
1104 959 1182 1052 έπή·

213 1092 321 1154 μυνεν
337 1061 415 1136 οὔτε
432 1093 473 1158 τῃ
462 1067 678 1160 Καμπανίᾳ.
709 1054 972 1137 κατέκλεισεν
933 1093 997 1135 ουν
1010 1062 1066 1134 διὰ
1078 1067 1184 1136 ταῦτα

214 1169 336 1238 παντο
323 1165 513 1257 πολέμιον
531 1173 578 1250 είς
601 1164 664 1256 τήν
681 1173 902 1256 Καμπανίαν
930 1163 1100 1257 περισχύν
1116 1160 1181 1254 γὰρ
1197 1192 1222 1232 ιο

214 1264 336 1350 αὐτούς
354 1265 591 1359 ἁπανταχόθεν
607 1267 673 1340 οὐκ
698 1265 828 1350 εἰδότας
853 1272 891 1340 έν
907 1273 1043 1358 φυλακή
1068 1264 1184 1356 έποιή-

214 1392 304 1440 σατο.
341 1365 442 1454 αύτός
459 1370 522 1460 μὲν
539 1369 604 1461 γὰρ
622 1368 686 1442 κάκ
703 1373 761 1459 τής
784 1367 959 1460 θαλάσσης
982 1371 1040 1440 καί
1062 1371 1099 1438 έκ
1122 1371 1181 1456 τῆς

214 1477 421 1562 συμμαχίδος
455 1474 524 1542 των
558 1474 754 1561 ἐπιτηδείων
789 1468 939 1562 εὐπόρει,
975 1473 1114 1552 ἐκείνοις
1145 1469 1183 1540 δέ

213 1569 300 1661 μόνα
316 1568 358 1642 τύ
376 1575 413 1642 ἐκ
429 1575 488 1662 τής
505 1575 567 1662 γῆς
584 1568 628 1662 ήν
646 1581 777 1664 ἔκειρον
793 1570 988 1664 ύπύρχοντα
1004 1568 1089 1664 ᾔδει.
1124 1571 1183 1640 καὶ

215 1669 271 1742 διὰ
288 1678 385 1745 τοῦτο
408 1669 521 1764 ύνεῖχε
543 1675 599 1744 καὶ
623 1677 681 1765 τῆς
704 1672 893 1764 μελλήσεως
916 1673 980 1746 ούκ
1003 1669 1183 1764 ἐφρόντιζε.
1196 1697 1224 1738 ιε

185 1773 267 1844 Βὸιό
286 1775 343 1844 καί
361 1773 451 1865 παρὰ
468 1779 536 1846 τῶν
554 1781 699 1847 πολιτων
716 1783 828 1848 αίτίαν
842 1774 948 1866 εἶχεν,
967 1772 1012 1868 οἱς
1029 1776 1084 1846 καὶ
1102 1780 1185 1864 μελέ

215 1874 315 1965 λητής
334 1879 616 1967 ἐπονομασθῆναι.
664 1945 667 1952 ,
1281 1951 1282 1954 ,

164 1977 207 2043 26
287 1973 375 2048 ‘’0e5
392 1973 470 2050 Ἀνν
471 1985 546 2068 βας
553 2031 564 2068 ,
588 1980 660 2050 έπεὶ
683 1977 765 2069 πρὸς
788 1985 942 2100 χειμῶνα
959 1951 1102 2067 έηίνετο,
1127 1979 1183 2048 καί
1281 1973 1282 2020 ³

214 2076 293 2150 ούτε
319 2107 401 2152 κατα
432 2078 546 2171 χύραν
569 2079 721 2170 χειμάσαι
744 2078 865 2152 σπάνει
894 2108 963 2150 των
988 2075 1186 2168 ἀναγκαίων

213 2177 362 2272 ήδύνατο
393 2183 449 2252 καὶ
482 2184 632 2273 πολλαχῇ
657 2179 817 2270 πειράσας
849 2181 971 2266 ἐξιέναι
1001 2183 1059 2270 τής
1085 2190 1183 2270 Καμ-
1195 2204 1225 2246 ιο

213 2291 337 2364 πανίας
367 2281 553 2372 κεκύλντο,
583 2281 734 2354 τοιοῦτόν
759 2311 791 2354 τι
822 2280 1058 2374 ἐμηχανήσατο.
1103 2278 1184 2364 τούς

214 2380 443 2474 αίχμαλύτονς
461 2381 605 2474 πάντας,
623 2381 744 2473 ἵναμή
761 2412 811 2467 τις
829 2381 944 2456 αὐτῶν
959 2380 1109 2474 διαφύγῃ
1126 2385 1185 2454 καὶ

213 2482 250 2556 τό
264 2485 442 2574 γινόμενον
455 2493 605 2578 γνωρίσῃ
618 2503 687 2570 τοις
700 2484 889 2576 Ρωμαίοις,
907 2513 969 2556 κατ
971 2487 1108 2576 ε”σφαξε
1127 2485 1184 2556 καὶ

214 2583 271 2668 τὰς
298 2590 336 2656 έν
359 2593 406 2680 τῷ
433 2591 646 2683 στρατοπέδω
671 2593 756 2676 βούς
786 2583 892 2679 α’θροί
890 2610 950 2670 σας
978 2591 1084 2681 δᾷδας
1113 2601 1184 2668 τοῖς

215 2681 331 2758 αύτων
352 2691 541 2779 προσέδησε
563 2691 695 2780 κέρασι,
727 2690 783 2760 καὶ
809 2687 893 2781 πρός
922 2688 964 2758 τοὶ
989 2684 1073 2760 κατὰ
1102 2686 1185 2769 τούς
1199 2709 1228 2750 2⁵

213 2787 430 2872 Σαννίτας”
410 2819 473 2882 ορη
504 2787 573 2862 ύπὸ
603 2788 713 2862 νύκτα
738 2789 891 2883 χωρήσας
923 2787 984 2870 τοὶς
1013 2815 1050 2858 τε
1077 2794 1186 2882 δᾷδας

214 2888 323 2981 ἀνῆψε
352 2893 408 2962 καὶ
434 2919 492 2974 τας
519 2897 604 2980 βούς
630 2887 840 2981 ἐπετύραξεν.
888 2897 1121 2983 οίστρηθείσαι
1147 2885 1183 2959 δ’

180 2996 340 3064 οέκεϊναι
359 2989 466 3064 διὰτὸ
483 2999 554 3086 πύρ
572 2996 628 3064 καὶ
644 2993 706 3084 τήν
719 3001 832 3064 ἔλασιν
849 2999 999 3085 πολλαχῇ
1016 2989 1078 3081 τήν
1094 2989 1187 3080 ύλην

214 3096 420 3185 ἐνέπρησαν,
445 3092 510 3166 κάκ
527 3092 650 3167 τούτου
668 3100 792 3188 ῥᾳδίαν
813 3097 982 3186 παρέσχον
1006 3088 1098 3188 αύτῷ
1120 3089 1187 3181 τήν

213 3190 411 3286 ὑπέρβασιν.
448 3200 484 3266 ολ
499 3194 563 3288 γὰρ
583 3198 619 3267 ἐν
643 3203 690 3290 τῷ
713 3202 820 3292 πεδίμ
833 3193 986 3286 Ῥωμαῖοι
1008 3196 1065 3266 καὶ
1089 3197 1126 3266 οί
1146 3197 1187 3265 έν

283 3357 350 3424 Gap
367 3361 410 3413 26
439 3359 539 3412 Dionis
555 3361 698 3413 Historiae
719 3361 862 3414 Romanae
882 3361 949 3413 libri
968 3359 1082 3428 perditi:
1108 3358 1188 3425 frag-

214 3428 336 3474 mentum
349 3427 419 3490 57‚9
422 3429 495 3478 —21.
