2566 3812
201 227 266 292 216
524 226 597 278 ιιο.
608 225 686 278 v111.
703 225 783 276 οιο.
794 227 855 278 xv.

201 364 380 458 προσήκω,
406 367 477 437 έπελ
497 361 527 434 λ’
548 362 612 435 οὐκ
631 367 668 436 ἐκ
679 361 813 454 κακίας,
832 359 906 438 ἀλλ’
929 367 966 436 έκ
983 373 1179 454 προθυμίας

203 467 425 558 έθυστόγησα,
444 468 500 536 καλ
513 463 672 556 Ῥωμαῖός
689 471 756 556 είμι
771 467 828 536 καλ
840 472 956 557 φρονεῖ
969 463 1010 535 τά
1021 461 1175 557 ὑμέτερα.

202 572 260 642 καλ
278 565 354 640 οὐθ’
375 572 408 654 ἐξ
428 565 503 648 ἑνὸς
520 565 648 658 τρόπον
672 576 861 640 λυσιτελεῖν
877 561 960 658 ὑμῖν
977 564 1036 650 τάς
1053 578 1176 638 καταλ-

202 670 306 761 λαγλις
324 666 476 760 νομίζω.”

285 777 396 844 Ταῦτα
414 766 432 840 ὁ
453 765 628 860 Ῥηγοῦλος
653 767 759 840 mv
782 767 892 840 καλ
856 797 915 850 τας
933 798 953 839 α
957 775 1040 850 λείας
1058 773 1205 861 προσέ-ε

133 876 134 880 ’
205 887 292 964 θηκε
313 868 394 943 λε’
379 870 418 954 οἷς
436 869 494 954 τάς
512 868 728 961 σνμβάσεις’
711 869 919 961 απηγόρευε,
937 873 995 942 καλ
1013 869 1179 960 ἐπήγαγεν
1246 938 1253 951 ,

204 972 248 1056 ἀς
268 970 368 1044 “olda
391 969 495 1064 μέν”
476 1001 529 1042 οτι
552 963 720 1064 προῦπτός
751 1000 806 1062 μοι
828 969 968 1064 ὄλεθρος
991 970 1176 1062 πρόκειται

101 1075 379 1150 ΡΙ396ἀθόνατον
397 1074 460 1166 γάρ
480 1084 602 1146 λαθεῖν
621 1069 745 1154 αότοός
763 1067 785 1142 ἀ
779 1071 1068 1161 συνεβούλευσα·
1093 1072 1178 1144 ἀλλά

204 1176 322 1249 καλ”
281 1205 388 1259 ουτως
405 1181 463 1266 τής
482 1179 627 1266 έμαυταῡ
644 1181 827 1299 σωτηρίας
833 1173 870 1246 τὸ
888 1203 985 1266 κοινη
971 1177 1179 1266 συμφέρον

204 1285 399 1370 προτίθημι.
435 1285 467 1349 ελ
454 1280 524 1348 λλέ
537 1306 586 1360 τις
603 1273 772 1400 φήσει,τλ
787 1267 850 1348 οὖν
867 1275 930 1348 οὐκ
949 1275 1177 1400 έκθιλράσκεις
1191 1307 1224 1350 ιο

204 1410 225 1470 η
210 1375 389 1452 έντανθα
407 1383 618 1469 καταμένεις;
637 1373 818 1450 ἀκούσεται
828 1375 881 1450 ὅτι
891 1375 1048 1468 ὀμόμοκα
1063 1375 1178 1460 αὐτοῖς

207 1481 397 1605 ἐπανήξειν,
416 1477 528 1551 καλ’
490 1509 554 1550 ουκ
571 1474 615 1550 ἀν
632 1487 825 1572 παραβαίην
841 1509 920 1562 τους
938 1477 1080 1602 ὅρκους,
1097 1478 1173 1550 οὐδ’

208 1591 240 1655 εί
256 1580 339 1674 πρός
364 1589 544 1672 πολεμίους
561 1579 739 1670 γεγόνασι,
765 1583 822 1652 καλ
841 1577 887 1651 δι’
906 1577 1008 1671 ἀλλα,
1035 1579 1177 1671 μάλιστα

208 1685 246 1754 δέ
264 1681 314 1754 ότι
331 1680 366 1752 τό
393 1681 508 1754 δεινὸν
527 1681 778 1809 έμπελορκήσας
802 1683 865 1772 μέν
888 1681 991 1772 μόνος
1009 1691 1177 1812 πείσομαι,

206 1779 250 1856 ἀν
269 1780 303 1855 θ’
323 1781 528 1875 ἐπιορκήσω,
547 1790 637 1854 πᾶσα
654 1782 675 1872 ή
693 1783 788 1868 πόλις
806 1781 1142 1874 ἀναπλησθήσεταιῖ
1189 1813 1222 1854 ιε

278 1883 324 1956 Η
337 1891 496 1977 γερουσία
521 1885 616 1956 δέ
576 1915 634 1987 της
654 1890 786 1957 ἐκείνου
804 1889 1007 1976 σωτηρίας”
987 1914 1104 1956 ενεκεν
1120 1887 1177 1954 καλ

204 1984 267 2076 τήν
286 1985 425 2079 εἰρήνην
442 1983 650 2078 ποιήσασθαι
667 1989 724 2058 καὶ
741 2016 820 2070 τους
839 1987 1067 2112 αἰχμαλώτους
1084 1983 1177 2056 ἀντι-

205 2091 327 2159 δουναι
351 2087 595 2181 προτεθόμητο.
639 2087 742 2178 γνοός
766 2079 831 2160 οὖν
852 2091 950 2160 τοῦτο
974 2085 1094 2176 αότός,
1119 2093 1176 2158 ἵνα

203 2191 249 2280 μή
274 2219 310 2262 το
300 2188 504 2280 συμφέρον
522 2188 570 2260 λε’
592 2186 697 2262 αὐτὸν
714 2187 985 2282 καταπρόανται,
1012 2187 1176 2260 έπλάσατο

204 2295 395 2378 πεπωκέναι
408 2291 586 2381 φάρμακον
602 2291 813 2381 δηλητήριον,
829 2294 885 2362 καὶ
897 2293 1031 2380 μέλλειν
1043 2289 1176 2372 πάντως
1189 2318 1222 2362 το

166 2391 263 2462 Βῦπ’
286 2391 393 2463 αὐτοῦ
409 2391 605 2464 ἀπολέσθαι.
641 2395 697 2462 καλ
715 2390 792 2463 ου”τε
809 2389 830 2482 ή
849 2389 1016 2482 σύμβασις
1037 2394 1177 2481 γέγονεν

202 2489 282 2563 οὔτε
299 2498 369 2572 τεόν
386 2492 607 2584 αλχμαλολτων
625 2488 646 2582 ή
664 2491 795 2584 ἀμοιβή.
840 2490 996 2575 ἀπιόντος
1014 2489 1048 2563 θ’
1067 2491 1176 2563 αὐτοῦ

203 2592 269 2664 σὺν
299 2611 368 2676 τοῖς
398 2599 582 2686 πρέσβεσιν
615 2592 840 2684 ἀντελάβοντο
869 2593 964 2670 ἀλλοι
993 2623 1030 2665 τε
1057 2595 1114 2666 καλ
1144 2598 1180 2665 ολ

202 2701 321 2776 παλλες
335 2691 425 2766 καλ
405 2725 426 2822 η
441 2695 528 2786 γυνή
537 2700 597 2768 ολ
614 2692 690 2766 θ’“
666 2722 789 2768 υπατοι
806 2695 871 2787 μήτ
875 2693 1061 2768 ’ἐθέλοντα
1075 2724 1177 2766 κατα-

202 2813 315 2887 μεῖναι
339 2796 444 2869 αὐτὸν
469 2795 630 2870 έκθωσειν
654 2804 785 2887 ἔφασαν
810 2794 887 2890 μήτ’
913 2795 1055 2870 ἀπιόντα
1077 2825 1176 2868 κατα·
1189 2825 1222 2870 ετ

205 2916 308 2990 σχεῖν.
352 2902 408 2970 καλ
439 2928 530 2970 ουτω
563 2898 767 2990 προτιμήσας
796 2899 842 2991 μή
872 2905 1066 2990 παραβῆναι
1093 2927 1176 2980 τους

205 2999 328 3090 ὅρκους
346 2997 565 3092 ἀνεκομίσθη
602 3001 658 3072 καλ
677 2999 880 3089 αλκισθελς
861 2997 923 3072 υπ’
943 2997 1072 3088 αότάν,
1092 2995 1136 3082 τός
1155 2994 1176 3087 ή

206 3099 301 3191 φήμη
320 3105 428 3192 λέγει,
453 3101 615 3174 ἀπέθανε.
651 3099 692 3174 τά
709 3103 775 3194 γάρ
793 3100 1005 3192 βλέφαρα’
963 3129 1068 3173 αντου
1085 3126 1178 3187 περι-

203 3200 378 3292 τεμόντες,
402 3204 458 3274 καλ
482 3203 605 3296 χρόνον
628 3201 703 3274 τιυά
728 3208 765 3276 έν
791 3202 903 3276 σκότει
928 3206 1178 3292 καθείρξαντες,

205 3303 277 3372 ελτα
303 3309 351 3384 είς
365 3303 496 3387 ’σκεῦός
525 3333 557 3375 τι
586 3303 784 3395 σόμπηκτον
814 3307 934 3396 κέντρα
962 3302 1177 3392 πανταχόθεν
1191 3331 1221 3374 εο

203 3409 281 3492 ἔχον
300 3403 499 3492 ἐμβαλόντες
511 3403 618 3477 ον’τόν
634 3409 691 3476 καλ
703 3409 885 3496 τρέψαντες
897 3403 980 3494 πρὸς
996 3403 1055 3476 τὸν
1067 3400 1178 3495 ήλιον,

203 3501 312 3585 οὕτως
336 3499 402 3574 ἀπὸ
421 3515 650 3588 κακοπαθείας
675 3509 730 3577 καλ
749 3507 938 3599 ἀγρυπνίας
960 3507 1006 3598 μή
1033 3503 1178 3596 θυνάμε-
1235 3502 1239 3506 ’
