2562 3814
433 147 504 200 τεο.
517 147 577 198 vn.
596 134 674 198 σεε.
688 149 792 201 xxm.
1035 149 1094 213 153

123 315 218 358 νεται
238 281 323 372 πρός
346 281 511 376 ἀργυρίου
535 286 636 374 λόγον
654 289 799 377 δραχμαὶ
817 295 919 377 χίλιαι
937 287 1095 360 πεντακό-

122 410 203 458 σιαι.
241 393 278 457 οί
295 386 329 456 δ’
350 383 543 475 Εὐρωπαῖοι
562 387 726 477 Γαλάται,
751 379 800 458 οἷν
817 395 853 459 οί
870 387 1017 460 Ἀσιάται
1040 396 1153 462 νο-23

121 498 276 580 μίζοντοι
293 487 438 582 ἄποικοι,
457 489 618 559 Κελτικόν
634 487 729 571 ὄντες
744 494 850 578 γένος,
870 490 1021 574 λιπόντες
1034 491 1096 581 τήν

124 595 259 662 ἑαυτῶν
278 589 323 670 ὥς
341 586 405 660 οὐκ
424 588 574 681 αὐτάρκη
592 594 728 680 τρέφειν
747 590 886 679 αὐτούς,
911 599 945 664 οί
959 595 1022 684 μὲν
1040 597 1094 665 ἐπὶ

99 693 168 762 5τά
192 691 253 779 όρη
275 692 317 762 τά
338 687 468 762 Ῥιπαῖα
491 687 706 782 εδρμήκεσαν,
732 699 767 762 ol
791 694 828 764 (ll
850 699 918 764 τῶν
939 691 1128 770 ἈλπεωυΒ

131 795 327 884 ἱδρυθέντες
354 792 453 881 ἐγγύς
490 793 612 884 χρόνον
643 798 713 865 ἐκεῖ
748 793 909 884 διήγαγον
944 804 1091 869 πλείονα.

127 891 205 965 τότε
223 895 259 964 δέ
275 907 369 966 οίνου
387 899 607 984 κομισθέντος
626 899 658 978 ἐξ
673 891 823 984 Ἰταλίας,
842 895 963 968 τούτου
975 897 1094 985 γευσά-
1178 949 1180 954 .

123 1024 222 1087 μενοι
239 999 296 1066 καὶ
320 992 662 1087 ύπερθαυμάσαντες,
687 995 846 1086 ιἰράμενοι
869 998 910 1068 τά
934 995 1020 1070 ὅπλα
1038 1002 1094 1070 καὶ

122 1102 244 1188 γονέας
263 1097 461 1187 ἐπαγόμενοι
478 1097 540 1187 τήν
557 1102 622 1188 γήν
637 1103 769 1186 ἐκείνην
788 1101 932 1188 ἐζήτουν,
951 1098 1095 1189 ήτοιοῦ-

83 1229 183 1271 ιοτου
207 1197 340 1289 καρπόν
364 1198 560 1270 ἀναδίδωσι.
598 1203 653 1270 καὶ
678 1198 760 1289 πρός
778 1199 877 1270 πόλιν
900 1209 1094 1292 Τυρρηνίδα

122 1303 297 1373 Κλούσιον
332 1305 543 1391 καλουμένην
579 1299 841 1390 στρατεύσαντες
877 1302 1095 1392 ἐπολιόρκουν

9 1477 13 1484 ,
122 1400 242 1492 αὐτήν.
280 1409 314 1472 ol
337 1403 374 1472 δέ
393 1412 576 1473 Κλουσῖνοι
599 1401 682 1493 πρός
705 1401 784 1484 τούς
803 1401 984 1492 Ῥωμαίους
1002 1407 1094 1474 κατέ·

122 1534 238 1594 φυγον
261 1508 433 1586 οιίτούντες
459 1502 631 1592 βοήθειαν.
673 1507 829 1593 πρέσβεις
859 1503 892 1574 ’δ’
916 1507 951 1574 ἐκ
970 1502 1094 1595 Ῥώμης

122 1606 209 1693 πρὸς
235 1610 383 1688 ἐκείνους
409 1608 644 1696 ε’πέμφθησαν·
671 1600 731 1688 οδς
754 1613 789 1676 ol
804 1605 951 1677 Γαλάται
976 1605 1032 1677 διά
1056 1607 1092 1678 τό

82 1733 110 1773 τε
122 1715 193 1778 τῶν
214 1703 383 1797 Ῥωμαίων
401 1705 506 1796 όνομα
525 1712 664 1797 ἐντίμως
683 1712 852 1796 ἐδέξαντο,
878 1711 1009 1779 καὶτοῦ
1028 1739 1091 1780 τει-

123 1826 285 1900 χομαχεῖν
302 1807 511 1898 παυσάμενοι
530 1816 575 1890 είς
593 1810 713 1897 λόγους
736 1809 1018 1898 συνεληλύθασιν.
1056 1815 1092 1880 ἐν

122 1909 253 1994 τούτοις
285 1911 322 1980 δὲ
352 1909 552 2000 λοχήσαντες
583 1917 617 1980 ol
641 1920 821 1982 Κλουσῖνοι
847 1910 929 2000 μετά
958 1919 1026 1982 τῶν
1056 1917 1092 1981 ἐκ

120 2010 246 2101 Ῥώμης
263 2015 440 2102 πρέσβεων
458 2015 617 2082 ἐπέθεντο
635 2027 703 2092 τοῖς
722 2011 893 2093 Γαλάταις.
926 2007 948 2106 ό
969 2013 1004 2081 δέ
1024 2016 1092 2082 τοῖν
1104 2031 1131 2083 0

123 2119 286 2185 Γαλατῶν
303 2113 462 2202 βασιλεὺς
475 2107 619 2200 Βρέννος
637 2111 808 2202 ὀργισθεὶς
822 2115 875 2180 ἐπὶ
887 2109 1006 2202 τούτῳ,
1025 2117 1093 2180 τῶν

83 2243 110 2286 ιο
125 2223 328 2286 Κλουσίνων
351 2213 517 2304 ἀμελήσας
541 2212 647 2296 εὐθύς
672 2211 716 2294 ὡς
747 2213 815 2302 εἶχε
843 2209 880 2282 τό
904 2213 1093 2302 στράτευμα

122 2315 208 2387 κατά
233 2321 291 2406 τῆς
310 2315 436 2407 Ῥιόμης
462 2320 632 2404 ἐκίνησεν,
659 2316 730 2386 ἐπεὶ
753 2315 799 2404 μή
825 2315 880 2384 ἐπὶ
902 2319 1043 2406 τιμωρίη
1061 2319 1097 2384 ot*

121 2421 282 2509 πρέσβεις
306 2417 396 2510 αὐτῷ
421 2422 623 2500 ἐξεδίδοντο·
651 2417 706 2486 καὶ
724 2413 871 2510 τοσούτῳ
888 2413 979 2506 τάχει
998 2415 1092 2506 ἐχρή-

122 2542 206 2590 σατο
231 2518 309 2590 ὥστ’
331 2525 489 2590 ἐπελθεῖν
514 2517 635 2600 αὐτούς
658 2522 701 2608 τῇ
718 2517 811 2588 πόλει
835 2518 880 2607 μή
898 2517 1091 2607 προμαθόν-

120 2651 192 2692 των
205 2619 375 2710 Ῥωμαίων
392 2619 455 2709 τήν
473 2627 605 2710 ἔφοδον.
637 2618 674 2690 τό
692 2621 805 2709 μέντοι
821 2618 993 2710 δαιμόνιον
1011 2646 1093 2708 προ-

83 2731 279 2811 ιεαγγεῑλαι
302 2719 415 2803 ούτοῑς
438 2719 500 2810 τήν
530 2727 654 2810 ἐφοδον
678 2724 815 2810 λέγεται.
865 2718 1004 2811 Μάρκος
1027 2721 1094 2809 γάρ

119 2831 285 2904 Καίδικος
303 2823 424 2904 νυκτός
448 2851 504 2892 ποι
522 2830 669 2911 βαδίζων
691 2828 808 2912 φωνής
831 2818 955 2910 ήκουσε
973 2820 1093 2909 λεγού-

121 2948 183 3013 σης
204 2920 373 2996 ’Τολάται
398 2921 577 3013 movim?
624 2921 791 3013 εἰρηκότος
816 2923 853 2991 δέ
876 2925 974 2992 τοῦτο
993 2919 1092 3010 Μάρ-

120 3025 256 3119 κοντῷ
281 3025 375 3121 δήμῳ
399 3030 455 3096 καὶ
478 3031 518 3115 τή
544 3031 667 3116 βουλή,
702 3028 739 3095 ἐν
761 3029 877 3114 παιδιᾷ
901 3022 961 3093 τόν
991 3019 1094 3112 λόγον

192 3259 262 3324 Cap.
275 3261 316 3310 23.
341 3259 488 3310 Plutarchi
506 3258 641 3310 Camillus
659 3275 681 3309 e.
697 3260 814 3311 14—23.
838 3256 937 3308 Dionis
950 3256 1091 3310 Historiae

122 3327 268 3378 Romanae
280 3326 346 3378 libri
359 3327 470 3392 perditi.

192 3397 224 3444 12
244 3389 274 3445 ol
284 3390 318 3446 <ll
331 3397 490 3446 Κλουσῖνοι
502 3421 535 3430 -
547 3396 579 3444 22
598 3384 677 3460 αύτῷ
692 3385 873 3458 ἐξεδίδοντο]
892 3393 953 3442 Huc
970 3393 1092 3458 pertinet

120 3463 222 3513 Dionis
236 3461 335 3528 fragm.
348 3457 395 3514 25:
413 3462 530 3528 plurima
546 3466 639 3512 tamen
651 3460 737 3512 verba
750 3460 893 3510 Plutarchi
906 3465 977 3512 sunt.
