2566 3812
123 100 186 166 228
436 100 780 155 Lm.vn1.cAP.x1x

125 269 266 364 ραητας,
309 238 593 331 παρεσκευάζοντο
632 247 679 322 είς
712 239 776 330 τὴν
805 238 933 331 Ῥοόμην
969 237 1092 311 έλολσαι.

123 340 291 467 γνόντων
295 342 345 412 ’δέ
374 346 473 466 τφυτο
501 345 570 412 των
603 339 759 432 ὑπάτων,
795 343 850 412 καί
887 339 937 412 ἐπ’
972 329 1095 424 αὐτους

124 441 255 534 ἀθρόον
268 441 483 534 ὡρμηκότων,
502 440 730 568 ἐξεπλάγησαν
747 445 803 513 καὶ
821 438 1074 532 ἀπηντησαυ’
1033 471 1095 514 αυ·

123 561 193 627 τοῖς
211 542 256 626 ιός
273 552 390 634 φίλιοι.
421 541 623 616 κόκείνοιδέ
639 542 875 635 ὑπεκρίθησαν
891 541 943 615 ότι
954 539 1020 618 οὐκ
1039 539 1092 614 ἐπ’

125 649 276 726 ἐκείνους
306 643 475 738 ἀπῄεσαν,
506 645 591 716 ἀλλὰ
623 644 679 716 διὰ
704 649 762 734 τῆς
785 645 893 737 χώρας
919 642 1034 716 αὐτῶν
1062 649 1121 728 έςι

123 745 202 828 τούς
220 753 359 836 Amas.

198 843 349 939 Ῥωμαῖοι
369 849 406 920 δὲ
422 847 483 920 τόν
499 875 536 920 τε
549 846 668 942 Ἰόνιον
689 847 947 939 ἐπεραιώθησαν
963 850 1020 918 καί
1037 851 1096 936 τῆς

125 947 269 1041 ἠπείρου
292 957 351 1038 τῆς
365 945 558 1040 Ἑλληνικῆς
574 947 717 1038 ἥψαντο·
742 949 910 1042 πρόφασις
929 947 961 1020 δ’
983 947 1096 1030 αὐτοῖς

92 1054 187 1120 0τοῦ
218 1057 306 1122 πλοῦ
337 1053 468 1140 ἐγένετο
493 1047 564 1140 ἥδε.
605 1047 700 1122 Ἴσσα
729 1050 831 1140 νῆσός
861 1055 953 1122 ἐστιν
983 1055 1021 1122 ἐν
1050 1054 1098 1144 τῷ
1120 1131 1165 1154 ..

120 1149 229 1246 Ἰονίφ
247 1151 362 1247 κόλπφ
379 1155 525 1243 κειμένη.
562 1158 598 1223 οί
619 1181 703 1242 μουυ
725 1149 850 1242 ταύτης
868 1151 1015 1224 κοίτοικοι
1035 1121 1095 1223 ’ίό-
1110 1183 1134 1224 ιο

126 1269 216 1324 σαλοι
239 1223 439 1344 καλοόμενοι
465 1255 641 1358 ἐθελονταὶ
666 1269 736 1337 τοῖς
754 1252 933 1379 Ρωμαίοις
948 1259 1097 1376 παραδε-

127 1351 325 1426 δοόκοισιν’
309 1354 467 1444 εαυτοός,
502 1363 548 1450 τῷ
581 1359 678 1446 σφῶν
709 1384 885 1448 κρατουυτι
915 1353 1097 1446 ἀχθόμενοι

122 1451 266 1546 Ἀμρωυι
281 1465 327 1552 τῷ
344 1486 412 1528 των
411 1425 628 1628 ίΣίοιρδλαίωυ
654 1465 802 1547 βασιλεῖ,
825 1460 945 1547 μένους
957 1454 1098 1546 Ἱλλυρι-

125 1562 198 1628 κοῦ.
234 1558 319 1649 πρός
336 1556 426 1630 ὃνοί
439 1555 560 1632 ὕπατοι
578 1561 737 1648 πρέσβεις
762 1565 925 1650 ἔπεμψαν.
965 1563 1037 1630 έκεί
1034 1585 1096 1630 νου

127 1657 166 1728 δέ
182 1667 368 1742 τεθνεῶτος
386 1661 442 1730 ἐπὶ
458 1663 524 1754 νίρὶ
541 1658 689 1784 διαδόχῳ
712 1662 809 1732 παιδί
827 1655 938 1751 ἐτι,’
918 1689 940 1748 η
965 1662 1095 1732 ἐκείνου
1111 1687 1136 1729 ιι

125 1787 234 1849 γυνη,
257 1788 318 1831 του
346 1762 383 1832 δε
401 1755 521 1845 παιδός
538 1759 699 1853 μητρυιά,
723 1789 786 1851 τηυ
808 1791 876 1834 των
900 1767 1097 1852 Σαρδιαίων

74 1941 77 1946 ,
128 1861 294 1933 διείπευ’
276 1889 391 1953 αρηην.
422 1891 443 1950 η
462 1879 531 1944 τοῖς
543 1866 725 1954 πρέσβεσιν
742 1859 822 1934 οὐδὲ
823 1894 844 1935 ν
856 1863 1021 1954 μέτριουέ
1020 1891 1098 1984 χρη·

126 1959 262 2052 μότισε,
287 1966 622 2055 παρρησιασαμένους
642 1965 679 2035 δέ
701 1993 781 2048 τους
798 1965 861 2054 μέν
879 1971 996 2053 ἐδησε,
1020 1960 1098 2045 τούς

128 2063 167 2132 δδ
189 2061 371 2138 ἀπέκτεινε.
414 2069 483 2138 τω”υ
514 2067 553 2138 δέ
577 2066 747 2156 Ῥωμαίων
772 2063 919 2157 πόλεμον
949 2080 1098 2156 ψηφισα-

125 2166 239 2252 μένων
256 2166 342 2261 αὐτῇ
359 2171 556 2258 κατέπτηξε,
580 2171 637 2238 καί
653 2165 732 2250 τοός
748 2195 785 2238 τε
807 2168 1013 2258 σωζομένους
1030 2168 1099 2237 τοῖν
1111 2197 1137 2238 ω

127 2271 305 2358 πρέσβεων
331 2267 523 2341 ἀποδώσειν
551 2267 714 2359 ὑπέσχετο
744 2271 802 2339 καί
830 2269 907 2351 τοὺς
929 2267 1098 2350 θανόντας

11 2451 19 2458 .
92 2372 244 2459 Βέλεμευ
261 2367 328 2441 ὑπὸ
347 2374 480 2460 ληστων
502 2377 746 2460 πεφονεῦσθαι.
782 2376 851 2442 τεόν
877 2371 916 2441 δέ
928 2364 1099 2458 Ῥωμαίων

126 2471 204 2553 τοός
228 2465 422 2564 αὐτόχειρας
447 2474 714 2563 ἐξαιτησομένων
736 2468 813 2544 οὔτε
839 2470 914 2543 τινόι
939 2469 1099 2543 ἐκδώσειν

128 2576 193 2662 ἐφη
224 2574 280 2642 καὶ
310 2573 366 2642 ἐπὶ
397 2571 459 2664 την
479 2569 597 2646 Ἴσσαν
629 2580 753 2646 ἔστειλε
785 2571 982 2665 στράτευμα.
1028 2571 1099 2642 εἶτα

25 2685 130 2740 w1168
139 2665 240 2756 αὖθις
259 2680 398 2746 δείσασα
421 2673 618 2767 Δημητριόν
641 2704 717 2747 τιυα
739 2674 821 2767 πρὸς
851 2673 928 2757 τοὺς
951 2669 1099 2756 ὑπάτους
1111 2699 1139 2742 τε

128 2783 295 2866 ἐπεμψεν,
314 2775 358 2860 ιός
378 2779 492 2868 ἑτοίμη
510 2776 592 2868 πρὸς
606 2780 675 2848 ποῖν
687 2772 878 2848 ὑπακοῦσαι
895 2773 1016 2847 αότοδν.
1043 2777 1100 2846 καὶ

128 2881 274 2950 σπουδαὶ
291 2877 374 2970 πρὸς
391 2877 451 2949 τόν
468 2879 666 2969 πεμφθέντα
691 2879 865 2968 ἐγένοντο,
889 2874 952 2967 τὴν
969 2879 1101 2967 Κέρκυ-

128 3009 193 3071 ραν
212 2977 326 3063 αότοῐς
344 2978 608 3072 παρασχόμενον.
643 2986 713 3051 τόν
740 2981 777 3050 δέ
801 2979 884 3071 πρὸς
907 2975 969 3068 την
994 2985 1101 3068 νῆσον

128 3085 390 3173 περαιωθέντων
403 3080 637 3174 ἆνεθοόρσησευ
650 3072 770 3171 αὖθις,
788 3078 843 3152 οία
860 3079 949 3172 μονὴ
966 3079 1101 3171 κου’φηυ

129 3188 251 3273 ἔχουσα
274 3181 413 3273 μνοόμηυ
437 3186 493 3258 καὶ
518 3180 760 3276 εὐμετάβολον,
785 3185 842 3254 καὶ
866 3183 949 3275 πρός
965 3177 1101 3254 Ἐπίδα-
1114 3209 1141 3252 ω

128 3312 215 3372 μνον
237 3286 295 3354 καί
315 3280 542 3356 Ἀπολλωνίαν
567 3288 728 3376 ἐξέπεμψε
751 3283 919 3377 στρατιάν.
968 3287 1037 3356 τῶν
1063 3285 1101 3355 δὲ

124 3379 295 3474 Ῥωμαίων
312 3385 370 3468 τὰς
387 3383 500 3468 πόλεις
522 3414 559 3458 τε
577 3389 776 3478 ρυσαμένων
799 3389 856 3460 καί
879 3395 980 3460 πλοῖα
999 3383 1101 3476 αὐτῆς
