2586 3800
205 153 248 217 74
516 155 587 204 mss.
601 155 650 205 ιιι.
669 154 747 208 off.
760 155 863 205 xxm.

1189 127 1287 304 Ῡι

205 297 366 384 φέροντες
394 300 455 382 τῆς
486 297 585 382 σφῶν
612 293 915 384 παραπολαύοντας
941 291 1176 384 μητροπόλεως

204 394 326 477 ἄλλους
349 394 452 484 ὁρᾶν,
476 392 637 484 Ἕλληνες
661 392 726 484 γάρ
745 397 782 466 έν
799 393 884 486 αὐτῇ
902 404 1176 488 κατῳκίσθησαν,

204 498 288 589 μηδὲ
313 496 463 580 ξενικούς
486 499 645 586 τιμάσθω
667 497 770 576 θεούς
793 500 831 570 έν
855 493 942 588 αὐτῇ
966 493 1175 587 ἀνεχόμενοι,

205 603 267 681 ἕως
290 599 354 689 μδν
373 597 548 690 Ἀδριανός
571 595 661 688 παρά
680 625 717 667 τε
734 601 774 688 τῇ
792 597 955 693 Αίγύπτφ
973 599 1088 689 καλιῇ
1105 610 1177 670 Συ·

204 708 262 794 ρίμ
280 701 461 789 διέτριβεν,
483 695 632 789 ἠρέμουν
650 697 927 790 διευλαβούμευοι
945 703 1018 771 ἐπεὶ
1036 697 1068 768 δ’
1090 703 1204 786 ἐκεῖ-ε

204 815 270 874 θεν
283 796 428 892 άπῆλθε,
445 799 486 871 τά
498 828 535 871 τε
546 807 607 890 τῆς
618 799 728 892 χιόρας
742 803 898 891 ἐπίκαιρα
910 799 1177 891 κατελάμβανον,

204 899 255 976 ἵν’
274 908 384 994 ἔχοιεν
401 900 486 974 αὐτοὶ
499 897 693 994 ὁρμητήρια,
711 903 769 972 καί
781 902 889 973 πολλά
902 902 980 985 τούς
993 901 1178 992 Ῥωμαίους

206 1002 380 1076 ἐκάκωσαν
397 1001 509 1097 λάθρα
526 1032 562 1075 τε
579 1006 636 1074 καί
653 1001 872 1094 ἀναφανδόν,
889 1007 959 1076 τοῖν
975 1033 1011 1076 τε
1028 1003 1177 1075 άπαντα-

205 1113 268 1197 χού
284 1103 347 1196 γῆς
366 1101 541 1178 Ἰουδαίων
557 1103 746 1178 συνιόντων
764 1108 833 1176 έκεῑ
850 1109 908 1178 καί
924 1109 1059 1178 πολλῶν
1075 1103 1179 1176 ἂλλο-

205 1206 324 1297 φύλων
347 1215 445 1296 ἔρωτι
467 1209 609 1299 κέρδους
632 1207 971 1298 σννεπικουρούντων
996 1203 1119 1289 αὐτοῖς.
1155 1205 1218 1282 διο

205 1312 319 1398 μέντοι
338 1309 511 1400 Ἀδριανὸς
533 1308 612 1390 τούς
636 1309 918 1398 ἐπιφανεστάτους
940 1312 1009 1381 των
1033 1331 1178 1399 στρατη-

104 1414 277 1500 ΡΙσοογύν
299 1425 369 1493 τοίς
389 1407 562 1492 Ἰουδαίοις
587 1408 772 1500 ἐπήγαγεν,
805 1400 854 1482 ὦν
877 1413 998 1501 ἐπῆρχε
1023 1411 1179 1499 Σευῆρος

201 1509 345 1596 Ἰούλιος.
380 1507 417 1594 δς
433 1509 517 1582 κατά
534 1509 707 1600 συστάδην
724 1519 911 1601 συμβαλεῖν
927 1527 996 1594 τοῖς
1015 1515 1178 1594 ἐναντίοις

205 1611 270 1685 οὐκ
287 1621 397 1704 ἔκρινε
413 1610 601 1704 σύμφορον,
619 1611 656 1683 τὸ
674 1617 804 1702 πλῆθος
821 1608 936 1684 αύτύν
949 1615 1005 1684 καί
1018 1613 1082 1702 τὴν
1091 1609 1178 1684 άπό-

205 1735 334 1804 γνωσιν
351 1710 609 1804 εὐλαβούμενος,
627 1721 753 1807 τροφῆς
771 1715 809 1785 δὲ
825 1719 914 1804 σφᾶς
930 1713 1101 1803 άπείργων
1118 1717 1177 1786 καὶ
1189 1746 1217 1787 ω

206 1821 430 1904 κατακλείων,
461 1821 530 1886 ἔστι
548 1811 581 1886 δ’
600 1806 643 1886 ού
659 1818 716 1886 καὶ
733 1812 799 1906 ὅπη
818 1815 962 1906 παράκοι
978 1817 1057 1898 τούς
1073 1837 1178 1905 στρα-

204 1911 324 1998 τιάτας
354 1924 486 2008 μοίραις
517 1913 630 1988 αύτιδν
660 1915 812 2008 ἐπάγων,
843 1917 1070 2010 χρονιώτερον
1087 1919 1177 2008 μέν,

205 2016 468 2110 ἀκινδυνότερον
500 2019 537 2090 δὲ
565 2017 602 2090 τὸ
626 2025 726 2101 ἔθνος
749 2014 864 2090 αύτοδν
890 2022 1040 2113 ἐξέτριψέ
1059 2047 1096 2090 τε
1118 2021 1177 2089 καί

207 2115 449 2212 ἐξετρύχωσευ,
480 2115 525 2203 άς
554 2125 676 2212 κομιδῇ
701 2127 901 2211 βραχίστονς
924 2124 1172 2212 περιγενέσθαι.

205 2220 352 2314 φρούρια
375 2223 439 2314 μὲν
461 2221 526 2312 γάρ
544 2218 659 2294 αύτιᾶν
675 2222 716 2292 τά
733 2228 872 2312 κρείττω
890 2221 1172 2312 πεντήκοντακα-
1186 2252 1216 2292 ιο

205 2321 457 2414 τεστράφησαν,
488 2326 597 2412 κῶμαι
624 2323 662 2394 δὲ
686 2324 785 2395 πέντε
807 2325 864 2394 καὶ
886 2319 1092 2414 ὀγδοήκοντα
1116 2319 1170 2394 ἐπ’

207 2428 395 2506 ένακοσίαις
424 2420 684 2508 ὀνομαστότατοι
714 2423 987 2516 κατεσκάφησαν·
1037 2423 1177 2515 ἀνδροῖν

207 2524 245 2594 δὲ
267 2523 429 2614 μυριάδες
453 2520 540 2594 ὀκτά
563 2527 620 2596 καί
644 2527 849 2618 πεντήκοντα
869 2531 906 2597 έν
922 2543 995 2612 ταῖς
1012 2533 1176 2614 καταδρο-

171 2638 284 2715 Βμαίς
302 2627 358 2696 καὶ
374 2639 448 2708 ταίς
465 2622 584 2716 μάχαις
603 2625 806 2718 ἐσφάγησαν.
848 2625 885 2698 τὸ
904 2629 942 2698 δὲ
958 2634 1177 2718 πλῆθοςτοῖν

206 2729 292 2820 λιμῷ
313 2729 369 2798 καὶ
393 2725 504 2810 νόσοις
522 2730 578 2798 καί
595 2731 678 2820 πυρὶ
695 2730 899 2820 φθαρέντων
914 2725 1176 2822 ἀνεξερεύνητον
1188 2758 1216 2798 εε

205 2827 373 2920 τυγχάνον
389 2827 452 2901 οὐκ
469 2835 644 2919 ἔγνωσται,
660 2827 747 2901 ὥστε
759 2836 870 2902 πάσαν
884 2830 1006 2922 σχεδὸν
1018 2827 1081 2920 τὴν
1094 2826 1177 2902 ’Iov-

208 2933 308 3002 δαίαν
331 2933 557 3024 ἐρημωθῆναι,
594 2927 614 3002 δ
636 2933 693 3002 καὶ
718 2931 782 3020 πρὸ
806 2935 865 3003 τοῦ
889 2935 1036 3024 πολέμου
1060 2929 1176 3013 αύτοίς

104 3031 415 3123 ινΙιεολσνμβόλοις
439 3035 507 3104 τισὶ
528 3031 564 3104 τδ
588 3045 687 3104 θείου
712 3036 862 3122 ἐνέφηνε.
898 3032 936 3105 τά
958 3061 995 3104 τε
1011 3031 1075 3125 γάρ
1091 3061 1176 3123 μνη·

205 3149 301 3222 μεῖον
317 3141 378 3205 τοῦ
396 3139 616 3226 Σολομῶντος
634 3137 666 3218 ἐξ
684 3130 843 3224 ούδεμιάς
861 3133 964 3226 δήλης
981 3141 1090 3218 αίτίας
1108 3140 1176 3206 διε·

205 3232 296 3323 λύθη
313 3262 349 3304 τε
367 3237 422 3305 καὶ
440 3238 617 3325 συνέπεσε,
636 3237 693 3306 καί
710 3233 807 3308 λύκοι
823 3238 880 3308 καὶ
892 3234 1009 3308 ὕαιναι
1021 3245 1175 3308 πλεῖσται
1188 3263 1219 3304 σο

207 3339 254 3412 είς
271 3331 329 3415 τάς
346 3336 458 3416 πόλεις
476 3334 587 3406 αὐτῶν
606 3340 798 3410 εἰσέπιπτον
816 3335 1013 3430 ὠρυόμενοι.
1056 3337 1174 3409 πολλοὶ

205 3427 318 3516 μέντοι
336 3437 392 3504 καὶ
404 3431 556 3524 Ῥωμαῖοι
572 3435 646 3510 τότε
662 3435 848 3529 δπάλοντο,
862 3435 954 3511 ’ὥστε
971 3442 1028 3510 καὶ
1043 3435 1185 3532 ’Λάραν--
1286 3469 1287 3474 ’
