2510 3834
426 170 498 222 LIB.
511 169 559 221 VI.
578 169 655 222 CAP.
668 171 719 222 111.
732 171 779 224 lv.
1049 171 1087 234 11

123 329 218 382 κνυσι
236 305 297 378 τόν
314 311 374 378 τοῦ
395 314 503 398 Φαβί,
527 311 583 378 καί
599 311 718 380 τοῦτον
737 309 774 379 δὲ
791 307 997 398 μεταστήσας
1014 307 1087 400 μετ’

121 409 160 482 οὐ
177 407 266 480 πολύ
279 406 434 499 Ἐλεάζαρ
452 414 498 503 τῷ
514 415 575 480 τοῦ
583 405 688 485 ’Ἅννα
702 413 768 504 υίῷ
779 409 938 501 ἀπονέμει
953 410 1016 501 τὴν
1028 414 1091 482 τοῦ
1177 425 1179 430 ’

122 516 278 602 ἱερᾶσθαι
301 509 419 599 τιμήν,
450 512 506 581 καί
530 509 601 600 μετ’
629 509 785 583 ἐνιαυτόν
811 507 1001 602 ἀντεισάγει
1024 520 1088 584 Σί-

121 642 214 703 μωνα
230 611 290 682 τόν
307 619 477 701 Καμίθου.
514 613 571 682 καί
595 611 702 706 τούτῳ
724 611 783 684 τὸν
807 625 881 686 ἰσον
901 612 1023 706 χρόνον
1041 620 1121 684 ἰε·1)

2 721 8 744 “
100 715 298 807 ερασαμένμ
312 710 434 802 Ἰωσὴφ
452 708 471 784 ό
488 711 645 803 Καϊάφας
664 713 819 804 διάδοχος
836 703 890 805 ἦν.

198 815 263 883 Καί
280 809 410 902 Γράτος
428 815 483 884 ἰπί
501 815 622 884 ἕνδεκα
640 821 697 904 ἔτη
714 819 773 904 τῆς
792 814 955 898 Ἰουδαίας
973 813 1121 907 άρξας,4

123 917 176 986 καί
199 921 305 986 ταῦτα
328 913 473 1003 πράξας,
499 922 545 998 εἰς
565 910 692 1005 Ῥιόμην
714 915 969 1008 δπανεχοόρησε·
998 916 1088 989 Πόν-

5 1074 9 1109 ,
119 1046 184 1098 τιος
202 1014 233 1086 δ’
255 1005 318 1106 ἧκε
334 1015 482 1099 Πιλάτος
499 1016 561 1106 τὴν
579 1015 760 1108 ἡγεμονίαν
777 1014 1031 1109 άναδεξάμενος.
1069 1017 1087 1090 ό

5 1146 9 1157 ·
121 1119 158 1188 δὲ
174 1115 353 1206 τετράρχης
367 1112 518 1208 Ἡρώδης
536 1125 633 1207 φίλος
650 1123 696 1213 τῷ
716 1125 860 1214 Τιβερίῳ
876 1127 1088 1210 χρηματίζων

84 1247 107 1288 ιο
119 1218 183 1308 πρό
200 1223 261 1307 τῆς
278 1214 398 1308 άρχῆς,
420 1224 594 1308 οἰκοδομεῖ
608 1218 691 1309 μετά
707 1217 770 1309 τὴν
786 1228 972 1312 μοναρχίαν
988 1221 1088 1292 πόλιν

3 570 8 711 ἰ

117 1317 207 1414 αὐτῷ
226 1317 406 1410 ἐπιόνυμον
424 1323 460 1392 ἐν
479 1323 521 1410 τῇ
533 1328 697 1414 Γαλιλαίᾳ
717 1323 830 1412 ἐπίτῂ
848 1329 948 1412 λίμνη
961 1330 1087 1412 Γεννη-

1 1473 2 1480 1
117 1425 239 1512 σαρίτ,
262 1419 443 1512 Τιβεριάδα
460 1423 604 1504 καλέσας
622 1420 740 1510 αὐτήν.
777 1420 921 1504 Πιλάτος
941 1423 977 1492 δὲ
990 1443 1088 1512 στρα-

114 1521 192 1593 τεάν
227 1524 265 1592 ἐκ
295 1529 498 1614 Καισαρείας
532 1521 745 1615 μεθιδράσας
776 1529 1016 1614 χειμαδιοῦσαν
1051 1525 1089 1594 ἐν

112 1621 372 1713 Ἱεροσολύμοις,
404 1631 548 1714 σημαίας
579 1631 626 1707 εἰς
656 1621 720 1712 τὴν
750 1623 850 1696 πόλιν
879 1619 948 1696 άπὸ
978 1622 1088 1696 νάκτα

79 1751 104 1791 ιι
118 1722 296 1813 εἰσήγαγεν
319 1722 451 1807 εἰκόνας
476 1722 615 1814 ἐχούσας
638 1732 826 1817 Καίσαρος,
858 1723 1086 1816 ἀπαγορεύον-

114 1855 168 1908 τος
182 1824 361 1909 Ἰουδαίοις
378 1830 438 1898 τοῦ
451 1824 557 1916 νόμον
572 1825 703 1911 εἰκόνας
717 1835 813 1918 ἔχειν.
843 1831 915 1900 ἐπεὶ
930 1824 964 1898 δ’
981 1825 1188 1917 &mi-1³12&

115 1939 183 2016 σθη
205 1926 244 1996 τό
269 1930 523 2016 πεπραγμένον,
554 1931 684 2018 πλῆθος
707 1925 863 2025 ιόρμησεν
890 1937 938 2012 εἰς
962 1926 1086 2000 Καισά-

114 2057 209 2116 ρειαν
233 2026 436 2118 αἰτούμενον
459 2028 613 2118 τὴντῶν
638 2028 781 2100 εἰκόνων
804 2028 1003 2118 μετάθεσιν,
1029 2031 1086 2100 καὶ

114 2131 351 2220 τενθημέρονς
369 2134 510 2213 ἱκετείας
529 2129 586 2200 διὰ
602 2135 701 2201 τοῦτο
719 2137 911 2217 πεποίηντο.
942 2125 987 2218 μὴ
1006 2149 1087 2216 συν

1 2297 2 2302 ,
76 2234 306 2320 ιοχωροῦντος
331 2231 368 2300 δὲ
392 2228 555 2320 Πιλάτου,
581 2229 625 2312 ὥς
650 2233 812 2300 ἐντεῦθεν
831 2234 940 2316 δῆθεν
957 2225 1088 2318 ὑβριζο-

1 2346 2 2422 ξ
114 2333 220 2421 μόνον
237 2337 299 2402 τοῦ
316 2337 503 2422 Καίσαρος,
529 2334 601 2403 ἐπεὶ
617 2331 655 2402 τό
674 2337 804 2420 πλῆθος
828 2327 892 2400 οὐκ
908 2328 996 2402 άνίει
1014 2327 1087 2401 δεό-

1 2439 2 2534 λ
115 2461 233 2522 μενον,
247 2429 331 2503 κατά
343 2432 406 2521 την
420 2435 520 2522 ἕκτην
532 2431 661 2522 ἡμέραν
674 2430 875 2522 περιστήσας
884 2427 1087 2522 στρατιώτας

1 2583 3 2604 ι
117 2531 283 2615 ἐνόπλους
300 2541 420 2623 σφίσιν
443 2533 574 2622 ἠπείλει
595 2531 764 2623 θάνατον,
788 2533 881 2623 εἰμὴ
904 2532 1088 2606 παύσοιντο

1 2625 2 2684 3
115 2642 312 2725 θορυβεῖν,
332 2639 368 2706 οἰ
383 2635 420 2706 δὲ
438 2651 576 2726 πρηνεῖς
599 2633 843 2724 καταβαλόντες
860 2634 1000 2716 ἑαυτοὺς
1022 2630 1089 2706 σάν

1 2741 2 2814 ξ
65 2759 76 2798 ι
119 2733 229 2826 ἡδονῇ
247 2738 409 2820 δέξασθαι
425 2734 484 2807 τόν
500 2735 651 2808 θάνατον
673 2744 798 2825 ἔλεγον.
834 2739 890 2806 καί
907 2733 1087 2825 θαυμάσας

1 2834 2 2850 ³
111 2835 262 2918 Πιλάτος
279 2834 317 2906 τό
333 2854 493 2925 γενναῖον
510 2837 623 2909 αὐτῶν
640 2841 697 2908 καί
714 2836 894 2928 πρόθυμον
913 2839 967 2906 ίπί
985 2833 1088 2924 τηρή-

1 2957 2 2972 ³
112 2957 167 3008 σει
184 2941 255 3008 τοῖν
267 2935 392 3026 νόμον,
411 2945 611 3031 παραχρῆμα
625 2939 683 3021 τάς
698 2936 829 3020 εἰκόνας
848 2933 1089 3026 ἐπανεκόμισεν

113 3046 165 3120 εἰς
183 3037 401 3129 Καισάρειαν.

1 3321 2 3337 ,
185 3270 257 3335 Cap.
276 3271 300 3320 4.
324 3271 437 3336 Iosephi
453 3270 517 3324 Ant.
534 3273 579 3334 81,
599 3273 628 3336 2,
646 3272 670 3332 ἕ.
687 3273 776 3328 2-3,
795 3273 818 3332 β.
838 3275 868 3334 3,
887 3271 958 3321 liber
975 3272 1009 3322 de
1028 3273 1091 3320 uni-

1 3379 2 3385 ,
115 3339 259 3389 venitate
272 3351 376 3401 rerum,
397 3338 477 3388 euius
493 3339 679 3404 fragmentum
697 3339 785 3391 edidit
800 3337 892 3388 David
903 3336 1089 3390 Hoeschelius

116 3405 149 3454 in
160 3405 236 3456 notis
256 3405 292 3456 εδ
309 3405 402 3456 Ρλιοιίἰ
413 3405 616 3458 Bibliothecam
633 3407 712 3466 1601,
731 3421 757 3469 p.
771 3405 820 3456 923
839 3403 964 3468 (Iosephi
980 3403 1032 3461 op.
1047 3401 1092 3448 ed.

117 3470 245 3524 Ηετετο.
260 3473 303 3536 11,
316 3474 346 3536 2,
359 3489 385 3538 ρ.
398 3474 470 3536 146.)
1076 3523 1079 3530 ,
