2580 3816
227 137 290 203 256
536 117 618 192 un.
638 137 711 188 ειν.
730 136 809 189 τεο.
827 137 864 189 11.

225 278 285 361 τὰς
302 277 498 367 ὑποσχέσεις
520 283 692 364 πεποίητο,
714 278 771 346 καὶ
788 275 809 365 ή
828 277 1014 366 σύγκλητος
1032 276 1070 346 δὲ
1085 283 1202 366 βαρυ-

226 383 352 471 νομένη
368 377 432 450 τδν
448 385 651 450 Βασιλίσκον
668 377 724 446 διδ
741 377 803 466 τήν
826 386 950 449 κακίαν
968 375 1075 448 αὐτοῦ
1095 384 1201 467 ἔγρα-

227 499 270 565 ψε
288 497 358 562 τοῖς
386 481 573 572 εἰρημένοις
590 478 736 570 ἀνδράσι
753 478 793 549 τοὶ
811 477 893 572 παρ’
915 483 1045 550 ἐκείνου
1065 479 1200 569 δρῶμε-

226 613 289 671 να,
307 584 514 672 προσέθεντο
527 585 575 674 τῷ
589 581 735 670 Ζήνωνι,
753 581 812 650 καὶ
828 578 905 651 αἰντὶ
917 588 1088 670 πολεμίων
1106 587 1202 668 φίλοι

200 684 319 778 Δαὐτῷ
344 683 503 772 γεγόνασι
526 683 584 751 καὶ
609 683 797 771 συνέριθοι
823 684 884 752 καὶ
908 683 1067 772 λαβόντες
1092 680 1226 754 αὐτδντ

119 841 123 844 -
229 785 431 877 ἐπανῄεσαν.
466 782 549 854 ὅδὲ
566 791 766 866 Βασιλίσκος
786 782 963 874 Ἀρμιίτιον
984 783 1047 856 ,τόν
1072 789 1202 854 οἰκεῖον
1255 773 1279 904 1

228 884 370 971 ῶνεψιδν
387 885 469 976 μετὰ
488 891 559 955 τῶν
573 891 754 977 Θρᾳκικῶν
771 885 951 976 ταγμάτων
969 887 1099 956 στέλλει
1116 884 1201 956 κατὰ

227 995 289 1060 τοῦ
315 987 490 1075 Ζήνωνος·
525 987 583 1056 καὶ
606 985 643 1068 δς
667 987 880 1076 συναντήσας
905 983 1000 1082 αὐτῷ
1025 988 1104 1077 περὶ
1130 994 1202 1090 Nl·
1278 1003 1279 1006 ’

228 1118 339 1177 καιαν,
363 1089 420 1158 καὶ
442 1087 610 1180 χρήμασιν
634 1085 861 1181 ῶποφθαρείς,
884 1087 969 1180 πρὸς
993 1088 1032 1158 δὲ
1056 1103 1128 1171 τοις
1145 1089 1204 1158 καὶ
1276 1079 1279 1164 ἰ

227 1188 408 1280 ὑποσχέσει
431 1196 493 1261 τοῦ
511 1196 667 1281 Καίσαρα
694 1197 881 1280 στεφθῆναι
904 1189 965 1261 τδν
989 1187 1069 1260 υίδν
1094 1185 1202 1260 αὐτοῦ
1217 1220 1239 1259 ιο

195 1297 444 1379 ΟΒασιλίσκον,
469 1297 516 1385 τῷ
536 1291 670 1380 Ζήνωνι
693 1307 893 1382 προσχωρετ.
928 1289 1120 1363 κάντεῦθεν
1145 1294 1201 1360 έλ-

229 1394 307 1465 θῶν
332 1400 380 1475 είς
403 1391 466 1482 τήν
489 1390 896 1463 Κωνσταντινοήπολιυὸ
924 1391 1046 1481 Ζήνων
1078 1393 1205 1480 ἐδέχθη

229 1493 300 1567 ὑπό
321 1523 358 1565 τε
383 1499 442 1583 τῆς
460 1494 652 1584 συγκλήτου
670 1495 807 1589 καὶτοῦ
824 1501 918 1564 λαοῦ.
950 1496 1008 1563 καὶ
1026 1491 1044 1566 ὁ
1061 1501 1201 1565 Βασιλι-

231 1619 310 1678 σκος
332 1603 374 1687 τῆ
401 1597 559 1688 ἐκκλησία
583 1597 821 1684 προσπίφευγε
844 1595 926 1685 μετὰ
955 1601 1014 1684 τῆς
1040 1594 1206 1683 γυναικὸς

232 1700 383 1768 καὶτῶν
406 1702 550 1784 παίδων,
575 1696 660 1766 ὅθεν
685 1699 807 1785 ἐξῆλθε
829 1703 1062 1786 πληροφορίαν
1087 1695 1244 1784 λαβῶνιε
1277 1763 1279 1784 ,

235 1799 280 1880 ῶς
303 1796 345 1868 οὐ
372 1797 613 1886 στερηθήσεται
635 1803 695 1886 τῆς
718 1804 811 1887 ζωῆς.
846 1800 903 1868 καὶ
927 1796 1134 1888 ἀπήχθησαν
1159 1808 1207 1878 είς
1277 1791 1279 1858 j

232 1927 264 1970 τι
281 1898 460 1990 φρούριον,
475 1904 561 1969 ἔνθα
574 1899 704 1987 λέγεται
716 1905 764 1981 είς
777 1899 911 1992 πύργον
922 1905 1210 1989 κατακλεισθῆναι

235 2000 302 2071 σῶν
326 2013 398 2080 τοῖς
421 2000 595 2088 φιλτάτοις
621 2001 679 2070 καὶ
711 2005 944 2092 διαφθαρῆναι
967 2007 1063 2095 λιμῶ.
1100 2004 1210 2091 ἕτεροι

235 2103 274 2172 δδ
296 2099 518 2192 ἀναιρεθῆναι
540 2101 666 2183 αὐτούς
691 2104 729 2172 έν
751 2108 799 2197 τῷ
823 2098 1015 2191 ἐπείγεσθαι
1037 2105 1207 2190 λέγουσιν.

232 2202 251 2274 ὁ
272 2203 395 2292 Ζήνων
418 2203 457 2274 δὲ
480 2205 537 2274 καὶ
553 2205 617 2294 τήν
636 2205 758 2273 ἑαυτοῦ
776 2203 950 2294 πενθερᾶυ
966 2201 1029 2293 τήν
1046 2209 1210 2294 βασιλίδα
1222 2232 1245 2272 ιι

231 2313 385 2396 Βηρίναν
403 2304 570 2396 έξῶρισεν.
606 2302 625 2376 ὁ
643 2310 732 2392 γοῦν
745 2313 942 2388 Βασιλίσιιος
960 2317 1027 2376 εἴτε
1046 2303 1091 2387 ῶς
1112 2316 1212 2396 είρη-

231 2435 284 2476 ται
309 2404 369 2476 εἴτ’
398 2402 508 2486 ἄλλως
534 2407 589 2475 ἐπὶ
612 2406 677 2475 δύο
693 2404 908 2498 τυραννήσας
928 2405 1106 2488 ἐνιαυτούς
1125 2407 1215 2477 διῶ-

233 2516 317 2575 λετο.
353 2497 396 2576 οὗ
410 2511 623 2604 «κρατοῦντος
650 2508 842 2598 ἐμπρησμδς
867 2511 904 2579 έν
922 2517 1216 2580 Κωνσταντινου-

198 2619 224 2668 D
234 2605 330 2676 πόλει
347 2607 478 2694 ἐγένετο
495 2607 660 2698 μέγιστος,
675 2611 711 2677 ἐκ
723 2615 792 2678 τῶν
804 2616 1084 2701 Χαλκοπρατείων
1102 2607 1218 2700 ἀρξά-

232 2734 333 2798 μενος
357 2707 415 2776 καί
437 2705 550 2780 πάντα
573 2709 614 2779 τδι
637 2715 785 2800 προσεχῆ
810 2710 940 2792 τούτοις
964 2711 1128 2801 νεμηθεὶς
1152 2713 1249 2782 καὶτ

234 2807 491 2901 ἄποτεφρῶσας,
509 2811 569 2892 τάς
585 2837 621 2881 τε
637 2817 709 2880 τῶν
726 2816 899 2900 δημοσίων
916 2817 1085 2882 πλατειῶν
1106 2813 1221 2897 στοὰς

233 2910 366 2992 καὶτὰς
384 2909 504 2993 αὐταῖς
523 2911 731 3001 ἐπικειμένας
748 2913 938 3004 οἰκοδομάς,
957 2911 1044 2983 ἄλλα
1062 2912 1136 3002 μήν
1155 2917 1222 2986 καὶ

233 3009 342 3101 αὐτήν
366 3012 430 3101 τήν
453 3013 877 3104 κεκλημέυηνΒασιλικήν,
903 3012 983 3084 καθ’
1002 3011 1047 3102 ῆν
1071 3016 1133 3084 καὶ
1159 3024 1223 3106 βι-

232 3111 399 3202 βλιοθήκη
424 3112 585 3204 ἐτύγχανε
609 3114 741 3184 δῶδεκα
763 3113 931 3206 μυριάδας
953 3120 1098 3204 βιβλίον
1122 3115 1225 3191 ἄπο-

233 3213 397 3300 κειμέαωυ
415 3217 453 3284 έν
470 3213 557 3306 αὐτή
577 3221 716 3305 ἔχουσα·
749 3218 787 3286 έν
804 3212 855 3299 οἷς
873 3215 1105 3308 ἄναγρῶφεται
1122 3217 1255 3294 dvm

233 3311 291 3378 καὶ
309 3312 491 3402 δράκοντος
509 3321 657 3407 ἔντερον,
679 3316 806 3406 μήκους
823 3315 864 3389 ὃν
881 3323 998 3389 ποδῶν
1016 3319 1142 3390 ἕκατδν
1166 3335 1228 3395 ετ-

234 3425 342 3496 nom,
361 3418 440 3500 ἔχον
457 3417 709 3509 ἐγγεγραμμένα
726 3433 866 3509 χρυσοῖς
891 3420 1063 3513 γράμμασι
1087 3420 1131 3492 τῶ
1151 3433 1227 3498 τοῦ
