2510 3834
202 161 244 226 ω
542 163 914 229 mmmm..

167 303 414 394 Βὲκατέρωθεν
437 309 578 374 ἔπαυσε·
615 305 671 372 καὶ
695 301 731 372 τὸ
755 318 863 392 τεῖχος
886 300 953 372 ὑπὸ
971 304 1040 372 τών
1063 307 1164 392 κριών
1246 313 1247 316 ’

201 405 370 476 σαλευθὲν
387 402 459 474 κατ’
481 400 588 494 αὐτὴν
607 408 781 493 αἰφνίδιον
798 410 1035 494 κατερείπεται.
1065 401 1163 494 ώφθη

203 502 239 576 δ’
259 503 340 576 ἀλλο
356 521 464 595 τεῖχος
481 503 785 600 ἀνῳκοδομημένον
804 502 915 593 έντός,
933 499 955 574 5
972 505 1034 593 τὴν
1052 507 1106 576 ἐπὶ
1118 509 1164 600 τῷ
1246 501 1247 512 ’

201 605 339 679 πεσόντι
356 605 464 697 χαράν
475 624 544 689 τοῖς
552 604 725 696 Ῥωμαίοις
743 612 791 688 είς
809 604 962 696 ἀθυμίαν
975 607 1163 696 μετέβαλεν.

202 707 219 779 ὁ
248 716 343 790 Τίτος
373 709 411 778 δὲ
435 725 504 790 τοίς
529 705 743 799 στρατιώταις
768 709 958 797 διαλεχθεὶς
990 706 1188 800 έπήγειρενε

202 806 315 882 αὐτῶν
344 807 384 880 τά
414 807 620 899 φρονήματα.
661 815 721 878 καί
747 837 796 890 τις
826 805 892 878 ἀπὸ
919 817 1050 899 Συρίας
1080 807 1164 905 ἀνὴρ

202 919 351 1000 Σαβῖνος
374 913 411 982 τδ
434 909 555 1000 ὄνομα,
580 909 667 1001 ὑπὲρ
690 916 748 998 τῆς
771 916 919 1000 κεφαλῆς
942 917 984 999 τῇ
1007 917 1085 1004 λαιᾷ
1107 911 1164 983 τὸν

201 1013 336 1103 θυρεὸν
347 1011 662 1102 ἐπανατεννάμενος,
687 1015 728 1102 τῇ
746 1014 839 1104 δεξιᾷ
857 1011 896 1081 δὲ
912 1010 949 1082 τὸ
967 1015 1063 1102 ξίφος
1080 1035 1165 1084 σπα-

202 1111 365 1204 σάμενος,
391 1116 446 1184 ἐπὶ
462 1113 499 1184 τὸ
516 1128 631 1236 τεῖχος
647 1109 888 1204 ἐχώρησενί
856 1139 990 1184 εποντο
1014 1115 1051 1186 δέ
1075 1110 1165 1209 αὐτῷ

200 1217 292 1285 καὶ”
271 1243 377 1307 ετεροι
390 1219 521 1305 ἕνδεκα,
539 1211 601 1337 τὴν
613 1211 778 1303 ἀνδρείαν
791 1211 1004 1304 ζηλώσαντες
1032 1220 1067 1286 οί
1080 1211 1112 1286 δ’
1128 1191 1164 1288 έν
1176 1241 1201 1282 ιι

200 1345 246 1410 τφ
231 1320 363 1407 τείχει
379 1313 611 1406 κατηκόντιζόν
628 1343 664 1388 τε
687 1313 810 1400 αάτοδς
834 1317 890 1386 καὶ
909 1318 1043 1404 βέλεσιν
1067 1324 1164 1406 έβαλ-

200 1387 278 1506 λδν,
303 1419 358 1488 καὶ
376 1425 496 1501 λίθους
513 1416 758 1508 ὑπερμεγέθεις
776 1414 926 1508 έκόλιον,
951 1417 997 1488 δι’
1025 1407 1075 1489 ών
1097 1422 1165 1542 ηών

201 1525 321 1590 ἕνδεκα
338 1518 579 1642 παρεσηίρησαν
601 1525 692 1594 ἔνιοι.
728 1513 805 1589 ὁδε
824 1527 973 1608 Σαβῖνος
990 1515 1031 1590 νδ
1049 1518 1164 1612 πρότε

201 1649 261 1710 ρον
285 1618 455 1710 ἐπέσχε
417 1649 480 1709 την
496 1615 604 1711 ὁρμὴν
628 1615 828 1709 ἢάνελθεῑν
854 1627 902 1704 είς
924 1621 961 1690 τὸ
984 1638 1091 1711 τεῖχος
1108 1623 1164 1692 καὶ
1207 1707 1212 1713 χ

199 1725 388 1811 τρέψασθαι
411 1719 490 1804 τοδς
512 1729 701 1811 πολεμίους.
736 1717 795 1791 ὅτε
812 1728 898 1809 γοῦν
922 1721 1081 1812 έκράτησε
1103 1727 1162 1812 τῆς
1177 1759 1203 1801 15

201 1820 434 1914 ἐπιχειρήσεως
441 1875 451 1910 ,
477 1819 604 1912 έσφάλη
622 1829 851 1914 προσπταίσας
874 1825 978 1918 πέτρᾳ
994 1831 1081 1912 τινί,
1108 1826 1164 1895 καί

104 2019 106 2022 Ι
200 1921 328 2016 πρηνὴς
353 1927 389 1994 έν
413 1920 501 2014 αὐτῇ
523 1923 604 2014 μετά
627 1922 740 2014 ψόφου
763 1927 832 1994 τών
854 1921 969 1996 ὅπλων
994 1927 1179 1998 κατέπεσε.’

166 2023 281 2116 οπρδς
294 2029 379 2114 γοῦν
396 2023 455 2098 τόν
468 2023 580 2115 ψόφον
600 2026 856 2117 ἐπιστραφέντες
874 2031 909 2096 oc
919 2025 1089 2116 Ἰουδαῖοι,
1109 2030 1166 2098 καί

73 2179 75 2186 ,
198 2125 304 2216 μόνον
326 2123 431 2198 αὐτόν
455 2125 583 2210 ἰδόντες
607 2129 662 2198 καὶ
680 2133 853 2217 κείμενον,
880 2133 1023 2217 ἔβαλλον
1040 2126 1165 2200 πάντο-

198 2241 271 2302 θεν.
305 2225 323 2300 5
343 2227 374 2298 δ’
397 2235 444 2310 είς
461 2227 546 2318 γόνυ
565 2229 745 2310 διαναστὰς
762 2225 924 2320 ἠμύνετο,
942 2229 1007 2301 ὑπὸ
1026 2230 1063 2300 δὲ
1081 2229 1164 2320 πλή-
1178 2266 1204 2308 20

197 2342 284 2412 θονς
301 2328 500 2420 τραυμάτων
516 2337 665 2420 παρείθη
682 2331 744 2418 τὴν
756 2325 879 2413 Ιδεξιοὶν
896 2335 953 2402 καὶ
966 2329 1165 2423 κατεχώσθη

198 2446 268 2512 τοῖς
285 2435 407 2518 βέλεσι.
434 2435 502 2502 τών
521 2432 558 2502 δέ
575 2438 702 2502 λοιπών
718 2446 809 2523 τρεῖς
826 2432 889 2520 μὲν
906 2429 973 2522 ἤδη
989 2431 1074 2526 πρὸς
1091 2447 1164 2514 τοίς

197 2529 311 2623 ἄκροις
323 2532 524 2621 γενομένους
538 2547 607 2616 τοίς
621 2539 731 2614 λίθοις
745 2528 963 2624 ἀπέκτειναν,
981 2539 1016 2604 οἱ
1028 2531 1061 2604 δ’
1076 2531 1165 2606 ὀκτώ

197 2639 395 2724 τραυματίαι
413 2632 496 2724 πρὸς
514 2633 550 2705 τὸ
568 2632 795 2726 στρατόπεδον
814 2637 1052 2726 ἐκομίσθησαν.

275 2731 371 2806 Μετά
389 2735 427 2806 δέ
442 2733 504 2806 δύο
523 2730 645 2828 ἡμέρας
658 2733 779 2818 νυκτός
792 2764 880 2820 τινες
899 2731 1008 2830 ἡσυχῇ
1023 2735 1079 2808 διά
1092 2743 1164 2810 τών
1180 2771 1208 2811 εε

198 2840 356 2929 ἐρειπίων
378 2843 435 2956 είς.
443 2835 506 2926 τὴν
521 2833 662 2909 Ἀντωνί
660 2867 703 2908 αν
723 2845 985 2930 προσβαίνουσι,
1009 2841 1065 2909 καὶ
1083 2839 1166 2924 τοὺς

8 2928 11 2972 ί
198 2942 268 3012 έκεί
282 2941 515 3031 φρουροῦντας
531 2936 784 3062 ἀποσφάξαντες
797 2942 1042 3031 κοιμωμένους,
1063 2939 1170 3013 έσοὶλ-

8 3013 14 3125 δ
197 3062 309 3112 πισαν.
345 3041 401 3110 καὶ
418 3037 512 3129 φυγὴ
529 3045 597 3112 τών
614 3037 726 3112 ἀλλων
744 3047 907 3168 φρουρών
924 3033 985 3132 ἦν,
1008 3050 1103 3125 Τίτος
1126 3041 1196 3114 δέ

8 3129 12 3194 ί
161 3140 277 3231 Βμετά
294 3143 363 3210 τών
387 3144 568 3212 ἐπιλέκτων
585 3137 708 3232 ἀνέβη,
734 3141 845 3212 καὶ
808 3171 848 3212 τα
866 3143 1016 3235 τάγματα
1040 3149 1166 3216 ειπετο.

8 3197 12 3300 5
195 3237 450 3314 τώνἸονδαίων
468 3244 506 3314 δὲ
522 3241 826 3333 καταπεφευγότων
849 3253 896 3326 είς
913 3242 951 3316 τό
970 3243 1078 3337 ίερόν,
1103 3248 1210 3318 καίεο

195 3347 231 3415 οί
251 3345 311 3414 τοῦ
333 3350 432 3414 Τίτου
457 3347 648 3418 εἰσέπιπτον
676 3341 732 3416 διά
748 3349 806 3434 τῆς
826 3344 1008 3439 διώρυγος,
1032 3342 1076 3436 ἣν
1092 3345 1167 3420 ὑπὸ

195 3442 234 3516 τά
257 3442 391 3535 χώματα
413 3448 481 3516 τών
498 3444 667 3536 Ῥωμαίων
691 3444 880 3537 ὑπώρυξαν.
930 3446 1166 3541 συρρήγνυται
