2510 3834
364 137 438 189 LIB.
450 137 499 191 VI.
519 137 598 188 OAP.
608 137 695 191 XXV.
707 137 806 190 XXVI.
1026 136 1062 200 71

99 289 219 367 χεσθαι
238 282 363 365 ἔλεγον.
401 271 479 346 οὔτε
503 276 541 346 δέ
558 280 769 366 παραδοῦναι
793 274 930 356 ἑαυτοὺς
946 274 1066 366 ὑπέμε-

98 407 160 450 νον
183 376 263 449 οὔτε
287 385 446 466 πολεμεῖν
466 372 634 467 Ῥωμαίοις
657 371 782 448 οἷοίτε
799 368 903 467 ἦσαν,
927 376 1170 453 σκιδνά-Ρ1304

5 539 7 544 .
97 508 193 569 μενοι
221 479 259 549 δέ
283 477 368 549 κατά
389 475 430 548 τά
454 485 646 571 ἔμπροσθεν
669 485 728 567 τῆς
752 475 897 567 πόλεως,
921 489 956 550 εί
976 508 1068 574 τινας

5 629 7 640 ·
100 576 302 671 αὐτομολεῖν
332 579 512 661 ἐθέλοντας
543 575 715 669 εὕρισκον,
746 577 969 670 ἀπέσφαττον.
1011 583 1069 652 καί

74 677 216 764 εοῦδελς
241 685 279 752 ἐν
296 685 338 772 τῇ
363 679 459 752 πόλει
481 679 581 763 τόπος
604 681 817 771 γεγύμνωτο,
844 679 917 752 ἀλλ’
938 679 1024 765 ἅπας
1047 677 1069 771 ἢ

105 787 204 872 λιμοῦ
223 782 345 874 νεκρὸν
370 781 459 872 εἶχεν
482 778 504 872 ἢ
528 781 684 864 στάσεως.
720 789 848 854 ἔθαλπε
872 781 911 854 δδ
932 781 1009 866 τοός
1033 811 1069 853 τε

103 881 288 974 τυράννους
306 886 362 976 καὶ
380 883 417 954 τὸ
434 881 500 955 σόν
517 879 631 968 αὐτοῖς
643 884 823 976 ληστριιιδν
840 886 931 966 ἐλπίς
950 881 1069 974 ἐσχάτη

98 990 170 1056 τῶν
186 983 379 1075 ὑπονόμων,
399 993 446 1067 είς
464 980 524 1068 069
542 992 572 1056 εί
589 983 832 1076 καταφόγοιον,
850 981 891 1056 06
909 984 1069 1072 προσεδό-

98 1115 172 1156 κων
186 1085 493 1176 ἐρευνηθήσεσθαι·
512 1084 765 1171 ἀναζευξάντων
778 1088 815 1158 δέ
826 1090 894 1158 τοῖν
901 1085 1070 1176 Ῥωμαίων

60 1219 86 1261 ιο
99 1185 277 1280 ἐθάρρουν
292 1196 474 1285 προελθεῖν
490 1215 527 1258 τε
544 1189 600 1257 καὶ
617 1186 813 1279 ἀποδρᾶναι.
846 1187 882 1258 τὸ
898 1189 936 1260 δέ
947 1177 991 1277 ἦν
1004 1185 1069 1278 ἄρα

97 1286 249 1378 ὄνειρος
279 1287 354 1360 οὔτε
378 1287 443 1380 γάρ
466 1287 526 1360 τόν
548 1287 634 1360 θεόν
656 1286 734 1360 οὔτε
753 1287 931 1378 Ῥωμαίους
955 1287 1070 1378 λήσειν

98 1397 255 1480 ἔμελλον.
290 1380 333 1516 ην
350 1391 387 1461 δέ
405 1393 461 1462 καί
478 1387 562 1480 πρός
579 1386 802 1479 άλλήλουςν
765 1393 802 1459 ἐν
814 1403 886 1472 ταῖς
904 1384 1071 1479 ἁρπαγαῖς

102 1491 247 1579 πόλεμος
272 1489 392 1574 αὐτοῖς.
434 1501 567 1582 Καίσαρ
593 1489 696 1580 δέ,“
673 1519 718 1572 ως
743 1486 919 1580 άμήχανον
943 1481 986 1578 ἦν
1008 1490 1070 1578 την

104 1619 179 1661 ανω
195 1589 293 1664 πόλιν
310 1595 399 1664 ἑλεῖν
415 1591 577 1682 χωμάτων
593 1589 685 1681 ἄτερ,
702 1581 811 1663 οὖσαν
829 1599 1068 1684 περίκρημνον,

63 1723 89 1766 ιο
105 1695 257 1782 διανέμει
273 1701 348 1776 τοῖς
361 1700 468 1782 ἔργοις
485 1722 548 1782 την
565 1692 718 1824 δύναμιν
1079 1703 1103 1754 Β

178 1793 276 1864 Κατά
293 1793 415 1877 ταύτας
432 1785 496 1866 οόν
519 1793 577 1876 τάς
594 1793 716 1886 ημέρας
733 1800 828 1866 οί
782 1823 851 1866 των
874 1791 1070 1886 Ἰδουμαίων
1080 1799 1122 1866 26

102 1893 266 1986 ἡγεμόνες
290 1897 477 1986 πέμψαντες
500 1893 626 1987 ἄνδρας
651 1898 750 1967 πέντε
774 1896 856 1987 πρὸς
879 1903 977 1970 Τίτον
1001 1896 1071 1966 ίκέ-

100 2023 204 2068 τευον
222 2001 343 2068 δοῦναι
368 1993 480 2080 αὐτοῖς
506 1999 626 2082 δεξιάν.
661 1996 679 2067 6
705 1999 742 2066 δέ
765 2001 820 2067 καὶ
845 1995 922 2080 τοδς
946 1995 1071 2086 τυράν-

102 2125 186 2180 νους
209 2097 374 2170 ἐνδώσειν
397 2103 532 2182 ἐλπίσας
555 2097 846 2168 ἀποσπασθέντων
869 2101 937 2167 τοῖν
963 2095 1071 2166 Ιδοο-
1140 2125 1142 2130 ’

65 2231 90 2274 ιο
102 2207 216 2288 μαίων
233 2197 410 2270 κατανεύει
426 2229 488 2304 την
505 2205 675 2291 σωτηρίαν
693 2192 909 2276 αὐτοῖςκαὶ
926 2189 1003 2266 όΣί
1000 2224 1073 2284 μων

103 2329 208 2390 γνους
224 2329 288 2390 την
311 2299 450 2391 γνάμην
467 2299 598 2389 αὐτῶν,
622 2295 701 2381 τοδς
717 2299 780 2388 μέν
802 2298 903 2367 πέντε
920 2295 1054 2377 τοδςν
1018 2299 1072 2366 έν

102 2400 266 2491 τυχόντας
283 2406 330 2495 τῷ
354 2410 440 2497 Τίτῳ
459 2398 580 2472 αὐτίκα
598 2397 741 2492 άναιρεί,
758 2397 841 2481 τοδς
856 2394 925 2468 δ”
908 2395 1072 2488 ηγεμόνας

103 2499 489 2593 συλλαβόνδιργνυσιν·
510 2501 719 2592 Ἰδουμαίους
734 2497 823 2572 δέ’
783 2529 846 2572 ουκ
859 2496 1072 2590 άφυλάκτους

105 2601 192 2696 εἶχε,
217 2604 324 2674 καὶ
291 2633 328 2675 το
346 2621 456 2728 τεῖχος
474 2619 640 2694 φρουραῖς
659 2603 921 2695 ἐπιμελεστέραις
939 2600 1072 2692 διελάμ-

70 2712 191 2793 ιοβανε
218 2703 275 2774 διὰ
297 2703 376 2788 τούς
400 2702 675 2829 αὐτομολοῦντας.
710 2712 845 2776 πολλῶν
867 2703 906 2776 δέ
928 2731 1071 2793 φονευο-

104 2810 237 2896 μένων,
262 2796 444 2890 πλείους
421 2828 508 2896 ησαν
526 2811 561 2877 oc
577 2804 826 2899 διαφεύγοντες.
861 2805 1106 2894 ἐδέχοντοο
1034 2804 1106 2877 δέο

105 2913 140 2978 οί
105 2906 314 2998 οΡωμαῐοι
337 2906 465 3034 πάντας
487 2906 577 3004 κόρςο
599 2913 660 2980 τοῦ
685 2915 830 2979 κτείνειν
852 2909 909 2976 καὶ
933 2906 1073 2994 κέρδους

105 3013 241 3080 ἐλπίδι.
273 3006 362 3091 τούς
381 3009 446 3100 γὰρ
471 3009 668 3099 δημοτικοδς
699 3013 818 3091 ἐόντες
849 3005 974 3097 μόνους
997 3002 1074 3090 τοός

103 3106 229 3192 ἄλλους
248 3108 402 3182 ἐποόλουν
419 3110 485 3182 σόν
502 3113 635 3201 γυναιξί
659 3111 715 3182 καὶ
733 3113 878 3198 τέκνοις,
902 3111 1073 3200 ἐλαχίστης

69 3239 93 3282 ιο
103 3240 202 3301 τιμης
222 3213 375 3301 εκαστον,
394 3211 450 3283 διά
467 3215 598 3300 πλῆθος
615 3216 684 3284 τοόν
696 3213 922 3301 πωλουμένων
936 3212 991 3284 καὶ
1005 3210 1075 3282 ὀλι-

174 3445 246 3512 Οιμ.
259 3447 303 3498 26.
327 3444 439 3510 Iosephi
450 3443 524 3498 Belli
534 3443 646 3496 Iudaici
657 3445 689 3508 6,
703 3443 732 3507 8,
746 3445 770 3507 5.
784 3445 868 3508 2··7‚
881 3445 910 3506 2,
928 3443 952 3504 ἓ.
965 3443 991 3492 5.
