2566 3800
424 130 495 182 ιιε.
515 121 689 185 Χιιιροεο.
708 133 730 182 1.
997 133 1058 196 173

2 317 3 320 ε
90 269 295 354 ἀντεπεξιοδν
307 286 377 352 τοῖς
392 277 628 361 πολιορκοῦσιν
642 268 757 360 αύτόν,
773 271 857 342 ὥστε
871 273 928 341 καὶ
941 273 1057 361 σκάμ-

90 401 178 466 ματα
195 371 269 442 κατ’
290 371 398 443 αύτού
412 379 616 461 πεποιῆσθαι
629 371 699 444 ύπό
711 401 822 444 τινων.
850 371 913 456 ὀψὲ
927 375 968 444 δέ
979 399 1058 446 ποτε

2 513 3 517 ’
91 473 385 565 ἀντιπαρετάξατο,
403 481 567 563 γοητείαις
580 477 783 565 κεχρημένος
796 475 853 544 καὶ
867 471 913 544 δι’
933 473 1057 544 ἀνατο-

90 583 155 669 μής
179 581 319 667 βρεφῶν
343 575 591 665 μαντευόμενος
615 577 672 647 καὶ
696 577 782 646 ἀλλα
799 575 956 666 πράττων
973 574 1058 646 ἀθέ-

64 704 179 770 εμιτα,
203 676 226 748 δι’
251 677 326 760 δέος
345 681 486 748 ἐνεποίει
509 684 556 771 τῷ
574 685 835 772 Κωνσταντίνμ.
871 676 1060 766 ἀγωνιάντι

89 787 178 870 γούν
204 778 261 849 διά
286 771 396 850 Ιταῦτα
422 779 526 860 τύπος
557 777 650 874 αύτῷ
682 779 859 870 σταυρικδς
891 778 1059 868 μεσούσης

89 882 216 973 ἡμέρας
242 877 284 950 δι’
307 878 459 972 ἀστέρων
477 878 586 970 ἐφάνη
609 879 683 950 κατ’
703 879 852 970 ούρανδν
868 881 926 950 καὶ
942 879 1092 971 γραφήΒ

2 1010 5 1036 ⁷
90 984 170 1071 περὶ
186 982 247 1053 τδν
265 982 417 1074 σταυρδν
430 981 624 1072 Ῥωμαϊκοϊς
642 989 825 1072 στοιχείοις,
843 979 886 1051 δι’
907 979 1059 1072 ἀστέρων

89 1085 148 1156 καὶ
156 1083 273 1165 αύτοϊς
285 1085 507 1174 τυπουμένοις
519 1085 577 1154 καὶ
589 1084 785 1175 φράζουσιν,
798 1083 956 1178 ἐντούτῳ
970 1089 1058 1154 νίκα.

2 1244 4 1248 ,
50 1216 77 1256 ιο
92 1191 129 1258 ἐκ
153 1191 284 1277 χρνσού
307 1194 427 1258 τοίνυν
451 1184 573 1256 αύτίιια
603 1185 780 1275 σχεδιάσας
804 1185 952 1276 σταυρὸν
975 1184 1059 1256 κατά

89 1289 152 1360 τδν
175 1287 327 1378 φανέντα
343 1287 454 1359 τύπον
471 1285 582 1381 αύτῷ,
607 1289 664 1356 καὶ
680 1293 802 1358 τούτου
819 1286 981 1368 κελεύσας
998 1293 1057 1375 τής

90 1395 247 1481 στρατιάς
265 1387 371 1462 αύτού
388 1390 670 1480 προπορεύεσθαι,
693 1403 764 1470 τοῖς
781 1394 844 1458 τού
863 1391 1057 1472 Μαξεντίον

91 1491 323 1584 συρρήγνυται
346 1493 405 1561 καὶ
426 1489 622 1583 ύπερτερεῖ,
658 1489 704 1572 ἀς
728 1489 807 1571 τούς
830 1496 968 1571 πλείους
990 1495 1059 1575 τοῖν

88 1591 150 1664 ὑπ’
178 1596 296 1687 ἐκείνῳ·
329 1593 603 1685 στρατευομένων
632 1591 872 1682 ἀναιρεθῆναι,
906 1590 986 1681 τούς
1021 1591 1059 1661 δὲ

49 1723 76 1766 τι
91 1694 229 1776 λοιπούς
249 1701 296 1776 εἰς
314 1693 431 1784 φυγήν
448 1692 592 1764 ἀπιδεῖν.
620 1690 671 1776 οἷς
689 1694 747 1764 καὶ
764 1691 867 1775 αύτδς
886 1691 903 1764 ὁ
919 1693 1057 1775 Μαξύν-

91 1825 161 1878 τιος
178 1795 516 1887 σνναποδιδράσκων,
534 1797 592 1864 καὶ
610 1799 648 1865 ἐν
664 1799 706 1886 πή
724 1795 860 1888 γεφύρᾳ
876 1794 1058 1885 γενόμενος

89 1905 152 1968 τού
175 1898 347 1988 Τιβέριδος
364 1904 408 1988 τῇ
426 1899 617 1988 καλουμένη
634 1903 798 1988 Βουλβίρι,
817 1896 884 1967 σύν
901 1903 949 1989 τῷ
966 1901 1058 1990 ἵππω

92 1998 176 2070 κατά
200 2005 262 2070 τού
286 2001 441 2088 ποταμού
464 2000 671 2086 ἐξωλίσθησε
693 1999 751 2066 καὶ
768 1993 928 2068 ἀπύλετο.
964 1994 1057 2068 καὶὸ

90 2101 154 2191 μὲν
171 2099 260 2171 οὕτω
279 2102 475 2190 διέφθαρτο.
511 2105 546 2170 οί
561 2101 603 2170 δέ
616 2127 655 2187 γε
668 2096 820 2188 Ῥωμαῖοι
841 2105 900 2185 τής
925 2099 1058 2168 ἐκείνου

24 2231 76 2272 -το
90 2207 293 2293 τυραννίδος
327 2200 577 2288 ἀπαλλαγέντες
605 2199 665 2282 τάς
702 2200 812 2280 πύλας
848 2205 908 2287 τής
936 2196 1059 2287 Ῥύμης

90 2303 360 2386 ἀναπετάσαντες
384 2305 593 2386 εἰσεδέξαντο
610 2300 671 2372 τὸν
688 2311 953 2372 Κωνσταντϊνον
970 2307 1091 2388 λαμ-ο

93 2412 199 2497 πράς,
217 2407 275 2476 καὶ
293 2403 338 2489 ὡς
357 2403 590 2495 ἐλευθερωτήν
608 2401 715 2474 αύτδν
732 2409 792 2492 τῆς
810 2402 940 2483 πόλεως
958 2399 1060 2490 εύφή-

90 2535 179 2597 μουν
196 2507 254 2576 καὶ
271 2504 525 2597 ἀπεσέμνυνον,
549 2507 607 2575 καὶ
630 2505 755 2594 στήλην
773 2500 866 2599 αύτῷ
885 2507 922 2574 ἐν
939 2509 982 2594 τῇ
1000 2509 1063 2592 τῆς.

89 2607 214 2698 Ῥύμης
238 2606 347 2700 ἀγορᾷ
373 2613 634 2696 στήσαικοινύς
660 2610 878 2697 ἐψηφίσαντο.
915 2603 990 2676 δδὲ
1019 2605 1057 2675 τύ

44 2737 78 2782 25
92 2715 155 2780 τού
178 2715 330 2800 σταυροῦ
355 2724 493 2798 σημεῖον
524 2709 815 2799 ἐγκεχαραγμένην
839 2706 903 2796 τήν
934 2708 1060 2796 στήλην

90 2809 200 2881 αύτού
224 2810 482 2900 πλασθήσεσθαι
499 2810 683 2892 διετάξατο·
709 2810 767 2878 Ικαὶ
784 2809 936 2896 δόγματα
956 2809 994 2878 δὲ
1012 2808 1056 2897 μή
1107 2883 1109 2890 ,

90 2913 289 2996 κολάζεσθαι
306 2910 359 2984 διά
379 2910 441 2999 τήν
458 2918 645 3001 θρησκείαν
661 2909 741 2991 τούς
758 2909 819 2979 τδν
833 2907 980 2997 Χριστὸν
998 2905 1162 2990 ‹vv-mm

89 3017 257 3102 βομένονς
282 3011 326 3095 οδς
348 3013 433 3083 θεδν
458 3012 705 3100 ἐκπεφώνηκεν.
741 3005 831 3079 οὕτω
856 3009 894 3078 δέ
916 3009 973 3079 καὶ
999 3013 1059 3097 τής

86 3113 230 3196 Ἰταλίας
254 3115 312 3184 καὶ
335 3120 395 3203 τής
409 3113 533 3203 Ῥύμης
552 3110 656 3201 αύτής
674 3117 917 3202 προστεθείσης
934 3117 976 3201 τῇ
994 3117 1058 3198 βα-

1 3275 5 3284 ,
42 3246 77 3287 εο
91 3223 200 3308 σιλείηι
224 3214 348 3304 αύτού,
372 3213 474 3296 αὐτός
497 3242 533 3285 τε
558 3215 616 3283 καὶ
634 3221 783 3294 Λικίνιος
807 3209 825 3283 ὁ
852 3209 904 3284 ἐπ’
926 3208 1058 3301 ἀδελφή
1128 3264 1129 3267 ,

90 3314 241 3408 γαμβρὸς
260 3313 366 3386 αύτού
384 3324 654 3405 κατελείφθησαν
672 3323 830 3403 βασιλεῖς.
866 3312 884 3384 ὁ
909 3313 976 3403 γάρ
995 3323 1058 3385 Λι-

90 3424 198 3500 κίνιος
214 3418 277 3488 τόν
293 3445 330 3487 τε
346 3419 409 3487 τού
422 3420 616 3507 Μαξιμίνου
633 3415 714 3488 υίδν
731 3418 788 3487 καὶ
804 3414 867 3506 τήν
883 3417 1059 3504 θυγατέρα
