2510 3834
190 158 233 224 30
501 155 573 211 LIB.
586 157 634 210 VI.
654 156 731 208 CAP.
745 155 779 206 X.
792 156 840 207 XI.
903 165 905 180 '

192 295 373 386 ποιήσομαι
396 311 465 378 τοῖς
489 323 524 366 τε
546 303 614 366 νῦν
634 298 690 365 καί
712 312 782 378 τοῖς
806 301 919 366 ἔπειτα
942 293 989 385 μὴ
1005 293 1157 386 ἀκυροῦν
1241 329 1242 332 ’

194 394 329 479 ἐντολὰς
351 393 622 487 αῦτοκρότορος.”
659 395 784 484 ταύτην
809 395 871 486 τὴν
895 393 1071 486 ἐπιστολὴν
1094 393 1158 469 οῦκ

193 506 283 590 ἔφθη
314 505 432 624 ζῦντορ
462 507 568 570 Γαίου
600 501 800 587 δεδεγμένος
829 497 1039 590 Πετρώνιος,
1071 495 1156 568 ιἰλλδ

192 599 355 724 πρότερον
388 599 430 670 τδι
463 602 541 690 περὶ
574 603 633 689 τῆς
669 605 799 672 ἐκείνου
834 604 989 688 τελευτῆς
1024 602 1156 684 ἐδέξατο

192 700 387 826 γράμματα,
409 699 530 772 καὶ”
490 730 576 773 ουτω
599 697 640 772 τῦ
662 701 745 793 πρὸς
767 696 871 772 αῦτδν
893 705 953 771 τοῦ
975 707 1090 772 Γαΐου.
1170 729 1184 770 ι
1242 715 1244 782 ᾗ

265 801 301 874 0
317 794 435 892 μὲν
396 832 458 876 ουν
471 801 571 885 Γάιος
587 800 741 926 κρίκιστος
758 802 905 925 γεγονός
919 799 1020 873 δι’λετο
1040 805 1073 886 ἐξ
1087 805 1158 872 ἐπι·

92 833 365 992 wl196606663'
347 908 570 997 ανηρημένος
578 903 649 975 τόν
668 905 704 974 66
720 903 845 1029 τρόπον
861 910 920 992 τῆς
938 932 1000 974 κατ
1004 900 1158 976 ’ἐκείνου
1240 969 1242 976 ,

158 1009 391 1094 οέπιβουλης,
415 1009 472 1076 καὶ
494 1004 585 1096 παρὰ
606 1013 710 1077 τίνων
731 1003 913 1097 ἀνῄρηται,
939 1003 995 1076 ὅτε
1019 1003 1059 1075 τδι
1081 1008 1158 1096 περὶ

194 1109 262 1176 των
279 1103 534 1198 αὐτοκρατόρων
551 1105 568 1178 6
583 1106 680 1196 λόγος
699 1110 835 1190 διέξεισι
853 1105 1054 1196 διηγήσεται.
1090 1101 1158 1196 ἤδη

168 1233 171 1240 ·
196 1208 234 1276 δέ
251 1211 452 1300 φθαρέντος,
470 1207 638 1290 Κλαύδιος
655 1206 882 1299 κρυπτόμενος
902 1207 957 1278 διὰ
970 1205 1079 1297 φόβον
1091 1205 1158 1278 ὑπὸ
1172 1235 1199 1278 ιο

194 1311 263 1378 τῦν
279 1314 488 1401 στρατιωτῶν
506 1305 656 1400 ἐξάγεται
673 1312 729 1380 καί
742 1307 956 1401 αῦτοκρότωρ
969 1305 1161 1400 ἄνακηρύτ·

193 1436 301 1499 τεται,
332 1409 439 1482 πολλοὶ
468 1410 551 1503 πρός
575 1412 639 1501 τὴν
667 1409 853 1503 ἀνάρρησιν
879 1407 984 1486 αῦτοῦ
1011 1413 1069 1480 καὶ
1098 1414 1159 1480 τοῦ

190 1507 360 1602 Ἀγρίππα
384 1513 647 1595 σπουδάσαντος.
684 1509 759 1603 ῦρτι
782 1514 820 1584 δ
838 1519 1084 1601 βεβαιωθείσης
1101 1516 1160 1600 τῆς

195 1609 375 1702 αῦταρχίας
394 1612 497 1708 αύτῷ,
516 1613 578 1703 τήν
593 1643 630 1685 τε
647 1610 753 1704 ἀρχὴν
767 1612 963 1708 ἐκύρωσε
931 1643 978 1684 τω
966 1610 1160 1705 Ἀγρίππα

195 1715 252 1782 καί
267 1711 311 1782 δι’
330 1717 515 1838 ἐγκωμίων
515 1713 713 1786 ἐποιεῖτο’
671 1715 787 1806 αυτόν,
806 1685 1005 1806 προσθήκην
1017 1742 1054 1785 τε
1067 1710 1159 1784 αῦτῶ
1174 1743 1200 1784 ιι

196 1821 294 1885 ἔθετο
312 1819 423 1886 πᾶσαν
439 1807 479 1905 63
495 1807 596 1908 ἦρξεν
614 1815 802 1908 ‘6666663‘
788 1846 805 1887 ο
824 1816 983 1905 βασιλεῦς
1000 1818 1056 1887 καὶ
1073 1811 1160 1885 πύπ-

197 1941 258 1997 πος
282 1914 396 1987 αὐτοῦ.
432 1915 508 1988 όδέ
525 1920 580 1988 καὶ
604 1923 650 2013 τῷ
673 1915 810 2012 ἀδελφῷ
828 1917 962 2042 Ηρύδη
984 1915 1047 2006 τὴν
1063 1924 1161 2006 βασι-

196 2023 291 2087 λείαν
308 2025 475 2102 Χαλκίδος
491 2017 582 2110 παρῦ
601 2026 774 2092 Κλαυδίου
797 2016 956 2110 ᾐτήσατο·
981 2021 1072 2089 καὶέ
1056 2016 1161 2107 ἐδόθη

197 2119 267 2188 ἐκεί
252 2125 313 2213 ίνω
332 2119 421 2211 παρδι
437 2127 498 2191 τοῦ
519 2128 694 2211 Καίσαρος.

144 2227 182 2291 ll
271 2189 366 2292 Κατδι
383 2227 502 2292 τοῦτον
519 2220 580 2292 τδν
592 2221 719 2346 ,χρόνον
736 2222 969 2306 στασιάζουσιν
986 2219 1068 2311 πρὸς
1080 2211 1161 2302 τοῦς
1175 2251 1203 2293 ιο

93 2339 191 2392 P1279
198 2316 425 2412 Αλεξανδρεϊς
449 2327 484 2393 οί
504 2327 574 2393 ἐκεῖ
592 2318 756 2394 Ἰουδαῖοι
792 2318 832 2394 δν
854 2319 918 2413 γὰρ
943 2335 1070 2415 είρηται
1086 2319 1161 2412 τρό-

196 2447 261 2490 πον
273 2425 382 2502 κακαῖς
395 2423 476 2512 πρὸς
490 2421 612 2505 αὐτούς
624 2431 730 2495 Γαίου
744 2427 967 2512 διατιθέντος,
981 2425 1160 2494 ἐκακοῦντο

196 2529 443 2612 μοναρχοῦντος
467 2528 599 2596 ἐκείνου
624 2530 714 2616 παρὰ
736 2533 804 2598 τῶν
822 2529 859 2597 ἐν
875 2533 917 2616 τῇ
934 2523 1029 2597 πόλει
1047 2521 1160 2612 Ελλή-

196 2651 278 2710 νων,
297 2631 402 2694 Γαΐου
421 2625 458 2695 δέ
475 2628 734 2716 τελευτήσαντος
748 2624 988 2760 66666666666
1002 2615 1092 2696 καὶ
1072 2645 1159 2714 ησαν

198 2726 236 2795 ἐν
257 2721 381 2806 ὅπλοις.
423 2726 593 2810 Κλαύδιος
617 2729 655 2799 δὲ
677 2734 724 2822 τῷ
749 2733 970 2852 ιππαρχοῦντι
992 2724 1075 2798 κατὰ
1098 2724 1161 2815 τὴν
1176 2753 1205 2794 τε

196 2835 372 2914 Αἴγυπτον
389 2829 556 2900 ἐπέστειλε
573 2839 785 2902 καταστεῖλαι
802 2828 864 2920 τὴν
881 2829 1010 2918 στάσιν,
1034 2837 1162 2917 ἔπεμψε

198 2929 235 2998 δὲ
265 2931 321 3016 καὶ
352 2927 515 3020 διάταγμα
547 2934 583 3000 ἐκ
613 2931 851 3024 παρακλήσεως
881 2947 955 3002 τοῖν
989 2929 1162 3019 βασιλέοιν

191 3025 377 3116 Ἀγρίππου
399 3035 508 3102 τεκαὶ
526 3029 680 3122 Ἡρώδου
705 3041 753 3114 είς
771 3039 905 3125 Συρίαν
928 3034 984 3103 καί
1004 3039 1051 3112 εἰς
1071 3029 1161 3102 Ἀλε-
1236 3045 1240 3056 “

197 3129 374 3220 ξύνδρειαν
391 3135 446 3203 καὶ
465 3141 512 3214 είς
529 3132 591 3223 τὴν
608 3131 713 3224 ῦλλην
730 3137 935 3229 οἰκουμένην,
949 3131 1011 3223 ὅση
1024 3131 1162 3222 Ῥωμαί-

197 3260 246 3314 οις
270 3230 433 3324 ὑπήκοος,
464 3233 590 3326 φράζον
611 3232 663 3306 ὅτι
684 3231 775 3306 “τῦν
797 3231 969 3307 Ἰουδαίων
991 3233 1162 3306 ιἰνέκαδεν
1179 3261 1208 3304 ιο

267 3465 333 3532 Cap.
349 3467 388 3518 11.
413 3465 525 3531 Iosephi
542 3463 605 3516 Ant.
620 3469 664 3531 19,
679 3469 703 3532 δ,
716 3469 739 3529 5.
753 3470 842 3534 2-8,
855 3469 879 3531 ξ.
892 3471 917 3519 2.
