2566 3812
173 201 236 266 218
480 203 552 255 οπο.
571 203 646 255 vm.
672 203 753 257 cAP.
772 203 832 257 xv.

173 340 277 433 ρήσας
296 344 499 413 εἰσέπλευσε.
535 341 604 414 κάκ
622 341 744 414 τούτου
762 345 818 413 καί
835 339 929 413 ἄλλοι
947 345 1065 432 συχνοὶ
1083 371 1141 414 κα·

172 449 300 531 τοίρειν
316 441 438 532 ὁμοίως
457 442 619 534 ἐτόλμων·
638 447 694 515 καὶ
712 449 747 516 οί
761 445 824 535 μέν
842 441 1083 534 ἐπετύγχανον,
1108 450 1144 516 οί

175 545 212 614 δέ
229 542 436 617 ύπύλλυντο.

241 643 325 727 Ἕως
342 647 404 736 μέν
417 639 480 718 οὖν
494 644 593 737 ἄμφω
606 654 761 738 παρῆσαν
774 650 810 718 οί
819 645 952 738 ὕπατοι,
971 653 1141 730 ίσοπαλείς

173 751 208 818 οί
229 744 358 835 ἀγῶνες
384 751 550 838 ἐγίνοντο·
576 747 679 820 νόσου
698 749 736 820 δέ
753 751 809 819 καί
834 751 933 840 λιμού
949 747 1167 840 τρυχύυτωνε

175 847 398 938 αύτούς,-καὶ
420 856 481 921 τοῦ
509 852 624 942 ἑτέρον
648 857 763 922 οἴκαδε
789 849 845 921 διὰ
868 854 973 922 ταῦτα
991 848 1056 920 σύν
1072 867 1141 933 τοῖς

50 979 55 986 ·
116 1005 118 1008 -
173 947 258 1039 ἄμφ’
286 947 388 1022 αὐτὸν
417 949 632 1043 στρατιώταις
662 949 957 1043 ἀναχωρήσαντος,
987 950 1141 1043 Ἀμίλκας

174 1048 505 1144 θαρρήσαςέπεξήει
529 1055 585 1124 καί
611 1054 668 1136 τὰς
695 1054 844 1144 μηχανὰς
872 1057 1059 1146 ἐνεπίμπρα
1085 1056 1141 1124 καὶ

173 1149 250 1232 τούς
265 1153 496 1242 ἐπαμύνοντας
510 1153 628 1236 αὐτοῖς
642 1164 791 1246 ἔφθειρε,
810 1157 866 1225 καὶ
882 1150 902 1244 ή
922 1160 1023 1238 ἵππος
1037 1151 1142 1226 αύτοῦ

140 1257 212 1324 Βέκ
234 1258 293 1324 τοῦ
317 1255 499 1344 Λρεπύνου
520 1251 697 1348 ὁρμωμένη
727 1255 767 1326 τύ
792 1285 828 1328 τε
855 1254 1024 1346 ἐπιτήδεια
1046 1264 1142 1347 κομί·
1155 1283 1180 1323 10

173 1365 290 1442 ζεσθαι
308 1355 385 1438 τοὺς
398 1355 578 1448 Ῥωμαίους
593 1356 718 1429 έκύλνε
731 1360 787 1428 καί
803 1357 866 1448 τήν
884 1356 997 1428 αὐτῶν
1010 1381 1142 1448 συμμα-

174 1463 251 1548 χίδα
274 1460 466 1548 κατέτρεχε,
492 1461 548 1530 καὶ
566 1457 761 1550 ὁἈρδέβας
779 1460 858 1531 ποτὲ
879 1460 943 1550 μέν
965 1461 1022 1549 τής
1040 1471 1143 1532 Σικε-

174 1564 266 1648 λίας,
285 1559 365 1629 ποτε
383 1559 420 1630 δέ
437 1563 496 1648 τῆς
510 1557 649 1643 Ἰταλίας
666 1559 707 1631 τίι
723 1559 870 1651 παρύλια
888 1568 1033 1652 ἔκειρεν
1058 1557 1142 1632 ὅθεν

174 1666 209 1730 ολ
219 1654 371 1748 Ῥωμαίοι
390 1665 427 1731 ἐν
444 1658 567 1754 ιἰπορίρι
585 1664 799 1751 κατέστησαν.
831 1665 912 1745 τέως
929 1665 1042 1752 μέντοι
1055 1663 1142 1733 Λού·

174 1789 242 1842 κιος
262 1755 398 1842 Ἰούνιος
416 1755 568 1851 ἡτοίμαζε
585 1763 760 1853 ναυτικόν,
785 1762 955 1845 Κλαύδιος
975 1764 1012 1834 δὲ
1030 1769 1180 1834 Hom-1⁶

174 1889 251 1953 χρος
270 1868 317 1943 είς
335 1859 371 1931 τί
385 1861 571 1953 Λιλύβαιον
590 1867 757 1955 ἐπειχθεὶς
775 1868 832 1935 καὶ
848 1863 994 1957 τριήρεις
1007 1864 1142 1955 πληρω-

109 2039 116 2056 .·
174 1986 235 2046 σας
252 1963 417 2053 συνέλαβε
442 1961 490 2034 δι’
518 1964 632 2036 αὐτων
647 1963 802 2038 Ἀνυωνα
825 1964 884 2038 τὸν
908 1965 1143 2058 Καρχηδόνιον

174 2065 355 2136 ἐκπλέοντα
378 2065 549 2157 πεντήρει·
575 2069 632 2138 καὶ
655 2066 866 2159 παράδειγμα
883 2083 952 2151 τοῖς
972 2065 1142 2158 Ῥωμαίοις

173 2174 231 2256 τῆς
249 2171 455 2258 κατασκευῆς
472 2171 540 2240 τοΞν
557 2173 650 2259 νηύν
669 2171 807 2257 ἐγένετο.

250 2267 418 2351 Πολλύκις
450 2271 487 2339 δέ
509 2275 570 2341 τοῦ
592 2274 754 2341 ναυτικοῦ
779 2269 1038 2352 κινδυνεύοντος
1062 2275 1180 2359 ἔβα-20

141 2368 318 2458 Ορύνουτο
342 2375 377 2440 οί
400 2369 553 2459 Ῥωμαῖοι
575 2375 618 2462 τῇ
640 2389 777 2461 συνεχεῖ
796 2374 864 2442 τοῖν
892 2376 980 2443 νεοῑιυ
1011 2379 1140 2466 φθορᾷ·

173 2469 301 2558 ἄνδρας
317 2467 381 2560 γὰρ
400 2469 545 2560 συχνούς
563 2475 619 2542 καὶ
637 2471 786 2564 χρήματα
804 2481 943 2545 πλείστα
958 2477 995 2544 έν
1007 2471 1142 2556 ταύταις

174 2569 392 2640 ἀπώλλυσαν·
407 2570 447 2642 ού
461 2577 625 2662 μέντοιγε
638 2576 696 2644 καὶ
709 2577 882 2665 ἐνέδοσαν,
901 2569 985 2644 οἶλλά
998 2582 1058 2645 καί
1067 2603 1142 2646 τινα

175 2669 411 2760 φθεγξάμενον
435 2677 511 2764 περί
536 2683 755 2765 καταλλαγοῖν
782 2676 864 2768 πρὸς
888 2681 1142 2767 Καρχηδονίους

175 2776 212 2844 έν
234 2779 275 2864 τή
299 2780 406 2864 βουλή
426 2774 661 2866 διεχρήσαντο,
687 2781 743 2848 καί
768 2781 929 2868 λεχθῆναι
954 2775 1140 2867 δικτάτωρα
1156 2797 1182 2839 2⁵

174 2880 392 2966 ἐψηφίσαντο.
425 2879 480 2948 καὶ
496 2877 659 2968 δικτάτωρ
675 2879 738 2968 μέν
755 2877 772 2949 ὁ
786 2888 990 2962 Κολλατῖνος
1009 2881 1143 2969 έλέχθη,

176 2976 364 3067 ίπποίρχησε
379 2977 420 3047 δέ
429 3005 468 3066 με
483 2973 501 3048 ὁ
514 2981 699 3063 Μέτελλος·
723 2978 828 3052 οὐδέν
844 2981 881 3051 δέ
898 2977 1029 3070 μνήμης
1041 2989 1145 3070 ἔπρα-

175 3081 236 3160 ξαν
248 3076 349 3162 ίίξιον.
378 3081 415 3150 έν
429 3069 456 3172 ᾦ
471 3078 502 3150 δ’
520 3079 537 3150 ὁ
551 3091 756 3163 Κολλατῖνος
770 3079 934 3172 δικτάτωρ
949 3083 1090 3171 ἐλέγετο,
1108 3085 1145 3154 έν

174 3176 281 3271 τούτῳ
312 3181 373 3248 τὸν
395 3176 522 3270 Ἔρυκα
552 3181 782 3273 παρεστήσατο
812 3181 830 3253 ὁ
857 3181 1012 3272 Ἰούνιος,
1043 3185 1099 3253 καί
1125 3181 1143 3254 ὁ

175 3276 370 3367 Καρθύλωυ
400 3283 559 3373 κατέσχεν
582 3291 795 3373 Αίγίθαλλον
817 3287 874 3356 καὶ
899 3282 1062 3376 έςύχρησε
1085 3285 1144 3356 τὸν
1158 3313 1186 3356 ιο

172 3374 320 3450 Ἰούνιον.
