2566 3812
384 159 458 211 LIB.
469 160 545 214 VIII.
566 159 644 212 OAP
657 159 1083 225 xx,xx1.233

109 327 179 372 των
203 296 516 370 αἰντικαταστόντων
546 295 731 398 ἐκρότησαν
760 297 875 370 καὶ
839 327 901 388 την
923 298 1023 371 πόλιν
1047 305 1083 371 ἐκ
1171 367 1179 381 ,

111 406 295 492 προδοσίας
311 394 420 488 εἷλον,
438 427 498 470 τον
483 402 707 525 Δημητρίου
721 397 991 492 διαδρόντοςός
1009 431 1083 474 τοτε
1096 422 1117 474 0

111 503 175 592 μέν
206 507 254 582 είς
279 505 500 572 Μακεδονίαν
526 499 607 590 μετὰ
637 507 772 572 πολλων
794 500 972 628 χρημάτων
994 502 1184 595 πρδςῑΝΙΙιο

112 599 337 676 Φίλιππον
301 630 362 672 τον
379 603 518 691 βασιλέα
536 600 638 691 αὐτῆς
662 600 810 674 ἐλθων
790 632 839 674 απ
844 599 1004 676 ’ἐκείνου
1022 605 1085 694 μέν

85 702 178 776 εοόκ
202 700 359 792 ἐξεδόθη,
390 702 473 827 πρὸς
504 704 541 776 δέ
570 702 649 785 τούς
674 701 856 795 Ἰλλνριοδς
887 703 1085 778 ἐπανελθών

118 801 352 898 σννεληφθη“
333 801 401 876 νπδ
415 799 537 895 Ρωμαί
537 833 584 876 ων
522 806 658 875 ίκαὶ
677 803 872 895 ἐδικαιοόθη.
951 870 954 877 .
1176 813 1178 816 ’

199 909 253 976 Τω
272 901 304 974 δ
326 907 471 1000 ἐχομένῳ
489 913 556 977 ἔτει
579 913 771 996 περιφανῶς
794 911 829 978 οί
847 907 999 997 Ρωμαίοι
1016 923 1084 990 τοῖς
1095 917 1135 982 21

111 1011 360 1129 Καρχηδονίοις
379 1005 695 1098 ἐξεπολεμώθησαν,
714 1006 805 1078 ταδ’
791 1037 809 1078 ο
828 1006 970 1100 πόλεμος
989 997 1084 1090 οὗτος

110 1136 158 1202 τῳ
143 1108 241 1198 μὲν
264 1105 373 1200 χρόνω
397 1107 484 1178 πολύ
508 1106 660 1205 έλόσσων
684 1116 744 1180 τοῦ
769 1111 933 1201 προτέρου
958 1113 1085 1199 συμβέ-

74 1239 99 1282 10
112 1179 214 1299 βηνε,
242 1225 311 1290 τοῖς
337 1205 370 1278 δ’
397 1215 506 1299 ἐρηοις
529 1226 597 1290 τοῖς
621 1237 657 1280 τε
683 1207 859 1300 παθήμασι
885 1213 941 1280 καλ
963 1217 1085 1300 μείζων

110 1313 168 1381 καὶ
187 1309 423 1400 χαλεπώτερος.
469 1313 572 1402 έπηρε
590 1311 628 1380 δέ
645 1316 764 1383 τοῦτον
785 1308 959 1402 μάλιστα
944 1339 961 1380 ο
976 1309 1084 1382 ’-Αννί

109 1419 176 1500 βας
199 1415 415 1502 σιραταρχόν
437 1418 507 1483 τεόν
529 1418 781 1506 Καρχηδονίων.
825 1409 848 1481 6
869 1409 899 1482 δ’
925 1407 1079 1499 Ἀννίβας
1092 1433 1117 1482 D

110 1503 212 1594 οὗτος
229 1528 309 1594 παῖς
326 1515 387 1582 τοῦ
406 1508 564 1603 Ἀμίλκοα
588 1521 647 1582 τοῦ
665 1521 775 1605 Βαρχί
760 1519 837 1585 ίδον
856 1515 1002 1604 ἐγένετο,
1028 1517 1085 1584 καὶ

111 1619 150 1684 ἐκ
168 1618 302 1684 παίδων
320 1611 425 1695 εὐθὺς
450 1617 505 1686 ἐπὶ
527 1613 605 1696 τοὺς
617 1613 741 1704 Ῥωμαί
738 1644 798 1697 ονς
823 1609 966 1706 ἠσκηθη.
1002 1613 1085 1686 πόν-

71 1746 97 1786 15
110 1743 172 1797 τας
189 1743 254 1804 γαρ
272 1713 349 1795 νοός
366 1713 484 1798 νίείς*
470 1743 488 1785 ο
503 1714 701 1805 ’”Αμίλκας
676 1737 788 1808 ωσπερ
805 1745 898 1798 τινας
916 1715 1085 1806 σκόμνονς
1108 1768 1109 1772 =

114 1811 170 1886 ἐπ’
191 1811 312 1898 αόιοδς
328 1817 466 1906 τρέφειν
485 1823 615 1913 ἔλεγεν,
643 1821 773 1889 ἐκεῖνον
793 1819 829 1889 δὲ
852 1817 940 1888 πολό
958 1823 999 1908 τῇ
1017 1818 1085 1910 φό-

113 1939 167 1988 σει
185 1918 396 2008 προφέροντα
413 1915 503 2009 δρῶν
520 1919 576 1988 καλ
590 1915 727 2008 ὥρκωσε
746 1917 948 2008 πολεμήσειν
972 1915 1085 2002 αότοίς

115 2018 176 2087 καὶ
193 2015 246 2087 διδ
264 2023 362 2088 τοῦτο
378 2015 419 2088 τό
436 2047 479 2091 τεΧ
490 2016 575 2089 ἄλλα
598 2019 711 2089 καὶτὰ
734 2021 875 2108 πολέμια
894 2025 941 2089 ἔτι
958 2026 1085 2106 μᾶλλον

115 2113 219 2188 αότόν
237 2122 449 2209 ἐξεδίδασκε,
473 2119 770 2207 πεντεκαιδεκαέτη
788 2117 886 2189 όντα·
914 2117 998 2188 ὅθεν
1024 2115 1085 2188 οὐκ

71 2249 99 2291 ιο
112 2216 276 2309 ἠδυνήθη
294 2217 459 2303 θανόντος
474 2217 568 2314 ἀὐτῷ
586 2223 647 2291 τοῦ
663 2219 788 2308 πατρὸς
805 2217 867 2308 τὴν
884 2224 1086 2307 στρατηγίαν

114 2323 347 2404 διαδέξασθαι.
401 2324 473 2392 ἐπεὶ
505 2322 543 2393 δέ
577 2321 595 2392 ὁ
622 2317 829 2412 Ἀσδρούβας
860 2317 1085 2409 ἐτελεύτησεν,

31 2449 35 2456 ’
112 2420 227 2493 οὐκέτι
246 2425 443 2513 ἐμέλλησεν,
463 2426 497 2507 ἓξ
514 2420 590 2493 τότε
607 2425 664 2492 καὶ
682 2434 808 2494 είκοσιν
826 2425 910 2494 ἐτῶν
927 2418 1085 2511 γεγονός,

112 2521 199 2594 ἄλλα
217 2521 255 2593 τό
272 2551 308 2594 τε
326 2521 513 2616 στράτευμα
532 2526 568 2594 ἐν
591 2527 632 2614 τῇ
648 2519 772 2616 Ἰβηρίᾳ
790 2522 910 2596 αὐτίκα
927 2527 1085 2614 προκατί-

112 2631 197 2712 λαβε
224 2627 281 2694 καὶ
304 2625 485 2716 στρατηγός
514 2621 574 2694 ὑπ’
594 2625 707 2696 αὐτῶν
731 2623 944 2716 ἀναδειχθεὶς
965 2625 1085 2720 διῳκή-

69 2753 98 2794 ιε
114 2747 197 2796 σατο
215 2727 272 2795 καὶ
295 2724 385 2819 παρὰ
407 2729 476 2798 τοῖν
501 2735 586 2796 οίκοι
609 2730 716 2796 τελῶν
738 2733 971 2816 βεβαιωθῆναι
994 2725 1186 2822 αότῷΡΙΙοο

113 2824 177 2915 τὴν
193 2825 387 2916 ηηεμονίαν.
424 2824 550 2916 πράξας
568 2828 606 2898 δέ
623 2830 728 2898 ταῦτα
736 2826 945 2954 ’προφάσεως
965 2823 1087 2916 εὐπρε-

113 2931 200 3010 ποῦς
218 2931 325 2999 ἐδεῖτο
344 2935 391 3010 εἰς
408 2957 471 3053 την
493 2928 576 2999 κατδι
591 2927 791 3020 Ῥωμαίων
777 2957 900 3019 ορμην,
924 2929 981 2996 καλ
1005 2925 1087 2996 ναό-

111 3057 178 3152 την
196 3026 373 3118 ἐποιησατο
389 3027 467 3112 τούς
492 3034 529 3100 ἐν
551 3058 591 3122 τη
581 3028 733 3123 Ἰβηρίᾳ
751 3035 974 3107 Ζακυνθίους.
993 3015 1087 3100 οὗτοι

112 3129 180 3218 γὰρ
204 3129 246 3200 οὐ
270 3127 384 3223 πόρρω
407 3135 467 3202 τοῦ
490 3135 639 3220 ποταμοῦ
663 3136 832 3212 οἰκοῦντες
863 3135 923 3200 τοῦ
942 3124 1085 3222 Ἴβηρος,

7 3263 9 3296 1
70 3257 101 3298 εο
114 3260 186 3302 ανω
222 3235 280 3320 της
309 3229 482 3352 θαλάσσης
513 3231 639 3324 βραχύ,
670 3247 739 3316 τοίς
770 3227 938 3322 Ῥωμαίοις
968 3234 1085 3324 προσέ-

116 3464 159 3527 ω
176 3396 254 3515 2Cap.
248 3399 307 3452 .21.
337 3397 593 3450 DionisHistoriae
610 3398 752 3449 Romanae
769 3395 835 3448 liibr
852 3395 965 3462 perdiit.
969 3397 1084 3467 ¹fragm.
