2546 3822
400 216 471 267 Lm.
487 217 546 268 xv.
565 215 642 268 off.
662 217 738 268 τιτι.
990 214 1053 280 353

84 367 204 438 λαστος
228 355 267 426 66
291 353 339 426 ώυ
363 357 420 424 καὶ
441 371 531 446 τρεῖς
556 370 724 443 γυναῖκας·
743 351 904 444 ἠγάγετο,
933 358 990 426 καὶ
1016 361 1053 427 ἐκ
1136 369 1139 378 ’

82 458 146 547 μὲν
163 463 221 546 τής
239 450 376 548 πρώτης
390 462 466 545 ἐσχε
483 462 589 528 παῖδα
606 455 666 527 τόν
683 459 826 544 Λέοντα,
850 455 893 526 ὃν
917 459 974 526 καὶ
991 463 1053 528 τοιῖ

83 565 142 647 τής
159 563 329 647 βασιλείας
343 555 507 647 ὀνόματος
522 561 739 648 κατηξίωσεν,
755 561 791 628 ἐκ
805 557 843 628 δέ
856 563 926 629 τών
940 557 1068 653 άλλωνρ

84 659 329 753 Χριστοφόρον,
354 659 553 750 Νικηφόρον
573 685 610 730 τε
626 660 684 728 καί
702 659 865 748 Νικήταν.
899 659 957 728 καὶ
974 657 1054 740 τούς

57 761 146 851 ιμέυ
170 758 235 831 660
253 767 428 851 Καίσαρος
454 767 583 852 ἔστεφε,
607 759 668 830 τόν
694 760 733 830 δέ
751 759 902 848 Νικήταν
921 763 1054 850 ἐτίμησε
1114 826 1116 830 .

41 877 42 880 ’
84 869 339 952 νωβελίσσιμον.
374 863 502 955 καὶτῷ
527 861 650 955 πρώτρτ
668 867 735 954 υίςό
754 859 862 932 αὐτοῦ
880 889 937 932 και
926 862 1051 985 βασι-

1 983 2 1056 ]
84 961 177 1034 λεί’
157 963 300 1053 ηγάνετο
327 978 474 1050 γυναῖκα
498 965 531 1046 ἐξ
547 961 714 1090 ἠλθηνώυ,
732 963 824 1032 καλέ
823 961 1053 1052 μνηστεύσατο

82 1063 210 1153 ταύτην
228 1063 334 1158 αὐτῷ,
353 1058 538 1147 στίνας’
493 1063 601 1152 αυτήν
614 1062 819 1152 Αόγοάσταν
836 1065 893 1133 καὶ
910 1065 1054 1145 καλέσας

89 1163 250 1256 Είρήνηυ,
277 1157 356 1248 ἐξ
333 1193 374 1253 ης
393 1167 512 1254 ἐτέχθη
529 1192 576 1258 τηε
565 1167 717 1237 Λέοντι
734 1178 813 1251 παῖς
831 1173 1053 1236 Κωνσταυτί-

42 1299 70 1342 ιο
82 1293 141 1348 νος
158 1261 374 1356 ὀνομασθείς.
400 1259 502 1348 αὖθις
520 1235 592 1336 δέ
576 1295 595 1336 ο
612 1265 847 1357 Κοπρώνυμος
864 1265 947 1354 μετά
966 1266 1053 1355 σφό-

83 1373 149 1458 όρα
166 1373 303 1438 πολλῶν
319 1366 467 1459 τριήρων
480 1369 538 1437 καὶ
550 1367 737 1459 ιλρομώνωυ
754 1393 839 1436 κατα
827 1365 1054 1456 Βουλγάρων

85 1466 285 1560 ἐξώρμησε,
294 1468 501 1558 βουλόμενος
526 1467 581 1538 θεά
602 1475 664 1540 τοῦ
679 1467 812 1558 Ἴστρου
831 1472 880 1548 είς
897 1476 1053 1554 Βουλγα·
1039 1479 1085 1529 ·Β

84 1577 162 1662 ρίαν
180 1573 350 1660 ἐμβαλεῖν
385 1597 402 1638 ε
404 1568 457 1638 τα
474 1569 686 1670 θείειλιηκώς
703 1567 880 1653 ἀναζεῦξαι
903 1567 1053 1657 διεμελέ·

82 1699 132 1742 τα.
169 1676 205 1742 oc
218 1670 409 1760 Βοώλναροι
425 1669 465 1741 66
482 1675 537 1741 θεί
522 1677 654 1795 ίσρντες
679 1671 870 1759 πέμψαντες
887 1667 971 1758 πρὸς
988 1666 1054 1738 αό-

41 1773 143 1846 ιιτὸυ
173 1771 323 1854 σπονδάς
353 1771 480 1842 θέσθαι
510 1770 595 1862 πρὸς
620 1770 759 1860 εἰρήνην
790 1770 967 1859 ἐζήτησαν,
997 1770 1054 1840 καὶ

84 1877 283 1945 ἐσπείσαντο
309 1875 364 1942 ἐπὶ
387 1871 596 1997 συνθήκαις
598 1877 658 1942 τοῦ
675 1869 757 1974 μήτε
773 1871 994 1962 Βουλγάρους
1011 1870 1050 1940 τά

79 1973 249 2064 Ῥωμαίων
267 1979 438 2063 ληίζεσθαι
454 1971 537 2062 μήτε
553 1972 622 2062 μήν
635 1967 815 2062 Ρωμαίους
829 1965 957 2043 ἐπιέναι
969 1970 1053 2044 κατά

9 2149 11 2152 ,
84 2075 301 2166 Βουλγάρων.
336 2076 394 2144 καὶ
412 2075 466 2144 ἐπί
484 2073 615 2154 τούτοις
634 2073 877 2161 ἐπανελήλυθε.
907 2074 997 2154 τινὲς
1016 2073 1054 2150 δὲ

82 2183 153 2246 τῶν
170 2175 379 2300 Βυνλγάρωυ
409 2175 530 2266 δώροις
553 2173 783 2265 άποσυρέντες
809 2173 900 2262 παρά
930 2173 1053 2242 τούτου

42 2282 144 2351 ωτοῦ
159 2273 413 2402 αὐτοκράτορος
438 2273 517 2346 ἐν’
498 2271 699 2367 απορρήτοις
724 2273 869 2362 ἐδήλουν
894 2271 987 2366 αὐτῷ
1011 2272 1052 2343 τά

81 2384 130 2470 τῷ
154 2377 291 2468 ἄρχοντι
315 2383 413 2466 σφῶν
435 2375 683 2466 βουλευόμενα
716 2382 752 2445 οἳ
773 2373 984 2500 μεμηυόκασι
1006 2379 1054 2466 τῷ

81 2475 371 2573 Κωνσταντίνω“
351 2505 401 2550 οτι
417 2475 608 2566 βοόλεται’
592 2505 610 2546 ο
625 2477 785 2568 σφετερος
803 2473 950 2600 άρχηγός
968 2473 1053 2546 λαόν

83 2581 248 2671 ἐκπέμψαι
264 2579 349 2650 κατά
364 2607 454 2661 τινος
472 2584 541 2650 τών
555 2577 726 2668 Ῥωμαίων
743 2583 875 2667 χωρῶν,
894 2574 940 2646 ἵν’
963 2580 1053 2647 ἐκεί-

82 2690 147 2750 θευ
172 2688 268 2751 λείαν
289 2688 471 2770 κομίσαιτο.
506 2682 563 2750 καὶ
587 2677 625 2760 ὃς
650 2678 884 2760 κατασκόπους
906 2685 1087 2766 στείλας,ς

42 2809 72 2854 τι
85 2777 142 2850 ὅτε
166 2779 327 2869 ώρμησαν
354 2785 392 2850 ἐκ
407 2787 621 2873 Βουλγαρίας
646 2786 682 2850 οί
703 2780 905 2868 ληισόμενοι,
924 2783 1052 2866 ἕτοιμος

76 2877 134 2950 ’ών
151 2886 327 2969 αἰφνίδιον
345 2881 565 2974 ἐπεκδραμὼν
578 2878 649 2950 κατ’
671 2878 787 2950 αὐτῶν
804 2877 885 2960 τούς
901 2877 965 2966 μὲν
982 2879 1053 2948 63-

82 2992 216 3072 φθειρε,
235 2980 316 3063 τούς
335 2982 373 3053 66
390 2984 447 3052 καὶ
465 2983 639 3074 ἐζώγρησε,
658 2981 715 3050 καὶ
731 2977 803 3070 μετ’
824 2984 1053 3068 αἰχμαλωσίας

83 3089 209 3171 πολλῆς
233 3083 470 3175 ἐπανίστρεψε,
495 3085 552 3154 καὶ
569 3083 670 3153 πάλιν
687 3089 836 3162 ἔνοπλος
847 3079 1052 3172 ἐθριάμβευ-

83 3199 152 3254 σευ.
180 3181 251 3254 εἶτα
268 3183 393 3267 πολλάς
410 3182 552 3275 τριήρεις
567 3183 822 3274 ἑτοιμασάμενος
839 3179 924 3252 κατά
938 3189 1053 3252 Βουλ-

40 3285 201 3377 τογάρων
218 3286 422 3375 ἐκπίπομφε,
440 3287 497 3355 καλ
514 3283 598 3355 κατά
612 3289 840 3375 Μεσημβρίαν
856 3283 1054 3372 γενομέναις
1105 3328 1110 3335 -

83 3383 203 3468 αάιαλς
226 3387 363 3458 κλάδων
390 3391 426 3458 ἐκ
444 3387 646 3477 πνευμάτων
662 3393 783 3474 βιαίων
801 3383 955 3475 ἐμπεσών
972 3404 1052 3474 σηε-

83 3487 147 3559 θὸν
164 3485 296 3571 ἁπάσας
312 3491 508 3562 κατέδυσεν.
543 3485 561 3558 6
580 3493 649 3558 τών
666 3486 874 3579 Βουλγάρων
891 3486 930 3558 66
947 3483 1053 3578 άρχη·

135 3617 258 3672 zonam
277 3619 324 3656 111.
804 3599 846 3665 23
924 3622 930 3628 “
