2558 3820
456 161 527 212 οιο.
541 161 574 214 x,
594 161 673 212 σοι.
687 161 735 217 xL
1020 161 1084 226 369

113 295 198 368 ἀλλά
217 299 273 368 καὶ
292 296 350 370 τόν
369 301 495 388 δῆμον,
523 297 567 383 ὦς
587 305 624 372 έν
645 305 687 393 τη
709 303 818 391 βουλῇ
840 311 1085 392 προπηλακιζο-

112 403 222 490 μένης·
241 405 299 489 της
323 398 467 490 πόλεως,
498 403 552 472 καὶ
577 400 659 493 μετά
683 410 864 492 κατηφείας
891 408 925 473 06
947 407 1088 488 πλείους

111 499 270 590 ἀπῆλθον
295 499 411 634 εὐθύς.
449 507 630 591 ἐπιγίνεται
656 501 692 575 δε
715 519 785 584 τοῖς
809 503 1082 598 προσκρούσμοσι

111 603 242 686 τούτοις
266 602 321 675 καὶ
346 603 365 676 6
394 611 463 676 τῶν
474 607 667 734 δημάρχοιν
689 605 970 698 προπηλακισμός.
1014 610 1083 678 έτε-

81 717 202 778 τλεῑτο
201 703 335 876 ἐμέν
296 735 360 796 γαρ
378 711 419 798 τῇ
438 704 565 778 πόλει
548 705 662 798 εορτη,
681 715 813 800 Καισαρ
832 705 868 779 δ’
883 706 938 779 έπλ
958 713 1083 800 δίφρον

111 807 217 899 χέροσ
217 824 258 878 ον
276 805 465 900 καθήμενος
489 807 604 934 κόσμοιΙ
620 827 855 900 κοτεκοσμεῖτο
871 809 1080 940 θριαμβικῷ
1095 829 1117 884 c

107 904 288 992 Ἀντιόνιος
312 907 390 981 δέ
370 911 549 982 οποτεύων
575 907 657 992 εἰς’
639 908 766 1002 ογοράν
790 913 927 1000 ἐν’έβαλε
944 914 1185 1042 φέρωννιιῐιει

112 1009 261 1102 διάδημα
279 1010 434 1108 στεφάνρι
454 1011 584 1102 δάφνης
598 1015 923 1138 περιπεπλεγμένον,
940 1041 998 1084 κοι
986 1005 1083 1085 έδί·

113 1119 176 1185 δον
193 1141 240 1206 τῳ
228 1115 414 1202 Καίσαρι.
449 1116 651 1204 κολλγλνετοι
674 1112 791 1204 κρότος
813 1111 854 1185 ού
879 1113 1028 1206 λαμπρός
1046 1119 1083 1186 έκ

3 1251 5 1256 ·
67 1243 96 1285 ιο
112 1221 344 1306 παρασκευῆς
372 1213 595 1306 ἀπωσαμένου
622 1213 659 1286 δέ
684 1243 743 1286 του
729 1215 977 1308 ΗΚοίσορος
955 1217 1082 1300 οπαςεό

3 1345 5 1376 2
113 1321 218 1406 δῆμος
232 1315 451 1407 ἀνεκρότησε·
480 1317 535 1388 καὶ
549 1313 672 1388 τούτου
687 1319 738 1400 δὶς
751 1316 927 1408 γεγονότος
944 1315 965 1406 6
983 1335 1083 1408 πεῖρα

112 1417 303 1507 ἐξηλέγχετο
325 1421 381 1489 καλ
406 1413 576 1510 ὁΚοϊσορ
600 1417 734 1509 ἀνέστη.
783 1419 855 1490 ἐπεὶ
880 1420 919 1490 δέ
942 1423 998 1491 καλ
1021 1416 1083 1492 ἀν-

3 1531 4 1534 ’
112 1517 266 1609 δριάντες
291 1518 397 1590 αύτού
421 1512 623 1611 διαδήμασιν
651 1512 819 1611 ὤφθησαν
843 1513 1083 1612 ἀναδεδεμένοι

3 1673 5 1716 3
111 1629 314 1711 βασιλικοῖς,
338 1617 538 1694 ἀπέσπασαν
554 1629 658 1693 τούτο
675 1627 711 1694 ολ
727 1621 904 1713 δήμαρχοι,
930 1623 986 1694 καὶ
1004 1621 1092 1705 τούς

3 1723 5 1726 ’
67 1721 354 1812 ιε’προσέιτιόντας
373 1726 512 1812 βασιλέα
535 1721 594 1794 τόν
617 1731 773 1814 Καίσαρα
791 1720 923 1814 ἀπῆγον
942 1731 989 1807 εἰς
1008 1717 1082 1820 δεσ-

110 1822 289 1916 μωτήριον.
322 1820 412 1896 καὶ
396 1854 413 1896 ο
430 1828 532 1916 δῆμος
546 1829 600 1896 έπλ
614 1823 744 1908 τούτοις
763 1825 889 1950 ἐκρότει
904 1857 959 1898 και
948 1813 1083 1916 Βρού-

4 1933 7 2012 }
109 1955 189 2008 τους
209 1924 320 1998 έκάλει
336 1925 413 2009 τούς
431 1925 572 2016 ἀνδρας
600 1931 748 2049 Βροῦτος
765 1925 829 2016 γάρ
846 1917 914 2016 ἦν,
927 1926 970 2008 ὥς
989 1927 1081 1999 ἱστό-

4 2025 6 2036 ’
110 2055 210 2120 ρηται
227 2025 357 2117 ἄνωθι,
381 2057 399 2099 ο
387 2025 605 2110 ’καταλύσας
627 2021 816 2154 Ταρκύνιρν
833 2028 939 2098 καὶ
905 2057 943 2098 το
961 2026 1080 2119 κρότος

5 2161 7 2220 3
111 2125 212 2211 εἰς
178 2158 214 2200 το
239 2127 353 2201 κοινόν
369 2127 569 2220 περιστήσας
594 2133 631 2200 έκ
647 2132 836 2301 μοναρχίας.
880 2131 934 2200 έιτλ
951 2127 1079 2211 τούτοις
1091 2159 1116 2210 1)

6 2239 8 2312 ἓ
65 2230 130 2302 206
151 2223 285 2322 Καῖσαρ
303 2233 527 2319 παροξυνθεὶς
553 2259 616 2319 την
637 2231 678 2332 μὲ
679 2259 700 2300 ν
723 2225 831 2322 ἀρχὴν
853 2227 930 2312 τούς
958 2229 1083 2320 δημάρ·

7 2421 9 2428 y
109 2361 192 2423 γους
209 2329 385 2423 ἀφείλετο,
405 2336 444 2404 ἐν
460 2333 496 2402 δέ
513 2337 560 2426 τῷ
578 2321 777 2421 κατηγορεῖν
790 2325 922 2424 αύιῶν,
941 2328 1009 2420 ἅμα
1027 2334 1083 2401 καλ

109 2431 171 2505 τόν
190 2437 298 2524 δῆμον
322 2437 449 2526 έφνβρί
448 2443 529 2524 ζων,
555 2432 715 2517 πολλάκις
732 2430 902 2523 Βρούτόνς
925 2431 1083 2505 ἀπεκάλει

109 2533 190 2618 τούς
207 2533 343 2625 ἀνδρας.

185 2633 368 2708 Ἐντεῦθεν
397 2633 479 2761 πρὸς
503 2634 648 2758 Μάρκον
669 2641 821 2730 Βρούτον
850 2637 1027 2730 τρέπονται
1051 2641 1087 2707 06

67 2763 99 2806 τι
112 2734 248 2828 πολλοί,
281 2741 318 2809 ἐκ
340 2735 492 2863 Βρούτον
515 2743 575 2810 τοῦ
598 2737 707 2810 πόλοι.
725 2745 890 2811 δοκοῦντα
919 2739 957 2810 τό
987 2741 1083 2828 γένος

112 2843 240 2910 ἕλκειν
268 2838 325 2910 καὶ
347 2837 430 2931 πρός
446 2839 551 2936 μόνον
574 2834 750 2912 ἐκεῖνον’
729 2869 750 2928 η
769 2867 902 2931 πρωτον
927 2842 971 2909 ολ
983 2865 1084 2929 μετο-

112 2946 215 3031 βολῆς
241 2943 409 3032 ἐφιέμενοι
432 2930 746 3028 ἀποβλέποντες
705 2947 796 3035 αυτῷ
821 2935 943 3032 μέν’
905 2951 968 3010 ουκ
970 2937 1084 3009 ἐτόλ-

111 3072 186 3134 μων
200 3047 435 3167 προσομιλεῖν,
454 3041 586 3132 νύκτωρ
606 3043 644 3112 δὲ
660 3039 836 3165 γράμμοτο
849 3043 926 3133 περὶ
943 3068 981 3111 το
969 3037 1084 3131 βῆμα

113 3142 232 3216 καὶ
196 3173 256 3216 τον
281 3149 445 3234 διφρονέ
446 3149 609 3235 ρρίπτοον
633 3141 687 3232 ἐφ’
707 3132 748 3214 06
772 3146 967 3234 στρατηγῶν
987 3145 1080 3266 ἐχρη-

72 3246 244 3338 ιομύτιζε,
268 3250 408 3334 λέγοντα
421 3233 689 3334 “κοθεύδεις,
662 3273 688 3315 οι
705 3235 858 3335 Βρούτε”
878 3252 936 3316 κοῖ
951 3239 1037 3316 “ούκ
1055 3243 1086 3316 ελ

15 3399 16 3402 =
112 3343 290 3439 Βροῦτος,η
329 3349 384 3418 καλ
402 3345 606 3428 Κάσσιοςδέ
624 3343 823 3438 παρώξυνεν
841 3343 954 3418 αύτόν.

184 3481 217 3530 18
236 3469 342 3546 ἀνωθι]
361 3496 387 3546 p.
402 3480 460 3540 332,
481 3478 512 3530 C.

166 3577 293 3615 zonus
311 3579 344 3617 11.
890 3561 932 3624 24

1261 781 1268 874 6

1265 883 1268 930 ι
