2580 3816
189 168 252 232 258
491 167 562 223 τῖε.
575 167 649 219 x1v.
668 167 746 220 ειν.
759 167 837 236 1.‚11.

191 313 475 399 ἐπιπωματίζοντα
491 307 626 394 -ταότην
649 307 806 395 μέγιστον
837 313 938 378 λίθον
969 310 1166 393 ἐπιτεθῆναι
1267 316 1274 379 .’

191 408 294 502 αάτῆ·
324 407 384 479 τὸν
408 408 446 479 δὲ
470 403 693 495 ἀνανήψαντα
715 413 801 494 βοοῖν
824 407 887 497 μὲν
912 409 969 476 καὶ
992 405 1165 496 ὀλοφύρε-

191 521 272 581 σθαι
295 514 449 598 ἔνδοθεν,
480 509 616 599 μήτινος
639 506 672 578 δ’
699 511 994 600 ἐπιστρεφομένον,
1021 511 1166 596 οἰκτρῶς

191 616 298 682 ἐκεῖσε
315 621 447 702 θανεῖν.
491 615 526 680 οί
548 609 585 679 δέ
608 609 797 698 νοσήσαντά
820 633 903 698 φασι
918 609 976 680 καλ
994 613 1165 698 περιωδυ-

189 721 276 794 νίαις
293 711 510 802 βαλλόμενον
523 709 766 800 σφοδροτάταις
791 710 931 798 δόκησιν
947 725 1017 792 τοῖς
1028 707 1193 800 ὁροῖσίνε

191 813 235 896 οῖς
252 815 396 900 τέθνηκε
418 825 617 902 παρασχεῖν,
641 812 698 881 καὶ
715 811 823 894 οὕτως
841 815 1019 900 ἐντεθῆναι
1035 816 1084 904 τῷ
1101 810 1167 881 τά·

189 943 262 1008 φφ,
286 915 344 984 καὶ
368 916 405 983 ἐν
429 911 524 1006 αάτρῖ
546 911 710 983 τεθνάναι
732 912 906 1002 γοοῖμενον
929 913 986 982 καί
1010 911 1090 992 τούς
1109 919 1165 982 oc-

189 1022 303 1097 κείοιις
326 1012 622 1104 ἀνακαλούμενον,
645 1020 705 1102 τῆς
737 1009 914 1104 Ἀριάδνης
937 1013 1050 1103 μήτινι
1075 1035 1166 1100 σαγ-

187 1116 362 1207 χωροάσης
392 1111 524 1198 ἀνοῖξαι
558 1113 597 1185 τό
627 1121 744 1204 μνῆμα
782 1113 805 1202 ῆ
836 1115 923 1196 ὅλως
955 1113 1166 1205 ἐπιστροφήν

191 1220 323 1288 ἐκείνου
340 1214 553 1304 ποιήσασθαι.
1180 1245 1206 1287 ιο

154 1303 176 1368 2
260 1317 360 1389 Οὕτω
374 1317 413 1388 δὲ
424 1317 592 1400 θανόντος
606 1317 802 1408 οἰκτρότατα
812 1316 984 1406 Ζήνωνος,
997 1314 1165 1405 ήἈριάδ

83 1516 84 1519 ¹
153 1392 179 1442 D
190 1447 234 1508 νη
250 1417 311 1489 τόν
328 1425 479 1509 Δίκορον
493 1416 709 1489 Ἀναστάσιον
733 1418 961 1508 σελεντιάριον
978 1415 1071 1504 ὄντα,
1089 1421 1165 1487 τεόν

187 1519 396 1609 χαμαιζήλων
421 1519 460 1590 δὲ
483 1525 584 1589 τοῦτο
610 1517 823 1608 ἀξιωμάτων,
842 1526 891 1600 εἰς
908 1519 970 1607 τήν
988 1523 1161 1607 βασιλείαν

187 1619 347 1710 ἀνήγαγε,
360 1620 478 1711 γνάμη
496 1621 554 1689 καὶ
571 1625 630 1708 τῆς
647 1623 828 1711 γερονσίας
840 1621 899 1692 καλ
915 1625 977 1690 τοῦ
997 1617 1163 1710 στρατεύ-

186 1749 300 1812 ματος,
322 1719 507 1811 Οάρβικίον
532 1726 595 1790 τοτῖ
619 1723 787 1811 ἐκτομίον,
810 1721 897 1811 μέγα
918 1721 994 1792 τότε
1011 1721 1163 1809 δνναμέ-
1177 1747 1203 1788 15

186 1850 262 1909 νοτ,
284 1821 539 1902 σπουδάσαντος
563 1828 611 1903 είς
633 1821 697 1911 τὴν
719 1821 842 1892 τοάτον
861 1820 1056 1913 ἀνάρρησιν.
1095 1828 1166 1894 Δί-

185 1949 285 2012 κορος
303 1920 338 1991 δ’
360 1925 509 1994 ἐκαλεῖτο
525 1919 544 1992 ὁ
561 1921 787 2010 Ἀναστάσιος,
802 1921 853 1993 ότι
870 1920 1032 2012 ἀνομοίας
1051 1919 1164 2010 ἀλλή-

187 2032 257 2104 λαις
280 2021 340 2104 τάς
352 2023 459 2113 κόρας
477 2022 546 2113 εἶχε
562 2031 632 2094 τοῖν
649 2022 855 2114 ὀφθαλμοῖν·
881 2029 923 2114 τῆ
945 2023 1010 2112 μὲν
1032 2022 1099 2114 γάρ
1118 2015 1165 2111 ἦν

186 2125 222 2196 τδ
243 2131 360 2216 χροῖμα
377 2125 598 2217 μελάντερον,
624 2123 645 2214 ή
663 2126 702 2196 δὲ
719 2124 795 2196 λαιά
813 2124 898 2216 πρός
915 2122 954 2194 τδ
971 2122 1164 2212 γλαυκότε-

186 2254 248 2317 ρον
279 2227 511 2318 ἐχρωμάτιστο.
564 2228 729 2316 μέλλοντα
760 2225 799 2296 δέ
834 2229 1023 2315 στεφθῆναι
1052 2223 1207 2296 αάτδνεο

187 2325 358 2420 ἀπῄτησεν
385 2335 557 2418 ἔγγραφον
581 2325 765 2417 ὁμολογίαν
787 2331 846 2416 τῆς
863 2323 1007 2409 πίστεως
1025 2327 1083 2396 καλ
1099 2331 1167 2396 τοιῖ

188 2429 265 2518 μήτι
295 2434 519 2518 παρακινῆσαι
547 2434 617 2497 τοῖν
646 2435 705 2516 τῆς
737 2431 912 2516 ἐκκλησίας
943 2425 1167 2517 δογμάτωνό

192 2529 397 2618 πατριάρχης
416 2526 600 2616 Ειάφήμῖος.
636 2528 719 2618 μετά
736 2528 803 2620 γάρ
818 2525 984 2617 Ἀκάκιον,
1001 2527 1168 2600 κάκιστον
1287 2579 1288 2582 =

85 2640 261 2708 Ρ1154τοῖς
282 2625 509 2716 όρθοδοξοῆσι
531 2628 727 2718 γενόμενον,
752 2630 810 2699 καὶ
826 2629 887 2719 τήν
906 2633 1087 2718 ἐκκλησίαν
1106 2635 1169 2719 ἐτη

189 2728 414 2818 κατεσχηκότα
444 2730 526 2800 δέκα
555 2727 640 2822 πρός
669 2745 741 2812 τοῖς
772 2731 872 2819 ἑπτά,
908 2731 966 2800 καὶ
993 2729 1216 2820 θανόντα,ττ

187 2837 357 2922 Φραβίτας
374 2831 622 2922 κεχειροτόνητο
640 2831 857 2922 πατριάρχης,
881 2829 1042 2920 όμόδοξος
1061 2826 1169 2902 Ἀκα-

189 2939 252 3027 κίφ
270 2933 327 3002 καὶ
347 2933 489 3021 Ζήνωνι.
525 2932 607 3022 μετά
621 2931 659 3002 δὲ
675 2947 765 3024 τρεῖς
783 2939 892 3022 μῆνας
909 2931 995 3021 πρὸς
1011 2937 1060 3026 τῷ
1077 2929 1168 3022 ῆμῖ-

185 3055 236 3103 σει
259 3035 317 3104 καὶ
341 3026 442 3114 οὗτος
466 3034 647 3122 μετήλλαξε
663 3033 726 3122 τήν
743 3033 840 3122 ζωήν,
863 3035 921 3103 καὶ
938 3033 1082 3124 προέστη
1103 3041 1170 3123 τῆς

185 3137 361 3222 ἐκκλησίας
387 3133 782 3216 Κανσταντινουπόλεας
807 3131 826 3204 ὁ
851 3129 1044 3225 Εάφήμιος,
1069 3132 1170 3218 ὅσιος

184 3229 272 3324 ἀνήρ
299 3235 356 3305 καὶ
383 3229 655 3326 όρθοδοξότατος.
699 3232 737 3316 δς
771 3241 833 3306 τοῦ
853 3241 1000 3324 Μογγοῠ
1024 3236 1169 3328 Πέτρου
1189 3267 1227 3312 το

185 3327 292 3420 ὄνομα
305 3334 366 3404 τόν
381 3336 512 3426 θρόνον
527 3342 587 3426 τῆς
605 3337 751 3427 μεγάλης
766 3331 963 3427 Ἀντιοχείας
980 3330 1170 3428 ἀρπάσαν-

183 3454 239 3506 τος
266 3441 449 3522 ληστρικοῖς
471 3442 541 3507 τοῖν
566 3438 735 3528 διπτύχων
762 3435 948 3528 ἀπήλειψεν
966 3435 1011 3520 οῖς
1029 3443 1167 3530 αἱρετιἡ
