2580 3816
1038 8 1098 77 m!

243 163 306 228 318
514 162 586 216 Lm.
605 162 678 213 xw.
697 162 774 214 σεε.
793 161 853 211 xx.
873 161 946 214 ωτι.

244 311 376 393 Συρίας
401 302 559 384 ἐλθόντος
583 301 640 372 καὶ
662 307 764 372 τοῦτο
786 301 1113 389 κατασκευάσαντος,
1137 302 1214 391 μετ’

245 406 408 494 αἰσχύνης
426 406 483 474 καί
502 403 611 492 λύπης
628 407 754 491 πολλῆς
772 397 1067 493 άνθυπέστρεφον.
1090 403 1157 492 ήδη
1177 406 1217 478 δέ
1248 446 1253 459 ·

243 513 306 578 τοῦ
331 507 606 596 περιλειφθέντας
631 509 840 595 βαρβαρικοῦ
873 501 996 574 στόλου
1028 510 1214 594 γενομένου

243 609 327 680 κατά
345 608 382 678 τό
400 607 571 695 Σύλαιον,
596 607 748 692 καταιγίς
766 606 968 696 πνευμάτων
986 606 1112 698 σκληρά
1131 609 1214 679 τού-
1279 665 1281 694 ,

244 739 291 804 τςο
309 715 550 802 προσπεσοῦσα
566 707 627 778 τόν
644 707 707 796 μὲν
724 710 898 796 κατέδυσε,
922 705 983 778 τόν
1000 708 1039 778 δέ
1055 711 1240 800 συνέτρι·ε

210 827 323 898 Βφεν,
346 810 463 893 άκταίς
486 809 734 902 προσαράξασα.
770 812 971 901 ἐπιθεμένου
989 809 1028 880 δέ
1045 805 1139 903 αύτῷ
1156 815 1215 881 καί
1279 825 1281 914 χ

142 918 325 1000 φχῃηιτοῦ
349 919 418 984 τάν
442 916 707 1003 Κιβυρραιωτιῦν
730 917 937 1004 στρατηγοῦ,
955 911 1043 993 ἅπας
1062 912 1215 984 διύλετο.
1277 919 1281 1004 j

243 1015 328 1085 κατά
363 1020 428 1102 γῆν
466 1011 498 1082 δ’
531 1005 632 1095 αὖθις
664 1013 759 1102 ἐτόρα
796 1011 932 1103 στρατιά
962 1019 1031 1082 τάν
1062 1008 1217 1104 Ἀράβων
1279 1005 1281 1060 ³

240 1115 410 1207 Ῥωμαϊκῷ
437 1120 678 1206 προσβαλοῦσα
709 1114 929 1205 στρατεύματι
958 1113 1096 1204 ἥττητο,
1129 1112 1218 1187 ὥστε

244 1231 371 1302 πεσεῖν,
396 1214 441 1298 ὥς
465 1218 605 1304 λέγεται,
628 1215 805 1305 τριάκοντα
829 1215 989 1305 χιλιάδων
1006 1213 1048 1286 ού
1066 1226 1216 1305 μείονας.
1230 1249 1254 1288 ιο

245 1322 408 1390 ἐντεῦθεν
426 1322 462 1388 οί
478 1319 674 1408 Σαρακηνοί
691 1317 829 1404 γνόντες
848 1315 893 1399 ὥς
910 1316 1016 1388 οῦδὲν
1032 1326 1130 1407 σφίσι
1145 1325 1217 1390 τῶν

245 1425 282 1492 ἐν
301 1423 434 1490 ἐλπίσιν
458 1414 645 1508 άνύσιμον,
668 1422 797 1508 μᾶλλον
820 1421 935 1507 μέντοι
959 1420 1017 1488 καί
1042 1424 1216 1503 δείσαντες

243 1521 288 1612 μή
309 1516 425 1602 αύτολς
448 1525 483 1590 οί
501 1519 653 1610 Ῥωμαῖοι
677 1521 861 1607 ἐπέλδωσι,
886 1526 1090 1593 σπείσασθαι
1114 1525 1215 1611 ἐβου-

245 1623 411 1712 λήθησαν,
429 1623 486 1691 καί
504 1625 631 1692 στέλλει
647 1622 802 1711 πρέσβεις
821 1617 839 1692 ὁ
854 1628 994 1704 Μανίας
1012 1621 1097 1711 πρός
1115 1630 1214 1711 βασι-

244 1727 315 1812 λέα,
334 1721 475 1813 εἰρήνην
493 1722 702 1812 αἰτούμενος.
737 1723 795 1792 καὶ
813 1720 831 1794 ὁ
850 1722 1009 1810 βασιλεύς
1025 1723 1110 1815 πρὸς
1126 1725 1213 1795 ταύ-
1231 1757 1253 1797 ιε

243 1853 306 1913 την
336 1825 557 1912 κατένευσεν,
588 1825 650 1894 καὶἸ
675 1823 738 1894 τόν
761 1831 937 1916 πατρίκιον
965 1820 1125 1914 Ἰωάννην
1153 1826 1216 1898 τόν

246 1924 471 2012 Πιτζιγαύδην
487 1923 699 2016 καλούμενον
711 1932 872 2015 ἐπεμψεν,
888 1922 935 2007 ύς
948 1924 1088 1998 συνετόν
1099 1925 1215 2015 ἄνδρα

244 2027 302 2097 καί
319 2031 472 2114 γλῦτταν
497 2027 575 2119 περί
598 2025 638 2097 τδ
656 2027 766 2115 λέγειν
783 2034 902 2115 ἔχοντα
925 2024 1124 2120 εῦστροφου,
1149 2027 1218 2112 τὰς

215 2134 318 2203 στάν
343 2132 503 2200 σπονδῶν
527 2128 703 2218 συνθήκας
730 2127 961 2219 πληρύσοντα.
997 2124 1220 2211 δςάπελθῦν

244 2230 330 2321 πρὸς
347 2229 596 2322 τούς’Ἇραβας,
621 2235 754 2320 δεχθείς
771 2259 807 2302 τε
825 2231 1071 2320 φιλοτιμότατα,
1097 2231 1139 2300 τά
1157 2237 1218 2321 τῆς
1230 2262 1253 2303 ει
1278 2311 1279 2314 ¹

245 2331 381 2423 εἰρήνης
404 2339 503 2404 ἔθετο
527 2332 712 2421 σύμφωνα,
736 2333 794 2402 καί
819 2329 866 2402 δι’
893 2333 1075 2424 ἐγγράφων
1107 2330 1219 2421 αὐτήν

245 2435 301 2504 ἐπί
323 2432 501 2520 τριάκοντα
531 2432 709 2514 ἐνιαυτούς
735 2435 936 2522 ἐβεβαίωσε,
965 2439 1037 2503 τῶν
1062 2430 1219 2524 Ἀράβων
1259 2487 1262 2492 -

243 2534 483 2620 καταδεμένων
507 2531 639 2602 διδόναι
661 2536 702 2624 τή
720 2539 874 2627 βασιλεία
892 2528 1066 2624 Ῥωμαίων
1084 2535 1221 2626 δασμόν
1275 2597 1277 2628 ,

244 2632 414 2704 ἐνιαύσιον
430 2639 573 2723 χρυσίου
591 2634 741 2724 χιλιάδας
759 2650 861 2728 τρεῖς,
875 2637 932 2705 καλ
949 2636 1098 2718 δούλους
1115 2633 1221 2726 όκττό,

243 2737 302 2806 καί
319 2739 446 2817 ἵππους
462 2741 533 2806 τῶν
550 2731 632 2825 παρ’
651 2734 768 2818 αῦτοῑς
786 2741 936 2826 δοκίμων
952 2737 1150 2820 τοσούτους.
1188 2745 1226 2810 οἰ
1236 2772 1257 2812 ετ

242 2837 308 2927 μδν
333 2829 397 2908 οῦν
423 2843 482 2926 τῆς
496 2835 603 2928 ’Ἅγαρ
620 2835 710 2908 ούτω
727 2841 786 2927 τής
804 2837 939 2930 εἰρήνης
956 2844 1089 2928 ἔτυχον.
1127 2845 1168 2910 ολ
1183 2841 1225 2912 δὲ

242 2939 326 3010 κατά
344 2938 407 3027 τήν
426 2941 572 3064 εἷσπίραν
588 2941 659 3008 τῶν
672 2937 843 3030 Ῥωμαίων
860 2941 1012 3030 πολέμιοι
1028 2945 1141 3010 ταῦτα
1159 2971 1226 3032 μοι·

241 3041 375 3128 δόντες,
398 3037 548 3110 κάκείνοι
572 3045 757 3110 καταλῦσαι
772 3040 854 3124 τοῦς
871 3042 1040 3132 πολέμους
1057 3043 1227 3134 σπουδήν

243 3147 374 3228 ἔθεντο,
398 3142 455 3210 καί
480 3141 635 3232 πρέσβεις
652 3139 738 3233 πρός
755 3140 816 3214 τόν
834 3145 974 3230 βασιλέα
990 3142 1074 3234 μετά
1092 3144 1228 3250 δώρων

243 3241 430 3329 ἐστάλκασι,
449 3243 506 3311 καὶ
524 3241 608 3332 πρός
625 3237 749 3324 αῦτοῦς
766 3271 787 3332 η
776 3240 925 3335 ἐἰρήνη
942 3243 1126 3336 κεκύρωτο.
1241 3281 1260 3322 τι

182 3347 222 3410 21
322 3342 392 3410 Καί
409 3340 531 3431 ήρεμία
544 3345 701 3432 πολέμων
715 3346 848 3433 ἐγένετο
868 3347 926 3416 καί
944 3344 1028 3418 κατὰ
1042 3342 1107 3435 τήν
1127 3346 1230 3444 εςόαυ

243 3443 336 3522 ληξιν
345 3441 403 3510 καί
411 3469 495 3511 κατα
485 3441 569 3531 τήν
578 3446 740 3536 ἑσπέριον
754 3447 921 3532 δανοντος
931 3448 1040 3521 δέτον
1050 3451 1228 3545 πατριάρ-
