2562 3814
182 119 245 184 154
482 122 553 174 Lm.
566 122 626 171 v11.
646 121 725 175 εον.
737 122 840 172 xxm.

183 263 356 332 ἐποιοῦντο
380 262 436 331 καὶ
460 263 597 349 γέλωτι,
628 263 689 342 ἕως
719 257 920 348 αὐτάγγελοι
943 263 978 328 οί
999 257 1147 332 Γαλάται

184 368 281 450 σφῶν
298 371 441 450 πλησίον
460 364 621 448 ἐγένοντο.
657 359 731 432 τότε
751 361 788 430 δέ
805 365 937 451 σπουδή
955 360 1147 443 ἐξελθόντες

142 466 240 534 Ὡκαλ
257 461 406 546 ἀτάκτως
424 459 670 552 ἀγωνισάμενοι
688 461 888 554 αίσχρότατα
904 458 1054 550 ἥττηντο.
1091 466 1147 534 καὶ

181 567 297 636 πολλοὶ
321 565 383 653 μέν
402 569 439 635 ἐν
461 572 502 655 τῇ
519 563 606 656 μάχη
625 564 835 652 πεπτώκασι,
861 567 978 634 πολλοὶ
1004 564 1041 634 δέ
1065 563 1147 652 φεύ-

181 693 296 756 γοντες
315 674 483 755 ἔθνησκον
501 665 850 755 καταλαμβανόμενοι,
868 675 1016 736 πλεῖστοι
1035 666 1073 735 δέ
1090 668 1173 738 καλε

182 776 229 850 είς
246 765 397 856 ποταμόν
414 766 473 839 τόν
495 774 631 856 Τίβεριν
650 766 904 856 συνωθήθησαν
923 770 978 837 καὶ
994 765 1148 856 ἐφθάρη-

96 943 99 950 ,
181 891 261 940 σαν·
288 875 323 940 οί
339 870 377 940 δὲ
394 871 504 939 λοιποί
529 872 771 964 σκεδασθέντες
788 874 823 938 οί
837 869 899 958 μέν
918 875 966 948 είς
983 868 1047 957 τὴν
1067 867 1146 940 Ῥεά-

175 992 248 1062 ’μην
267 974 381 1043 ἐλθεῖν
398 969 638 1061 ἠδυνήθησαν,
657 975 691 1039 οί
708 971 744 1041 δὲ
762 966 916 1059 ἀλλαχοῦ.

261 1079 306 1144 Οί
323 1068 356 1141 δ’
377 1075 414 1143 ἐν
431 1101 471 1162 τη
484 1071 589 1163 Ῥιόμη
608 1070 745 1162 γνόντες
759 1072 795 1142 τό
813 1067 949 1160 γεγονός
969 1074 1005 1140 ἐν
1022 1068 1146 1160 ἀμηχα·

181 1181 239 1266 νίᾳ
258 1174 427 1262 ἐγένοντο,
451 1175 507 1243 καί
525 1172 727 1261 ἀπογνόντες
752 1170 829 1243 οὔτε
853 1179 920 1242 τῶν
943 1179 1061 1261 τειχῶν
1078 1202 1146 1261 gov-
1160 1203 1186 1242 ιο

183 1275 290 1363 λακήν
314 1282 432 1345 ἔθεντο
456 1275 533 1346 οὔτε
550 1281 607 1364 τής
625 1275 752 1356 πόλεως
775 1273 832 1356 τὰς
856 1273 963 1356 πόλας
982 1281 1146 1362 ἔκλεισαν,

182 1373 257 1446 ἀλλ’
272 1383 307 1447 οί
321 1378 383 1466 μὲν
402 1374 507 1465 αὐτὴν
525 1375 782 1466 ἐκλιμπάνοντες
801 1385 956 1464 ἔφευγον,
975 1380 1010 1444 οί
1027 1376 1063 1446 δὲ
1083 1374 1147 1447 σόν

182 1480 314 1568 γυναιξὶ
337 1481 393 1548 καὶ
418 1481 545 1558 τέκνοις
574 1475 765 1567 ἀνέδραμον
790 1485 837 1558 είς
860 1478 897 1548 τό
921 1475 1143 1548 Καπιτωλιον.

181 1579 277 1668 μόνοι
297 1579 334 1648 δὲ
352 1578 557 1667 ὀγδοήκοντα
575 1579 713 1667 ἀνδρες,
735 1573 793 1660 οὓς
811 1585 847 1648 οί
861 1579 923 1668 μέν
942 1585 1041 1664 ίερεῖς
1060 1578 1150 1648 εἷναί

182 1703 303 1769 φασιν,
327 1687 362 1750 ολ
386 1681 423 1750 δὲ
445 1678 525 1763 τους
543 1680 695 1768 κράτους
718 1677 887 1770 Ῥωμαίων
910 1678 990 1750 καθ’
1011 1675 1147 1766 ἡλικίαν
1161 1706 1187 1747 15

76 1782 241 1851 ³³13&va
259 1787 405 1852 πλοῦτον
428 1783 484 1850 καλ
501 1783 613 1870 γένος,
640 1783 798 1865 ἐνδόντες
818 1779 908 1873 ἱεράς
926 1777 947 1869 r}
971 1790 1147 1852 πολυτελε-

182 1880 302 1965 στάτας
325 1881 461 1971 στολάς,
487 1887 524 1954 ἐν
547 1879 653 1976 ἀγορᾷ
678 1886 731 1953 ἐπὶ
755 1891 822 1954 τῶν
849 1887 1076 1974 ἐλεφαντίνων
1095 1889 1147 1953 δί-

182 2012 279 2073 φρων
297 1981 480 2074 ἐκάθηντο,
503 1983 566 2072 τὴν
584 1990 744 2056 ἐπιοῦσαν
768 1988 1009 2076 προσμένοντες
1033 1982 1145 2074 τύχην.

182 2091 216 2154 οῖ
232 2087 270 2154 δὲ
287 2086 435 2156 Γαλάται
458 2089 500 2174 τή
521 2086 682 2178 ὑστεραίᾳ
700 2079 808 2174 ἦλθον
826 2089 888 2174 μὲν
912 2089 966 2156 ἐπὶ
984 2083 1045 2174 τήν
1068 2081 1147 2156 ‘Pd-

181 2216 259 2276 μην,
279 2185 409 2270 ἰδόντες
427 2189 465 2259 δὲ
483 2187 539 2270 τάς
558 2187 664 2269 πάλας
682 2186 895 2281 ἀνεῳγμένας
914 2190 970 2257 καὶ
988 2187 1024 2256 τὸ
1037 2203 1144 2276 τεῖχος
1158 2214 1185 2255 ιο

181 2287 386 2378 ἀφύλακτον,
406 2292 545 2378 ἐπέσχον
562 2291 618 2359 καί
636 2287 698 2359 οὐκ
716 2288 885 2378 είσήεσαν,
906 2293 1047 2378 ἐνέδραν
1065 2287 1146 2358 ὑπο-

183 2388 394 2475 τοπήσαντες.
436 2395 477 2480 τῇ
497 2391 533 2460 δέ
551 2399 646 2481 τρίτη
664 2391 895 2480 θαρσήσαντες
921 2388 1147 2478 εἰσεπήδησαν

184 2492 239 2558 καὶ
258 2485 349 2560 εἷλον
373 2488 433 2579 τήν
451 2490 557 2564 πόλιν.
596 2494 652 2562 καί
670 2495 718 2583 τῷ
740 2493 802 2581 μέν
821 2499 1020 2584 Καπιτωλίῳ
1039 2521 1148 2580 φρου-

183 2585 282 2673 ράνό
307 2591 575 2684 τῶνβαρβάρων
600 2595 759 2682 ἐπέστησε
783 2593 958 2682 βασιλεύς,
985 2588 1084 2674 αὐτὸς
1110 2592 1147 2662 δέ

185 2688 280 2760 διιόν
310 2691 372 2781 τὴν
402 2689 528 2782 ἀγοράν
559 2693 724 2784 ἐθαύμαζε
754 2695 836 2776 τοδς
852 2695 1147 2818 προκαθημένους
1161 2720 1188 2759 εε

184 2796 333 2875 ἐκείνους
350 2791 534 2915 ἄνδρας,
519 2803 608 2921 ρροὸν
627 2800 664 2867 ἐν
681 2795 793 2890 κόσμῳ
818 2793 941 2876 αότούς
967 2787 1146 2884 ἀτρεμοῦν-

148 2923 239 3020 Βτας
256 2897 313 2966 καλ
326 2901 445 2988 σιωπή.
473 2898 551 2978 τοὺς
570 2899 606 2968 δέ
620 2896 772 2980 Γαλάτας
793 2899 880 2988 εἶχεν
895 2898 1048 2986 ἔκπληξις
1065 2893 1147 2984 πρὸς

75 3039 115 3086 W
124 3025 225 3092 113410
248 2994 390 3086 ἀτοπον,
416 2995 548 3069 ὤκνουν
571 3029 606 3070 τε
631 2996 744 3081 αὐτοῖς
769 3009 982 3148 προσελθεῖν.
1023 2994 1086 3081 ὀψέ
1110 2998 1148 3068 δέ

182 3226 241 3270 του
228 3195 380 3290 ἀνδρὸς
404 3209 526 3289 κατῆγε
550 3200 675 3290 ταύτην
681 3129 838 3292 κβαθεῖαν
861 3194 985 3272 οὖσαν
1011 3229 1029 3270 ο
1019 3195 1148 3270 δὲ
1105 3227 1146 3289 τη
1160 3225 1187 3266 ³0

182 3305 345 3393 βακτηρίᾳ
363 3301 424 3390 τὴν
449 3302 599 3392 κεφαλὴν
618 3306 748 3373 ἐκείνου
773 3302 921 3386 ἐπάταξε,
958 3304 1013 3372 καὶ
1030 3300 1048 3371 δ
1067 3298 1148 3390 βάρ·

181 3407 284 3491 βαρος
302 3400 513 3492 σπασάμενος
530 3403 592 3494 τήν
608 3403 775 3496 μάχαιραν
792 3405 850 3476 τόν
863 3403 970 3495 ἄνδρα
983 3405 1149 3474 κατέκτει-
