2580 3816
206 175 270 238 242
508 177 577 228 ιιι.
598 175 675 229 xm.
695 174 774 228 σεε,
793 174 896 229 xxm.

206 317 381 401 διέβαλλεν
406 313 450 396 ὡς
474 312 629 403 ἀσεβείας
646 313 779 403 μεστόν.
813 321 920 384 ταῦτα
936 313 1059 402 μαθῦν
1076 312 1095 385 6
1112 322 1174 403 βα·
1264 334 1279 395 ς·

206 413 320 497 σιλεῦς
340 415 519 497 Θεοδόσιος
536 418 593 486 καλ
610 415 650 486 τά
668 414 752 485 κατά
770 413 831 486 τόν
851 416 1043 506 Φλαβιανόν
1060 415 1175 504 γνοός,
1265 463 1276 478 -

208 521 244 586 ἐν
267 523 388 598 αἰτίαις
411 524 571 605 πεποίητο
601 517 662 588 τόν
697 515 892 606 Χρυσάριον
922 517 979 588 καὶ
1011 515 1175 606 ὠργίζετο.
1286 589 1287 598 ,

207 624 321 699 δείσας
340 618 378 688 δὲ
396 618 415 689 6
433 618 633 710 Διόσκορος,
652 616 857 706 ὑποτίθησιν
875 615 968 711 αῦτςῦ
986 633 1100 689 πείσαι
1116 618 1176 689 τόν

205 721 343 806 βασιλέα
367 720 573 811 πατριάρχην
592 719 982 802 Κωνσταντινουπόλεως
1005 726 1202 811 προχειρίε
1284 753 1287 774 ι

206 830 332 890 σασδαι
347 815 538 893 Ἀνατόλιον
554 821 615 892 τόν
633 819 740 892 αῦτοῦ
759 819 1025 948 ἀποκρισιάριον,
1044 827 1103 892 ἵνα
1120 823 1175 890 καί

117 955 126 972 ·
206 917 266 992 τόν
280 920 419 1011 Εὐτυχῆ
437 924 569 1011 δέξηται
586 921 671 1013 πρός
684 929 865 992 κοινωνίαν
882 950 939 991 και
956 921 997 992 τά
1014 922 1098 992 κατὰ
1117 922 1176 993 τόν

102 1023 374 1154 ΡΙΙ44μακάριον
407 1024 600 1112 Φλαβιανόν
629 1031 729 1115 μείνη
761 1019 1014 1148 ἀνεξερεύνητα.
1066 1031 1177 1094 πείθει
1285 1085 1287 1130 χ

170 1104 357 1194 Α’τοίνυν
342 1153 360 1193 ο
379 1125 585 1215 ἐκτομίας
549 1154 610 1196 τον
627 1121 838 1212 βασιλία,’
801 1125 976 1214 ευάγωγον
993 1125 1094 1214 όντα,
1119 1127 1177 1196 καὶ
1277 1135 1287 1203 ,⁴

204 1243 440 1316 χειροτονείτω
463 1226 667 1318 πατριάρχης
692 1225 709 1296 6
732 1222 927 1308 Ἀνατόλιος
963 1221 1101 1309 οῦτοςδ
1126 1234 1174 1298 εί·
1190 1251 1215 1292 ιο

206 1327 349 1416 ρημίνος
374 1329 572 1420 Χρυσάφιος
602 1335 661 1416 τῆς
693 1325 848 1408 εὐκολίας
878 1334 940 1398 τοῦ
971 1335 1178 1416 κρατοῦντος

204 1435 430 1519 κατατρυφῦν
469 1437 600 1500 ἔπεισεν
636 1427 761 1518 αὐτόν,
798 1429 854 1498 καὶ
883 1429 946 1518 τὴν
976 1437 1178 1518 βασίλισσαν

206 1527 380 1600 Είδοκίαν
403 1529 635 1621 προσειληφώς
659 1530 845 1621 συνεργόν,
872 1530 935 1620 την
960 1537 1176 1621 Πονλχερίαν

192 1634 263 1717 της
281 1637 352 1700 τῶν
370 1633 577 1722 πραγμάτων
599 1647 812 1722 μετενεγκεῖν
836 1633 1040 1721 διοικήσεως.
1074 1632 1133 1702 καὶ
1156 1631 1178 1721 6

201 1731 276 1818 μὲν
289 1739 359 1802 τῦν
383 1731 581 1823 ἀνακτόρων
604 1732 854 1823 ὑποχωρήσασα
878 1733 959 1804 καθ’
981 1733 1105 1822 ἑαυτὴν
1124 1741 1177 1822 ἔζη
1192 1758 1218 1798 1⁵

203 1857 239 1900 τε
263 1833 319 1898 καὶ
346 1836 382 1901 ἐν
399 1841 446 1926 τῷ
467 1833 617 1928 Ἑβδόμῳ
641 1833 816 1923 ἡσύχαζεν.
853 1832 928 1906 ὁδί
951 1835 1111 1924 βασιλεῦς
1131 1842 1179 1916 είς

206 1928 329 2000 ἑαυτόν
352 1933 416 2016 όψὲ
434 1936 490 2003 καί
507 1935 603 2024 μόλις
622 1936 746 2023 ἐλθών,
774 1936 830 2004 καί
846 1935 909 2024 τὴν
926 1936 1011 2006 κατά
1029 1943 1092 2006 τοῦ
1109 1965 1178 2026 μοι·

204 2039 326 2121 καρίον
351 2040 550 2124 Φλαβιανοῦ
579 2044 775 2126 μιαιφονίαν
804 2034 1091 2128 ἀναλογισάμενος
1121 2039 1180 2108 καλ

204 2132 244 2202 τά
270 2135 354 2205 κατά
386 2137 448 2227 τὴν
472 2145 704 2229 Πουλχερίαν,
735 2139 792 2208 καὶ
817 2137 955 2210 πάντων
978 2150 1087 2210 αίτιον
1116 2137 1180 2209 τόν

204 2237 349 2326 βέβηλον
374 2243 505 2310 ἐκεῖνον
530 2239 697 2329 εὐνοῦχον
721 2237 854 2329 εῦροίν,
878 2247 926 2322 είς
949 2246 1082 2310 δίκαιον
1098 2237 1177 2312 κατ’
1193 2266 1218 2305 ιο

204 2333 314 2408 αῦτοῦ
332 2358 471 2412 κινεῖται
489 2340 616 2429 θυμόν,
634 2341 770 2410 καὶτοῦ
787 2340 850 2430 μὲν
867 2340 1055 2432 ὑπερορίαν
1072 2370 1180 2412 κατοι-

204 2447 378 2562 ψηφίζεται
409 2444 466 2512 καί
492 2438 631 2530 δημεῦει
657 2441 720 2529 τὴν
749 2439 871 2512 οῦσίαν
902 2441 1027 2531 αῦτοῦ,
1051 2443 1114 2530 τὴν
1140 2443 1182 2512 δὲ

168 2535 360 2628 Βάδελφήν
377 2541 684 2629 μετακαλεσάμενος
709 2543 915 2632 συγγνώμην
932 2543 1014 2636 ᾔτει,
1040 2543 1154 2613 καὶ
1116 2573 1184 2632 την
1283 2573 1285 2636 ζ

204 2665 275 2706 των
301 2641 506 2764 πραγμάτων
531 2647 696 2730 διοίκησιν
719 2636 822 2725 αῦδις
849 2643 937 2736 αὐτῇ
962 2648 1181 2767 ἐνεχείρισεν.

204 2730 248 2825 ἦν
267 2739 341 2811 δί’
322 2770 342 2830 η
359 2751 553 2832 Πονλχερία
567 2744 790 2832 συνετωτάτη,
802 2747 858 2814 καὶ
876 2746 983 2818 πολλοὶ
996 2753 1079 2818 νῦν
1076 2749 1183 2816 ἐλατ-
1200 2771 1228 2812 τε

204 2843 367 2932 τωμάτων
390 2851 452 2915 τοῦ
476 2841 627 2934 ἀδελφοῦ
652 2845 693 2914 τά
723 2846 787 2934 μὲν
819 2847 1062 2972 ἐπηνῦρδρυ,
1070 2847 1113 2916 τά
1139 2849 1185 2916 δε

204 2945 444 3016 συνεκάλνπτε.
476 2948 605 3034 λέγεται
621 2953 708 3034 γοῦν
725 2943 993 3037 άπροσίκτως
956 2977 1018 3020 τον
1034 2951 1187 3036 βασιλέα

205 3052 328 3116 τοῦτον
352 3045 647 3137 ὑποσημαίνεσθαι
670 3046 731 3129 τάς
754 3051 896 3139 γραφάς.
934 3049 954 3140 6
975 3051 1013 3121 δὲ
1030 3049 1189 3140 παρῄνει
1282 3053 1284 3130 f

203 3144 295 3238 αὐτῷ
319 3148 364 3236 μὴ
389 3153 458 3218 πάν
483 3149 520 3218 τό
544 3148 800 3239 προσαγόμενον
822 3157 1000 3240 βεβαιοῦν,
1024 3147 1110 3222 ἀλλά
1135 3149 1189 3220 τά

100 3249 434 3336 ιιῐιιετγεγραμμένα
459 3251 792 3339 προεπισκίπτεσθαι.
836 3247 855 3322 δ
881 3253 919 3323 δὲ
945 3258 1188 3342 διεβεβαιοῦτο
1205 3279 1236 3320 ιο

148 3344 282 3428 μήτι
298 3348 390 3466 παρά
407 3377 467 3418 τοο
486 3359 765 3439 κακουργεῖσθαι
786 3379 801 3421 ε
805 3353 970 3424 δίναι
930 3383 996 3445 γαρ
1015 3351 1118 3436 αότός
1135 3353 1190 3424 τὰ

201 3444 399 3531 γραφόμενα
430 3445 673 3572 ἀπισχυρίζετο.
719 3458 768 3532 είς
799 3457 936 3554 ἔλεγχον
965 3463 1082 3526 τοίνυν
1114 3461 1191 3544 τῆς
