2538 3824
202 217 267 282 422
507 221 579 271 LIB.
592 222 626 272 X.
646 217 725 270 cAP.
738 217 864 272 XXVIII.

203 355 404 449 άναφανδδν
427 355 500 430 κατ’
525 356 679 449 ἀλλήλων
703 359 901 448 ώπλίζοντο,
927 362 988 441 ἕως
1010 365 1169 450 Δομίτιος

204 469 329 544 Γναῖος
345 462 402 531 καί
420 459 564 544 Σόσσιος
582 459 694 550 Γάιος,
720 466 780 550 τῆς
796 465 856 532 τοῦ
879 456 1061 532 Ἀντωνίου
1078 469 1169 551 μερί-

205 568 264 644 δος
280 559 392 652 ὄντες,
415 561 620 635 ὑπάτευσαν.
655 561 729 634 τότε
755 563 794 633 δέ
811 561 986 654 προδήλως
1004 559 1171 652 ἐπολεμώ·

203 676 326 754 θησαν.
366 659 384 735 ὁ
407 664 472 755 γὰρ
495 663 639 750 Σόσσιος
662 663 769 735 πολλὰ
791 665 853 754 μὲν
880 667 917 734 ἐν
938 668 979 755 τῇ
1002 671 1170 757 νουμηνίᾳ

204 763 347 858 ἐπῄνεσε
362 765 422 837 τὸν
443 762 639 856 Ἀντώνιον,
669 765 778 837 πολλά
802 766 840 836 δὲ
856 783 993 838 κατεῖπε
1008 770 1069 836 τοῦ
1086 773 1194 838 Καί-ε

204 891 314 960 σαρος.
360 870 418 938 καὶ
433 869 507 939 τότε
523 869 587 960 μὲν
605 868 623 940 ὁ
641 878 774 957 Καίσαρ
792 871 851 958 τῆς
867 865 994 950 πόλεως
1013 866 1170 958 ἐξεχώρη-

205 990 283 1059 σεν,
302 977 414 1041 αἰτίαν
430 967 537 1060 άλλην
554 968 780 1060 πλασάμενος·
813 969 896 1060 μετά
914 970 952 1040 δὲ
969 972 1074 1040 ταῦτα
1091 973 1171 1040 ἐπα·

204 1069 353 1161 νελθών,
371 1073 428 1142 καὶ
445 1070 600 1164 φρουράν
613 1075 723 1168 ἐαυτῷ
734 1069 935 1162 περιστήσας
948 1073 1170 1161 στρατιωτών,
1259 1123 1261 1130 >

203 1175 320 1264 μέτρια
337 1174 399 1270 μὲν
415 1168 502 1264 ὑπὲρ
520 1177 643 1246 ἑαυτοῦ
657 1175 837 1264 διειλίηθη,
855 1178 916 1246 τοῦ
935 1173 972 1243 δὲ
987 1169 1170 1244 Ἀντωυίου

169 1277 260 1346 Βκαὶ
281 1279 342 1346 τοῦ
361 1282 511 1347 Σοσσίου
537 1273 645 1347 πολλά
662 1273 884 1366 κατηγόρησε,
912 1276 967 1345 καὶ
986 1269 1170 1345 άδικοῦντα
1184 1305 1210 1345 ιο

201 1373 261 1448 τόν
283 1372 464 1450 ’Λντώνιον
487 1377 769 1468 διαγραμμάτων
793 1379 975 1467 ἐξελέγχειν
997 1374 1169 1466 ὑπέσχετο.

100 1489 224 1546 WI1156
233 1484 269 1550 οί
300 1467 364 1549 οὖν
392 1475 513 1551 ὕπατοι
542 1477 616 1569 μήτ’
650 1473 821 1550 άντειπεῑν
851 1482 1057 1570 θαρροῦντες
1087 1475 1171 1568 μήτε

203 1583 334 1651 σιωπάν
345 1578 580 1672 ὑπομένοντες,
593 1585 651 1670 τῆς
664 1579 792 1662 πόλεως
806 1578 1052 1670 ἐκχωρήσαντες
1065 1577 1171 1668 ἀπήλ-

203 1694 271 1754 θον
287 1679 370 1772 πρὸς
387 1679 447 1754 τὸν
460 1679 656 1771 Ἀντώνιον,
683 1684 739 1752 καί
761 1689 831 1752 τών
848 1680 960 1753 άλλων
977 1687 1171 1770 βουλευτῶν

203 1778 267 1853 οὐκ
283 1780 391 1873 ὀλίγοι
409 1779 524 1866 αὐτοῖς
541 1781 878 1873 συναπεληλάθασιν·
906 1784 962 1854 καὶ
981 1773 1080 1864 αὖθις
1098 1785 1171 1852 ἕτε-
1185 1813 1210 1854 ιε

204 1912 258 1975 ροι
280 1883 339 1954 τὸν
359 1882 538 1956 ’Λντώνιον
555 1883 709 1968 λιπόντες
726 1891 772 1980 τῷ
790 1892 937 1976 Καίσαρι
954 1881 1171 1976 προσεχώρη-

203 2007 285 2076 σαν,
310 1983 360 2056 ὅτι
384 1985 446 2076 τήν
463 2015 500 2058 τε
516 1995 575 2078 τῆς
597 1985 771 2075 Ὀκταβίας
790 1996 987 2076 συνοίκησιν
1005 1982 1170 2058 άπείπατο

203 2087 260 2160 καί
283 2085 333 2158 ὅτι
358 2091 401 2180 τῇ
427 2087 624 2182 Κλεοπάτρα
651 2087 807 2180 ήχθοντο.
857 2091 889 2172 ἐξ
921 2079 970 2159 ών
999 2085 1122 2178 μαθών
1151 2087 1170 2157 ὁ

202 2199 335 2280 Καίσαρ
352 2187 394 2260 τά
410 2220 446 2262 τε
463 2187 547 2262 άλλα
563 2195 624 2262 τοῦ
645 2187 826 2263 Ἀντωνίου
848 2191 904 2261 καί
928 2187 986 2271 τάς
1004 2187 1168 2277 διαθήκας

202 2289 309 2364 αὐτοῦ
325 2293 382 2363 καὶ
400 2293 490 2384 παρὰ
507 2299 574 2364 τίνι
592 2290 791 2383 ἐτύγχανον,
822 2294 923 2383 ἐλαβέ
937 2319 975 2362 τε
992 2287 1092 2371 αὐτάς
1109 2289 1209 2362 καίεο

205 2398 349 2486 δημοσία
373 2390 521 2482 άνίγνω,
552 2400 688 2485 πρᾶγμα
711 2391 851 2484 ποιήσας
874 2390 1168 2484 παρανομώτατον.

170 2493 369 2582 Οτοσαάτην
397 2495 433 2565 δὲ
458 2496 514 2566 διά
539 2493 579 2565 τά
603 2496 816 2587 γεγραμμένα
833 2493 937 2586 ὀργὴν
954 2496 1011 2564 καί
1028 2499 1063 2564 οί
1077 2491 1170 2564 πάνυ

204 2597 321 2689 ἐκείνω
339 2604 572 2687 προσκείμενοι
591 2600 816 2684 ἐνεδείξαντο,
840 2593 924 2668 ώστε
949 2593 1010 2685 τήν
1027 2625 1063 2666 τε
1080 2590 1171 2666 άπα-

202 2704 297 2768 τείαν
319 2699 376 2767 καὶ
402 2696 463 2788 τήν
492 2696 598 2789 άλληυ
628 2697 763 2769 ἅπασαν
794 2701 948 2783 ἐξουσίαν
978 2695 1170 2786 ἀφείλοντο,

203 2800 260 2870 καί
283 2816 352 2882 τοῖς
375 2803 538 2872 συνοῦσιν
561 2796 654 2894 αὐτῷ
677 2797 797 2871 άδειαυ
820 2802 876 2870 καὶ
900 2804 1075 2888 ἐπαίνους,
1110 2796 1170 2869 ἐάν
1184 2826 1209 2866 ετ

203 2905 468 2990 ἐγκαταλίπωσιν
486 2898 607 2993 αὐτόν,
633 2906 855 2991 ἐψηφίσαντο·
883 2903 939 2972 καί
955 2905 996 2991 τῇ
1014 2897 1172 2971 Κλεοπά-

202 3031 265 3097 τρα
289 3001 436 3094 πόλεμον
460 3001 658 3094 ἐπήγγειλαν
682 3001 858 3096 άυτικρυς,
882 3001 918 3086 ὃς
942 3007 1069 3093 μᾶλλον
1087 2998 1171 3094 πρὸς
1263 3007 1265 3082 ζ

201 3102 261 3174 τὸν
276 3100 457 3177 ’Λντώνιον
474 3112 614 3177 ἐτεινεν·
640 3103 769 3196 ᾔδεσαν
785 3104 849 3198 γάρ
867 3101 970 3178 αὐτὸν
982 3101 1068 3191 ὑπὲρ
1083 3105 1171 3174 ἐκεί·
1260 3101 1265 3130 ⁴

203 3232 264 3290 νης
281 3202 391 3276 πάντα
407 3205 602 3278 ὑποίσοντα.
638 3201 725 3278 οὕτω
748 3204 812 3296 γάρ
835 3206 939 3278 αάτδν
958 3202 1170 3277 ἐδουλώσατο
1264 3245 1265 3248 ¹

204 3301 288 3373 ὥστε
306 3313 438 3392 βασιλίς
455 3335 491 3376 τε
509 3311 565 3378 καὶ
579 3308 738 3379 δέσποινα
751 3304 812 3379 ὑπ’
834 3312 964 3380 ἐκείνου
977 3317 1168 3394 καλεῖσθαι,
1181 3331 1206 3371 ιο
1264 3363 1265 3380 ι

205 3402 405 3490 στρατιώτας
427 3434 463 3476 τε
488 3405 666 3496 Ῥωμαίους
691 3412 727 3480 ἐν
750 3413 796 3504 τῷ
823 3415 1035 3503 δορυφορικῷ
1065 3403 1187 3497 αὐτῆς
1263 3457 1265 3478 .

206 3505 292 3588 ἔχειν
316 3507 372 3574 καί
396 3523 468 3588 ταίς
492 3502 609 3577 άσπίσι
632 3507 768 3581 πάντων
790 3510 826 3581 τὸ
849 3509 955 3603 ὄνομα
973 3506 1077 3598 αὐτῆς
1095 3513 1168 3580 ἐπι·
1264 3545 1265 3584 3
