2538 3824
406 132 478 186 Lm.
491 130 525 186 x,
545 130 622 184 οΑΡ.
636 133 788 186 xxxvm.
1019 131 1083 196 455

1 334 2 344 ,
109 279 303 364 σφραγῖδας
333 275 369 342 oc
401 267 712 361 κατασημηνάμενοι
747 273 990 361 έπεσκέφαντο,
1025 275 1082 344 καὶ

109 371 436 464 ἀνεγνάσθησανέυ
455 369 584 466 ἐπηκόῳ
602 400 662 443 τον
647 379 873 464 συνεδρίου
919 377 1082 498 ἐκομίσθη

0 488 1 493 ’
109 476 143 549 δ’
171 483 220 558 είς
242 504 280 546 το
270 472 486 564 συνέδριον
508 476 564 544 καὶ
588 481 704 563 βιβλία
721 470 826 548 αὐτοῦ
843 477 1005 605 τέσσαρα,
1034 466 1082 548 ὦν

1 618 2 627 ¹
108 609 146 650 το
134 579 228 669 μέν
246 583 283 648 ἓν
302 605 342 647 τα
330 575 495 666 περὶ
454 603 513 664 της
530 582 639 664 ταφής
655 574 849 666 διετάττετο,
868 573 987 648 τὸδ’“
968 607 1082 670 ετερον

76 679 168 762 στάς
186 677 321 770 πράξεις
339 673 378 760 ἀς
397 687 553 769 είργαστο
572 675 708 769 διεξῄει,
725 685 772 772 τῷ
792 679 830 750 δέ
847 686 947 774 τρίτῳ
960 677 1001 750 τά
1013 683 1081 752 τάν

1 797 3 872 ί
109 785 323 875 στρατιωτῶν
347 780 405 850 καὶ
430 775 471 848 τά
494 783 563 850 τῶν
586 777 764 871 προσόδων
788 781 845 850 καὶ
862 785 931 852 τῶν
947 778 1081 852 ἀναλω-

1 929 3 966 ;
108 882 225 976 μάτων
247 886 317 953 τῶν
341 885 513 970 δημοσίαν
536 881 695 964 συνέταξε
718 885 774 953 καὶ
797 879 834 953 τό
858 885 988 972 πλήθος
1011 885 1080 954 τοῖν

1 972 3 1048 3
110 990 149 1060 ἐν
165 1001 234 1066 τοῖς
252 995 440 1074 θησαυροῖς
458 981 653 1074 χρημάτων,
684 981 721 1053 τὸ
741 987 780 1053 δέ
795 1011 833 1073 γε
850 985 1007 1075 τέταρτον
1026 987 1080 1054 έν-

1 1095 2 1101 ’
107 1086 206 1174 τολάς
224 1100 371 1176 περιεῖχε
388 1087 435 1179 τῷ
454 1091 598 1179 Τιβερίῳ
616 1085 673 1156 καί
691 1089 738 1180 τῳ
754 1089 858 1180 κοινῷ
876 1083 1078 1176 ἐπισκήψεις.

61 1220 94 1262 ιο
107 1188 239 1262 τούτων
258 1183 291 1258 δ’
311 1185 605 1275 ἀναγνωσθέντων
621 1185 643 1276 ή
662 1183 788 1278 ἐκφορά
805 1189 923 1276 γέγονε
936 1191 992 1259 καὶ
1011 1191 1079 1259 ἐπι-

106 1289 223 1382 τάφιοι
246 1287 441 1382 ἐρρήθησαν
464 1285 555 1379 παρά
577 1317 614 1360 τε
638 1292 698 1360 τοῦ
721 1286 882 1378 Δρούσου
908 1291 964 1359 καὶ
988 1288 1112 1382 παράΒ

106 1396 170 1465 που
199 1397 379 1520 Τιβερίου·
413 1387 530 1461 είταέ
514 1388 644 1478 ἐκαύθη
670 1387 706 1462 τὸ
732 1394 828 1481 σῶμα
854 1387 969 1463 αὑτοῦ.
1023 1393 1078 1462 καὶ

107 1492 289 1576 πένθος
252 1519 326 1564 τοτε
344 1491 407 1582 μὲν
419 1519 460 1562 ον
449 1487 604 1582 ’πολλοί,
622 1488 767 1582 ὕστερον
782 1489 880 1564 δέπ
832 1519 955 1576 παντες
970 1500 1078 1583 ἔσχον,

106 1595 312 1688 μεμνημένοι
335 1591 387 1664 ὅτι
409 1620 446 1662 τε
463 1599 568 1666 πᾶσιν
586 1586 830 1686 εὐπρόσοδος
811 1624 853 1684 ην
871 1624 926 1666 και
915 1596 1079 1678 πολλοῖς

64 1725 95 1767 ιο
110 1696 248 1787 ἐπήρκει
267 1701 300 1779 ές
317 1692 485 1822 χρήματα,
512 1699 569 1766 καὶ
586 1694 637 1767 ὅτι
655 1703 733 1768 λίαν
752 1699 846 1788 ἐτίμα
862 1687 942 1780 τούς
958 1704 1079 1787 φίλους

106 1802 164 1871 καὶ
189 1795 324 1889 χάριτας
349 1791 512 1887 ὁμολόγει
534 1812 604 1879 τοῖς
626 1793 729 1870 αὐτὸν
748 1801 1003 1892 διορθουμένοις
1022 1796 1075 1888 ἐφ’

106 1898 158 1984 οἷς
182 1899 380 1990 ἐσφάλλετο·
422 1895 534 1989 ὥσπερ
560 1901 616 1970 καὶ
647 1904 694 1993 τῷ
723 1898 949 1994 Ἀθηνοδώρῳ
976 1899 1078 1991 ἀνδρὶ

110 2027 265 2098 σοφῳπ
194 2005 265 2072 ἐπ
267 2002 412 2093 ίτοιᾴδε
430 2007 530 2092 αίτίῳ.

186 2099 426 2193 Εὐκατάφορος
444 2093 525 2225 πρὸς
542 2130 582 2172 τα
571 2091 823 2192 ἀφροδίσια
800 2130 860 2190 ην,
888 2107 948 2171 καί
969 2105 1004 2172 oc
1018 2129 1077 2190 γυ-

64 2237 94 2281 εο
107 2221 222 2289 ναῖκες
253 2209 441 2296 ἐκομίζοντο
472 2200 510 2285 οἷς
542 2201 702 2326 ἐβούλετο
721 2205 758 2274 ἐν
782 2203 994 2290 καταστέγοις
1018 2231 1078 2292 φο·
1106 2201 1110 2204 ’

107 2316 212 2396 ρείοις
236 2309 292 2380 καὶ
318 2333 424 2389 ουτως
449 2314 496 2390 τίς
519 2303 579 2377 τὸν
596 2299 702 2376 αὐτου
690 2301 893 2394 εἰσήγοντο
910 2301 1077 2394 θάλαμον,

109 2415 237 2492 ἐκεῖνος
263 2409 300 2480 δέ
324 2405 447 2491 ταύτας
473 2409 569 2498 ἑξήγέ
589 2435 626 2479 τε
649 2409 706 2478 καὶ
733 2408 896 2499 ἐκέχρητο.
941 2403 1077 2498 ήράσθη

107 2516 193 2602 γοῦν
217 2538 297 2584 ποτε
321 2509 480 2599 γυναικὸς
503 2513 559 2580 καὶ
583 2517 709 2600 ἔπεμψε
732 2516 851 2597 λαβεῖν
875 2507 990 2598 αὐτήν.
1041 2512 1078 2580 ἐν

107 2613 216 2708 τούτῳ
241 2613 279 2684 33
301 2609 320 2683 3
338 2609 593 2704 Ἀθηνόδωρος,
618 2615 664 2704 τῷ
688 2618 746 2702 τῆς
768 2610 927 2700 γυναικὸς
945 2614 1109 2699 ἐκείνηςο

1 2711 2 2766 3
64 2743 97 2786 τε
111 2713 214 2808 ἀνδρὶ
232 2710 386 2802 συνήθης
405 2713 465 2804 ἀν,
493 2721 610 2805 ἔτυχεν
628 2709 788 2784 ἀπελθών
804 2713 863 2784 τὸν
880 2719 982 2802 φίλον
998 2710 1077 2796 ὀψό-

107 2846 225 2908 μενος,
249 2819 305 2888 καὶ
328 2814 537 2904 ἀσχάλλοντα
564 2813 674 2906 εὑρών
691 2813 849 2886 κάκείνου
865 2815 921 2884 καὶ
939 2815 1002 2901 τήν
1018 2842 1077 2903 γυ-

98 2949 150 2990 να
153 2937 227 3008 ῑ,κα
251 2915 292 2990 οὐ
310 2917 374 3010 γάρ
392 2915 563 3008 ήδάναυτο
581 2913 786 3006 ἀντιστῆναι,
807 2911 870 3038 τήν
888 2920 1002 2984 αίτίαν
1018 2917 1076 3002 τής

106 3019 218 3110 λάπης
238 3017 391 3091 ἐπύθετο
433 3023 490 3092 καὶ
507 3017 628 3110 μαθάν
642 3014 783 3114 ήρεμεῖγ
801 3011 932 3139 333033
941 3015 1076 3087 ἐκέλευ-

108 3143 183 3194 σεν·
220 3121 321 3202 αὐτὸς
344 3119 409 3214 γάρ
436 3119 601 3192 ἀπελθεῖν
618 3127 683 3246 ἔφη
701 3116 782 3210 πρὸς
800 3114 860 3188 τὸν
878 3113 1076 3206 Αὔγουστον

65 3253 93 3295 ω
107 3227 175 3294 καί
187 3225 249 3312 τήν
273 3221 377 3296 αὐτοῦ
400 3219 647 3314 ἀποστρέψαι’
631 3219 748 3342 ορμήν.
785 3221 841 3290 καὶ
859 3221 1076 3308 κομισθέντος

103 3331 169 3396 τοῦ
193 3326 396 3414 καταστέγου
421 3321 592 3415 δίφρου“
569 3353 614 3406 ως
643 3327 702 3413 τής
731 3320 890 3414 γυναικὸς
921 3325 958 3392 ἐν
982 3317 1077 3416 αάτῳ

110 3429 400 3518 είσελευσομένης,
426 3432 585 3516 είσήλθεν
602 3421 621 3496 3
636 3421 888 3518 Ἀθηνόδωρος,
907 3425 962 3494 καὶ
980 3420 1081 3514 ξίφος
