2566 3800
386 171 748 228 mffimffinm
1006 179 1066 244 m

102 313 184 386 ἕκάυ
203 309 324 384 ἑαυτόν
341 308 455 398 αὐτοῖς
473 317 691 407 ἐνεχείρισεν,
718 315 842 408 ἀτίμως
859 315 956 408 ἤγετο
975 320 1065 412 παρά

100 420 157 487 τοῦ
174 413 355 507 Σαπάρου.

176 521 222 590 Οί
236 519 366 608 Πέρσαι
391 517 429 588 δὲ
454 513 537 588 κατά
560 522 672 590 πάσαν
695 515 812 591 άδειαν
834 536 906 603 ταῖς
927 519 1065 594 πόλεσιν

103 618 249 701 ἐπιόντες
283 617 346 706 τήν
375 645 412 688 τε
435 615 517 706 πρός
542 623 590 714 τῷ
611 616 746 712 Ὀρόντχ
765 625 920 714 αἱροῦσιν
940 621 1064 696 Ἀντιό-

1 727 2 802 J
73 749 191 813 τχειαν
208 722 264 792 καὶ
281 719 344 810 τὴν
361 723 652 812 περιφανεστέραν
669 727 737 795 τῶν
752 725 811 814 τῆς
828 731 980 808 Κιλικίας
1003 723 1066 796 πό-

100 835 185 895 λεων
197 814 260 912 τὴν
274 820 405 914 Ταρσὸν
418 823 475 894 καὶ
489 819 552 912 τὴν
566 826 603 896 έν
612 824 1063 920 ΚαππαδοκίμΚαισάρειαν.

100 927 154 996 καὶ
170 927 301 1015 πλῆθος
326 921 544 1014 αἰχμαλώτων
567 925 813 1016 συναγαγόντες
836 923 917 998 οόδέ
940 933 1065 1020 τροφῆς

1 1114 2 1117 ¹
101 1021 210 1110 αὐτοῖς
240 1031 440 1117 μετεδίδονν
471 1033 503 1098 εί
529 1023 576 1116 μὴ
606 1034 787 1120 βραχίστιχς
818 1027 897 1100 ὥστ’
927 1026 1063 1120 ἀποζῆν,

100 1123 175 1199 οὔτε
199 1127 267 1218 μὴν
290 1125 415 1210 ὕδατος
440 1130 589 1218 μετέχειν
612 1136 660 1212 είς
686 1127 789 1220 κόρον
820 1143 899 1202 είων
930 1127 1064 1221 αὐτούς,

60 1265 88 1306 10
101 1227 172 1302 ἀλλ’
193 1225 279 1313 άπαξ
302 1237 360 1317 τῆς
384 1227 508 1321 ἡμέρας
530 1235 566 1300 οί
586 1229 715 1302 τούτων
740 1234 884 1326 φρουροί
914 1229 1065 1322 ἤλαυνον

98 1327 219 1414 αάτοάς
244 1327 298 1421 ἐφ’
323 1327 417 1424 ὕδωρ
448 1327 561 1424 ὥσπερ
591 1331 796 1422 βοσκήματα.
850 1332 913 1423 τὴν
939 1333 1097 1408 Kadoi-c

98 1461 192 1522 ρειαν
211 1433 249 1504 δέ
272 1431 544 1526 πολυάνθρωπον
567 1425 693 1525 οὖσαν,
717 1436 795 1526 περὶ
817 1433 1065 1528 τεσσαράκοντα

97 1532 160 1626 γάρ
177 1532 343 1626 μυριάδας
360 1532 556 1628 άνθράπωυ
580 1539 618 1608 ἐν
634 1533 721 1627 αὐτῇ
737 1541 868 1628 λέγεται
885 1555 1064 1627 κατοικεῖν,

98 1632 138 1708 οὐ
154 1635 318 1728 πρότερον
337 1631 445 1727 εἷλον,
470 1644 634 1724 γενναίως
657 1641 725 1709 τάν
751 1641 788 1710 έν
813 1636 897 1732 αὐτῇ
920 1654 989 1722 τοίς
1006 1667 1063 1710 πο-

56 1745 220 1828 ιτλεμίοις
238 1737 570 1828 ἀντικαθισταμένων
593 1741 651 1810 καὶ
672 1741 973 1832 στρατηγουμένων
996 1739 1066 1812 ὑπό
1143 1788 1147 1795 ·

95 1869 186 1922 τινος
203 1841 465 1930 Δημοσθένους,
492 1837 614 1931 άνδρός
631 1844 688 1912 καὶ
705 1837 866 1935 ἀνδρείου
884 1846 941 1915 καὶ
967 1865 1064 1916 συνε-

97 1945 168 2032 τοά,
187 1945 270 2033 πρίν
286 1939 308 2031 ἦ
326 1971 375 2025 τις
395 1939 605 2033 δορυάλωτος
622 1948 842 2034 κατασχεθεὶς
861 1943 990 2035 ίατρός,
1009 1947 1065 2016 καὶ

96 2040 154 2124 τάς
179 2045 384 2134 ἐπαγομένας
414 2039 504 2138 αὐτῷ
534 2040 580 2133 μὴ
611 2049 725 2134 φέρων
756 2051 882 2135 αἰκίας,
909 2045 1068 2130 δπέδειξέ

95 2171 172 2216 τινα
201 2144 322 2234 τόπον,
353 2142 437 2216 ὅθεν
466 2145 589 2228 νυκτός
620 2148 781 2234 εἰσῆλθον
803 2151 839 2216 οί
853 2147 984 2235 Πέρσαι
1007 2148 1063 2215 καὶ

53 2282 83 2324 20
96 2244 225 2330 πάντας
242 2245 388 2318 άυεῑλον.
432 2245 451 2317 ό
476 2249 516 2318 δέ
537 2275 575 2336 γε
599 2243 728 2317 τούτων
752 2243 933 2336 στρατηγός
950 2258 1064 2336 Λημο-

96 2348 223 2438 σθένης
245 2347 311 2420 ὑπὸ
335 2351 469 2420 πολλάν
491 2349 681 2430 κυκλωθεὶς
698 2355 844 2439 Περσων
860 2350 1065 2419 κελευσθέν-

92 2478 164 2520 τωυ
182 2449 265 2535 ζωὸν
287 2445 392 2522 αάτδν
417 2459 616 2540 συλλαβεῖν,
647 2450 705 2520 τόν
729 2457 834 2524 ἵππον
857 2447 985 2540 άναβάς
1009 2451 1064 2520 καλ

92 2549 227 2641 γυμνόν
252 2549 288 2622 τό
312 2555 407 2643 ξίφος
429 2548 556 2644 ἧρκάς,
589 2551 778 2642 είσοόθησεν
809 2550 931 2626 ἑαυτὸν
960 2555 1098 2644 μίσουΙ)

92 2655 165 2723 τεόν
182 2659 367 2744 πολεμίων·
398 2655 454 2724 καί
478 2660 654 2736 πλείστους
678 2653 876 2745 καταβαλάν
897 2658 1065 2739 διεξέπεσε

47 2788 79 2831 25
94 2757 157 2844 τῆς
174 2753 303 2836 πόλεως
320 2755 376 2826 καὶ
395 2760 576 2846 διαφυγεῖν
594 2765 740 2846 ἴσχυσεν.

178 2852 275 2927 Οὕτω
295 2857 332 2927 δέ
349 2860 418 2928 τεόν
435 2857 640 2949 πραγμάτων
656 2873 725 2939 τολς
742 2859 890 2948 Πέρσαις
908 2875 1065 2945 συνενεχ-

90 2957 249 3048 θέντων,
284 2957 368 3029 κατά
402 2963 515 3030 πᾶσαν
548 2955 611 3047 τὴν
644 2955 869 3048 ὑποκειμένην
895 2952 1065 3048 Ῥωμαίοις

90 3056 187 3152 ἑςόαν
210 3057 500 3151 διεσκεδάσθησαν
529 3057 642 3151 χάραν
671 3061 728 3133 καὶ
759 3057 929 3151 ἐπόρθουν
959 3053 1066 3146 αὐτὴν

88 3151 213 3241 τἰδεοὸς.
263 3167 296 3232 ολ
324 3162 437 3252 μέντοι
461 3157 611 3251 Ῥωμαῖοι
641 3159 819 3253 φυγόντες,
851 3157 896 3245 τός
927 3171 1065 3254 είρηται,

42 3299 75 3342 ω
90 3261 286 3352 στρατηγόν
317 3265 448 3346 ἕαυτοίς
479 3265 666 3353 ἐπέστησαν
691 3261 878 3336 Κάλλιστόν
907 3279 996 3336 τινα·
1028 3257 1065 3346 ὃς

90 3365 391 3456 σκεδαννυμένους
400 3362 478 3447 τοδς
486 3365 620 3458 Πέρσας
629 3361 720 3456 όρω”ν
729 3368 785 3436 καὶ
794 3361 1167 3458 άπερισκέπτωςλσῐῐεεσ

91 3464 253 3550 ἐπιόντας
283 3483 355 3551 ταῖς
384 3465 506 3560 χάραις
536 3470 584 3564 τῷ
612 3465 659 3558 μή
688 3495 763 3540 τινα
793 3479 927 3542 οίεσθαι
952 3465 1066 3552 αάτοίς
