2558 3820
200 175 264 240 334
463 175 535 226 τευ.
547 173 596 226 1x.
616 173 694 228 σοι».
706 175 806 225 xm.
825 173 910 224 xxx.

202 320 352 406 χαλεπῶς
368 313 431 404 μὲν
456 315 513 384 καὶ
532 311 715 402 ἐπιπόνως,
740 307 829 402 ὅμως
846 314 960 402 μέντοι
982 307 1049 382 όπό
1067 322 1172 383 πολυ-

168 423 327 508 σχειρίας
344 413 382 486 τό
400 422 499 506 ἔργον
514 417 711 505 ἐξείργαστο.
743 425 869 505 είργειν
885 413 949 503 μὲν
966 411 1030 507 γάρ
1048 410 1170 496 αύτούς

202 522 398 609 ἐπεχείρουν
428 521 469 592 oc,
490 514 732 608 Καρχηδόνιοι,
768 517 824 585 καί
854 517 973 600 πολλαὶ
1004 513 1105 606 μάχαι
1135 519 1171 586 ἐν

201 618 309 714 τούτῳ
340 623 508 708 ἐγίνοντο,
539 616 581 689 ού
604 618 719 708 μέντοι
740 619 797 688 καί
826 619 975 688 κωλύσαι
1003 615 1041 688 τό
1067 619 1171 708 χοόσαι

200 717 434 810 ἠδυνήθησαν.
1184 746 1199 788 5

149 837 190 903 30
281 825 327 893 Οί
340 812 404 894 ούν
421 817 666 911 Καρχηδόνιοι,
689 822 751 890 τού
773 817 933 910 στόματος
955 823 1016 890 τού
1040 820 1172 910 λιμένος

202 925 411 1014 χωσθέντος,
429 926 470 1014 τῇ
486 927 546 993 τού
565 929 661 997 σίτου
679 919 800 992 σπάνει
813 927 932 1004 δεινῶς
949 922 1171 1010 ἐπιέσθησαν·

202 1027 258 1096 καὶ
276 1029 311 1096 οί
324 1025 388 1116 μεν
401 1020 630 1114 ηύτομόλουν,
653 1027 689 1094 οί
703 1023 741 1093 δέ
766 1026 1043 1114 ἐγκαρτεροῦντες
1067 1029 1173 1112 ἔθνη-

203 1149 303 1217 σκον,
328 1131 363 1196 οί
379 1127 417 1196 δὲ
440 1128 660 1216 τῶννεκρῶν
685 1123 849 1214 ἐγεύοντο.
886 1121 971 1196 ὅθεν
993 1122 1172 1214 ἀθυμήσας

129 1261 130 1266 ’
199 1225 405 1321 Ἀσδρούβας
423 1231 581 1320 πρέσβεις
598 1223 681 1318 πρὸς
704 1225 763 1297 τόν
781 1233 958 1298 Σκιπίωνα
973 1229 1052 1317 περὶ
1070 1247 1173 1297 σπου-
1188 1257 1213 1296 ιο

203 1336 274 1402 δῶν
297 1337 440 1420 έπεμψε·
468 1332 525 1400 καί
549 1335 666 1418 ἔτυχεν
689 1322 733 1398 άν
754 1335 813 1417 τῆς
836 1323 969 1418 άδείας,
993 1335 1025 1400 εί
1045 1327 1092 1418 μή
1114 1330 1173 1398 καὶ

202 1449 271 1514 τοῖς
289 1441 416 1515 λοιποῖς
434 1427 539 1502 άπασι
556 1431 612 1500 καὶ
630 1427 692 1519 τήν
717 1437 887 1521 σωτηρίαν
911 1431 966 1500 καὶ
990 1427 1053 1518 τήν
1077 1433 1172 1502 ἐλευ-

202 1540 325 1624 θερίαν
348 1535 471 1624 πρᾶξαι
493 1527 650 1621 ήδέλησε.
695 1531 887 1623 διαμαρτὼν
910 1522 975 1602 ούν
998 1526 1102 1619 αύτής
1126 1537 1173 1612 είς

168 1635 267 1724 υτήν
297 1632 480 1725 ἀκρόπολιν
509 1629 572 1721 τήν
593 1648 741 1721 γυναῖκα
764 1635 995 1721 κατέκλεισεν,
1015 1635 1100 1704 ἐπεὶ
1115 1627 1173 1725 ’τῷ

204 1741 373 1808 Σκιπίωνι
390 1732 476 1822 ὑπὲρ
500 1736 621 1822 ἑαυτῆς
638 1735 694 1804 καί
718 1736 786 1806 ταῖν
801 1739 930 1806 τέκνων
954 1734 1174 1825 διεκηρυκεύ-
1189 1761 1212 1804 ιε

204 1855 300 1907 σατσ
328 1837 383 1906 καὶ
401 1833 505 1907 τάλλα
523 1832 637 1928 διῴκει
659 1833 900 1928 τολμηρότερος
917 1833 1096 1926 γενόμενος
1115 1835 1172 1906 διά

202 1937 265 2027 τήν
288 1935 490 2026 ἀπόγνωσιν.
538 1935 641 2018 αύτός
669 1963 706 2006 τε
735 1927 798 2008 ούν
823 1938 880 2008 καί
905 1935 999 2008 άλλοι
1022 1933 1174 2025 άπονοίᾳ

202 2037 423 2130 κρατούμενοι
446 2040 503 2110 καὶ
526 2037 647 2120 νυκτός
677 2040 733 2108 καὶ
757 2036 882 2131 ἡμέρας
907 2037 1085 2130 ἐμάχοντο,
1115 2039 1173 2109 καὶ

202 2141 242 2211 τά
265 2141 329 2233 μὲν
351 2140 515 2232 ἡττῶντο,
538 2141 579 2212 τά
604 2137 637 2210 δ’
659 2139 880 2230 ἐπεκράτουν,
904 2143 961 2212 καὶ
985 2139 1170 2230 ἀντεμηχα-

201 2249 311 2316 νῶντο
333 2241 416 2335 πρὸς
438 2243 497 2326 τάς
515 2240 695 2333 Ῥωμαϊκὰς
723 2239 883 2332 μηχανάς.
927 2243 984 2312 καὶ
1006 2237 1026 2312 ὁ
1048 2247 1173 2322 Βιδίας
1187 2271 1215 2316 νο

204 2346 240 2416 δέ
266 2342 431 2436 φρούριόν
460 2373 492 2415 τι
524 2342 670 2435 ἐρυμνὸν
695 2350 781 2433 ἔχων
811 2345 867 2414 καὶ
898 2345 952 2414 ἐπὶ
983 2343 1090 2415 πολλά
1112 2347 1174 2433 τῆς

201 2442 343 2538 ἠπείρου
367 2441 496 2535 προῑύν
521 2441 598 2528 τούς
626 2472 663 2515 τε
688 2451 942 2536 Καρχηδονίους
966 2441 1089 2536 τόφίλει
1115 2446 1173 2518 καί

201 2545 279 2630 τούς
291 2545 472 2638 Ῥωμαίους
490 2544 620 2618 ἐκάκου.
660 2545 715 2618 διὸ
732 2549 788 2618 καί
804 2541 823 2618 ὃ
841 2553 997 2620 Σκιπίων
1013 2544 1053 2617 τό
1070 2545 1175 2637 στρά-

201 2677 306 2738 τευμα
337 2647 458 2720 διελών
483 2645 521 2720 τό
550 2649 613 2739 μέν
642 2654 683 2740 τῇ
707 2646 902 2741 Καρχηδόνι
932 2645 1175 2740 προσεδρεύειν

202 2753 311 2842 ἐιαξε,
341 2749 378 2822 τὸ
410 2751 448 2822 δέ
478 2751 533 2822 ἐπί
562 2749 622 2822 τὸν
645 2755 772 2822 Βιθίαν
795 2757 960 2841 ἐπεμψεν,
993 2747 1175 2840 ἐπιστήσας
1188 2777 1215 2820 ιε

202 2849 292 2947 αύτῷ
321 2851 381 2926 τόν
410 2851 664 2944 ὑποστράτηγον
693 2849 754 2923 τόν
782 2849 888 2923 Γάιον
918 2859 1074 2924 Λαίλιον·
1116 2851 1176 2922 καὶ

202 2953 304 3038 αὐτὸς
335 2957 520 3046 ἑκατέρωσε
551 2960 703 3045 διεφοίτα
733 2950 834 3044 άμφω
862 2957 1061 3026 ἐπισκοπῶν.
1115 2955 1175 3024 καί

100 3055 274 3146 ΡΙ469ήλω
291 3057 329 3128 τὸ
347 3055 521 3150 φρούριον.
566 3054 625 3127 εἶτ’
641 3045 749 3137 ἀὖθις
772 3053 864 3146 πάσῃ
881 3062 923 3148 πή
940 3057 1079 3148 στρατιᾷ
1097 3055 1176 3126 ἐπο-

202 3168 365 3249 λιορκεῖτο
382 3157 403 3248 ή
421 3156 619 3250 Καρχηδύν.

274 3256 493 3360 Ἀπογνόντες
511 3249 574 3332 νύν
590 3266 626 3331 οί
641 3255 861 3352 Καρχηδόνιοι
877 3262 994 3350 μηκέτι
1012 3255 1177 3352 ἑκάτερον
1190 3284 1219 3328 ιο

274 3465 352 3555 δερ.
366 3493 408 3543 30.
421 3491 521 3544 Dionis
533 3492 677 3546 Historiae
689 3493 831 3547 Romanae
844 3493 909 3546 libri
920 3492 1030 3560 perditi.
1075 3467 1081 3478 ¹
