2538 3824
405 201 479 255 ειε.
493 201 527 255 x.
546 201 626 258 οιε.
637 203 767 257 xxxm.
1009 203 1074 268 439

176 339 250 413 Ὅτε
268 341 307 412 δὲ
324 337 518 431 Αὔγουστος
536 340 706 434 ἐπεκλήθη
722 342 741 414 6
758 353 910 436 Καίσαρ,
934 362 1073 435 σημεῖον
1084 349 1129 415 33

107 438 149 514 ού
171 442 291 536 μικρὸν
313 441 388 515 τότε
413 441 496 515 κατά
513 441 576 534 την
592 443 699 516 νύκτα
717 448 850 536 ἐκείνην
868 448 1014 536 ἐγένετο·
1055 442 1074 518 6

13 615 15 618 .
107 545 172 637 γάρ
196 552 327 637 Τίβερις
343 553 526 635 πελαγίους
544 549 656 618 πάσαν
672 547 735 637 τήν
752 543 895 618 πεδιάδα
913 551 971 638 τῆς
994 543 1074 619 Ῥά-

106 675 170 737 μης
186 651 370 736 κατέλαβεν
387 643 473 718 ὥστε
489 655 658 720 πλεῖσθαι.
694 650 749 720 καλ
766 653 803 720 ot
817 647 951 739 μάντεις
969 647 1019 720 ὅτι
1036 677 1073 720 τε

80 751 163 818 εέπλ
187 751 272 839 μέγα
295 745 433 838 αὐξήσει
456 750 513 818 καὶ
536 745 588 820 ὅτι
608 754 721 822 πάσαν
737 748 800 839 τὴν
816 749 918 822 πόλιν
935 746 1073 842 ύποχει-

104 857 185 940 ρίαν
207 853 272 934 ἕξει
299 853 335 920 έιι
358 849 481 922 τούτου
504 867 675 942 προεῖπον.
723 847 742 923 6
763 853 800 924 δέ
817 850 858 922 τά
875 851 916 924 τε
929 849 1014 923 άλλα
1030 850 1072 923 τά

103 955 152 1042 τῇ>
169 947 258 1044 άρχῇ
289 949 500 1041 προσήκοντα
529 951 784 1046 προθυμότερον
815 961 995 1044 ἔτραπεν,
1026 953 1072 1038 ὣς

5 1056 6 1062 ’
104 1051 296 1124 ἐθελόντων
312 1053 443 1144 ἄρχων,
461 1055 518 1124 καί
537 1057 737 1146 ἐνομοθέτει.
774 1052 814 1126 06
831 1057 944 1145 μέντοι
961 1054 1072 1127 πάντα

104 1156 393 1246 έθελοηνωμονάν
414 1157 622 1245 ἐνομοθέτει,
647 1152 719 1226 ἀλλ’
748 1164 839 1228 ἔστιν
862 1153 885 1227 ά
909 1159 964 1228 καὶ
983 1162 1016 1240 ἐς
1033 1155 1071 1226 τὸ

65 1287 91 1328 ιο
104 1254 268 1346 δημόσιον
285 1263 474 1348 προετίθει,
493 1255 599 1348 ὅπως,
618 1255 662 1329 άν
679 1285 709 1328 τι
726 1255 772 1347 μή
789 1256 912 1350 άρέση,
932 1261 1071 1348 ἐπανορ-

102 1357 221 1450 θάση·
261 1361 316 1428 καὶ
342 1363 561 1449 προετρέπετο
585 1357 694 1430 πάντα
716 1358 963 1450 συμβουλεύειν
980 1355 1176 1455 αύτῷΡΙσειι

103 1470 137 1530 εί
156 1469 208 1541 τίς
233 1488 266 1529 τι
288 1459 427 1550 άμεινον
448 1467 547 1551 μυοίη
570 1459 686 1532 αύτού.
731 1459 888 1544 πολιούς
911 1459 1071 1550 ὑπάτους,
1194 1489 1199 1498 ’

102 1563 217 1632 καλέει
232 1588 306 1632 των
316 1558 619 1654 άλλωυάρχύντων
637 1565 696 1636 ἕνα
713 1559 793 1654 παρ’
815 1559 983 1654 ἑκάστων,
1014 1565 1070 1633 καλ

4 1693 9 1794 η
102 1665 139 1734 ἐκ
163 1667 225 1732 τού
242 1689 312 1733 των
334 1667 527 1752 βουλευτῶν
549 1662 702 1754 πλήθους
725 1671 967 1737 πεντεκαίδεκα
985 1685 1072 1754 συμ-

67 1797 90 1838 ιε
102 1761 304 1854 βούλουςίς
321 1763 485 1854 ἑξάμηνον
502 1763 816 1857 παρελάμβανεν,“
790 1789 875 1838 ωστε
893 1762 938 1838 δι’
953 1763 1071 1838 αὐτῶν

100 1869 159 1937 καλ
184 1868 266 1936 πάσι
290 1873 489 1938 κοινοῦσθαι
512 1865 552 1937 τά
576 1865 814 1958 βουλευόμενα.
857 1875 927 1940 ἔστι
954 1865 1033 1938 6’‘'
1012 1895 1071 1938 οτε

99 1971 159 2040 καὶ
184 1970 237 2038 έιλί
222 1975 313 2051 ίιιαζε
335 1965 406 2057 μετ’
435 1963 556 2039 αὐτῶν.
594 1975 705 2060 ἔκρινε
728 1967 854 2058 μὲν
815 1999 879 2059 μαρ
903 1972 959 2040 καὶ
986 1967 1067 2042 καθ’
1140 2029 1142 2032 .

5 2063 9 2168 '5
101 2065 228 2159 ἑαυτην
242 2062 265 2160 ἡ
283 2066 402 2158 βουλή,
419 2070 476 2139 καί
494 2075 686 2194 πρεσβείαις
699 2071 756 2140 καὶ
769 2077 961 2159 καρυκείαις
975 2075 1071 2161 ἐχρη-

4 2169 11 2266 λ
99 2169 246 2262 μάτιξιν.
282 2166 353 2240 ὅτε
372 2173 475 2260 δῆμος
493 2170 616 2252 εἰςτὰς
633 2167 1071 2296 άρχαιρεσίαςσυνελέγετρ,

4 2269 9 2376 λ
64 2303 89 2345 ιο
100 2301 141 2345 ου
127 2271 276 2360 ’μέντοι
294 2269 469 2363 ἐπράττετό
485 2301 519 2342 τι
536 2267 612 2362 ὂμη
602 2271 778 2367 έκείνῳ”
758 2293 886 2362 ηρεσκε.
923 2273 979 2342 καὶ
992 2269 1071 2352 τούς

99 2371 262 2466 ἄρξοντας
279 2371 359 2456 τούς
376 2403 438 2464 μεν
456 2371 557 2456 αὐτὸς
575 2343 809 2465 προεβάλλετο,
830 2371 907 2456 τούς
927 2374 999 2443 δέ’
983 2401 1015 2454 ες
1033 2371 1069 2442 τὰ

3 2471 9 2570 J.
99 2478 218 2548 κοινὸν
236 2477 396 2564 έποιείτο,
421 2473 731 2565 έπιμελούμενος”
705 2497 788 2547 ωστε
811 2471 889 2566 μη’τ’
915 2471 1070 2563 άνεπιτη-

3 2575 8 2656 λ
100 2584 188 2650 δειοι
217 2572 294 2666 μήτ’
328 2579 364 2646 έιι
394 2575 667 2668 παρακελεύσεως
698 2573 800 2666 ἢπαὶ
832 2581 871 2649 έκ
901 2581 1104 2666 ιλεκασμοῦΒ

4 2696 7 2731 ='
99 2677 373 2750 ἀποδείκνυνται.
410 2680 464 2748 καλ
484 2685 570 2806 ἔθνη
586 2678 626 2750 τά
643 2680 705 2769 μὲν
730 2675 776 2750 δι’
802 2682 943 2770 ἑαυτοῦ,
967 2679 1008 2750 τά
1034 2679 1071 2750 δέ

4 2854 6 2866 ,
61 2809 88 2852 ει
102 2775 151 2852 δι’
173 2781 297 2867 ἑτέρων
313 2807 354 2871 τη
342 2774 536 2870 ’Ῥωμαίων
551 2778 714 2874 ἡγεμονία
730 2780 902 2865 ὑπέταξεν

4 2878 7 2899 ¹
176 2875 212 2952 ‘0
236 2881 275 2951 δέ
298 2885 356 2969 τῆς
380 2879 600 2970 Αίγύπτον”
577 2910 690 2974 αρχον
715 2891 832 2964 Αίλιος
857 2879 986 2961 Γάλλος
1015 2883 1070 2951 ἐπὶ

3 2985 4 2989 ’
97 2981 219 3070 Ἀραβί
219 3009 261 3052 αν
278 3007 341 3072 την
359 2981 543 3072 εύδαίμουα
560 2973 821 3072 καλουμένην,
800 3011 839 3071 ης
857 2981 971 3071 Σάβος
990 2983 1070 3103 έῐβα

4 3088 6 3168 J
101 3090 256 3172 σίλενεν,
288 3083 485 3174 ἐστράτευσε
513 3083 595 3155 τότε.
645 3085 700 3154 και
730 3079 843 3165 ούδεις
873 3083 935 3173 μέν
966 3077 1071 3152 αύτοῦ

4 3211 7 3272 ι
102 3183 249 3258 ίνύπιον
266 3191 344 3273 έστη
361 3191 430 3257 τῶν
447 3191 632 3276 πολεμίων,
657 3181 697 3256 ού
721 3211 788 3274 μην
811 3181 944 3266 ἀπόνως
967 3211 1071 3274 πρου·

60 3284 213 3379 εοχύρει.
265 3284 288 3375 ἥ
311 3313 348 3357 τε
370 3284 434 3379 γάρ
460 3285 578 3378 έρημία
601 3289 657 3358 καὶ
679 3285 697 3358 6
721 3283 813 3378 ἣλιος
839 3283 879 3356 τά
903 3312 939 3356 τε
962 3281 1071 3356 ὕδατα

4 3505 12 3588 ,λ
172 3515 239 3584 Cap.
254 3521 295 3574 33.
313 3487 412 3572 ῡίουὶε
420 3515 565 3570 Historiae
574 3519 714 3604 Romnae
726 3519 798 3584 1.53,
811 3534 834 3572 ο.
843 3521 877 3570 20
886 3545 919 3556 -
928 3517 946 3572 l.
958 3518 998 3578 54,
1010 3532 1034 3570 ο.
1044 3519 1071 3570 3.

4 3694 11 3780 ,ἱ
