2538 3824
392 165 509 218 ποτε.
529 163 606 218 cAP.
619 164 759 216 xxxvn.
998 163 1060 229 451

16 287 18 316 ³
88 302 246 394 πόλεμον.
284 311 409 395 έπεμψε
434 305 472 374 δὲ
495 303 553 376 τόν
571 302 796 397 Γερμανικόν,
823 300 873 374 ὅτι
889 274 1095 395 &motu-0

93 433 156 488 πας
179 404 399 498 ἐπεκηρύχθη
424 433 468 490 τις
491 405 537 496 μή
560 405 860 496 σωφρονιζόμενος·
901 409 958 476 καλ
981 404 1003 496 ή
1026 435 1062 478 τε

17 525 18 590 j
94 505 191 579 ούσία
223 505 328 578 αὐτού
357 512 404 602 τῷ
436 510 661 603 στρατιωτικῷ
690 515 815 602 ταμείῳ
851 503 1060 598 ολπενεμήθή,

16 619 17 622 ’
93 607 247 692 κάκεῖνος
271 615 319 692 είς
342 617 449 698 νήσου
472 617 692 701 περιωρίσθιχ.
738 610 845 680 πολλὰ
870 611 982 699 μέντοι
1005 613 1060 680 καλ

68 709 331 802 εποιήσαντεςο
313 715 349 782 oc
364 706 556 802 Ρωμαίοι’
540 739 576 782 εν
599 729 669 792 τοις
692 715 760 782 τῶν
789 715 903 784 ἐθνῶν
932 711 1062 784 τούτων

91 815 265 903 πολέμοις,
288 810 331 884 06
353 821 437 903 μείω
411 813 580 884 οιδὲκαλ
603 811 789 901 παθόντες,
819 815 912 895 τέλος
935 837 975 884 τα
965 813 1062 903 μὲν

90 909 288 1008 ὁμολογίᾳ
267 912 498 1038 νπνχγόγοντο,
524 943 564 985 τα
553 911 682 1004 δέμύ
636 943 754 1005 μαχαις
773 918 941 1004 ἐνίκησαν.
984 944 1002 985 ο
991 913 1061 986 ‘66

95 1019 249 1108 Τιβέριος
263 1013 346 1098 ἐς
308 1045 371 1104 τιχν
384 1014 511 1106 Ῥύμιχν
526 1015 768 1106 ἐπανελήλυθε,
787 1019 843 1086 καὶ
856 1005 960 1098 αύθις
972 1017 1062 1107 παρὰ

89 1123 150 1189 τού
170 1115 371 1206 Αὐγούστου
394 1125 442 1200 είς
456 1125 658 1208 Δαλματίαν
683 1114 850 1206 ἐστόλιχ’
831 1115 1061 1208 ανταιρόντοιν

57 1249 79 1288 ιο
92 1224 163 1292 ἐκεῖ
179 1239 295 1290 τινοιν·
341 1215 400 1302 οὖς
417 1217 512 1310 μόλις
528 1219 592 1310 μὲν
608 1221 664 1290 καλ
682 1216 747 1292 σύν
765 1218 953 1309 κινδύνοις,
980 1223 1062 1304 τέως
1121 1293 1124 1296 ,

17 1391 18 1394 ,
90 1319 120 1391 δ’
143 1311 209 1394 οὖν
227 1318 436 1410 ἐχειρώσατο,
455 1323 511 1392 καὶ
527 1317 546 1392 6
561 1320 766 1412 Γερμανικὸς
779 1319 901 1411 ὁμοίως
916 1323 1058 1412 ἑτέρους.

169 1423 236 1494 Καὶ
254 1420 272 1492 6
290 1423 351 1512 μὲν
369 1420 511 1513 πόλεμος
529 1412 626 1506 ούτος
644 1425 740 1494 τούτο
760 1431 877 1512 ἔσχηκε
894 1425 1005 1512 τέλος,
1025 1427 1062 1493 ἐκ

16 1553 17 1556 ’
90 1526 126 1596 δέ
144 1531 336 1616 Γερμανίας
354 1523 493 1612 ἀγγελία
510 1537 710 1614 κομισθεῖσα
729 1521 883 1614 ἑορτάσαι
906 1517 946 1595 τὰ
964 1548 1094 1614 νικιχ-Ι)

43 1684 47 1688 .
90 1627 189 1718 τήριοι
206 1621 286 1708 τούς
305 1630 342 1696 ἐν
358 1629 400 1716 τή
419 1623 526 1718 Ῥύμχχ
552 1623 729 1698 ἐκιόλυσεν.
772 1627 809 1696 έν
830 1624 906 1750 γὰρ
913 1632 954 1715 τῇ
971 1637 1061 1700 Κελ-

57 1755 78 1795 ιε
90 1732 166 1819 τική
187 1727 277 1817 είχον
295 1723 396 1816 αύτής
414 1755 489 1798 τινα
506 1731 542 1798 οί
560 1725 681 1818 Ρωμαλ
680 1757 723 1819 οι,
742 1724 805 1818 ούχ
822 1724 904 1818 ὁμου
895 1731 1061 1817 σογιιεί·

90 1857 193 1919 μενα,
225 1825 309 1899 ἄλλολ
315 1827 566 1951 σπορύδήν’
541 1857 586 1911 ως
617 1836 713 1920 ἔτυχε
739 1831 954 1921 χειρωθέντα.
1003 1831 1060 1901 καλ

90 1937 288 2020 στρατιῶται
305 1919 392 2020 ήσαν
410 1933 497 2020 ἐκεῖ,
522 1932 579 2001 καλ
601 1928 713 2014 πόλεις
736 1952 851 2025 συνμκ
853 1939 979 2020 ί,ζοντο
1004 1933 1060 2002 κοιλ

16 2030 306 2124 1οίχλύρβαροι
323 2031 407 2160 πρὸς
422 2038 487 2120 ἐθνχ
499 2029 662 2121 Ρωμαϊκαὶ
675 2030 780 2102 μαλ’
746 2041 886 2121 ενκοσμί
885 2061 928 2102 αν
941 2060 1060 2123 μετερ·

90 2146 184 2225 ρυθμ
187 2141 304 2218 ίζοντο.
346 2137 408 2214 ἕως
433 2124 559 2223 μέν
520 2161 582 2203 ουν
608 2132 691 2202 κατολ
709 2130 819 2222 βραχύ
837 2135 893 2202 καλ
910 2131 980 2226 ὁδῷ
997 2161 1061 2202 τινι
1147 2139 1148 2142 ’

57 2261 78 2302 ιο
93 2239 128 2306 ἐκ
146 2239 216 2306 τῶν
233 2241 383 2325 πατρίων
400 2233 595 2325 μετήγοντο,
613 2230 675 2306 ούκ
691 2231 838 2324 ήχθοντο
851 2237 893 2324 τή
909 2235 970 2304 τού
982 2235 1061 2322 βίον

89 2343 274 2426 μεταβολῇ·
311 2339 383 2408 ἐπεὶ
398 2334 432 2407 δ’
453 2335 472 2407 6
488 2333 622 2428 Ούαρος
634 2335 652 2408 6
664 2342 845 2418 Κνντίλιος
862 2332 925 2424 τήν
942 2329 1060 2424 ἡγεμο-

90 2445 172 2510 νίαν
194 2441 458 2530 τήςΓερμανίας
476 2436 591 2528 λαβών
609 2445 775 2510 ἔσπευσεν
792 2434 914 2520 αὐτούς
932 2433 1061 2524 όθρόον

90 2545 311 2631 μεταστῆσαι,
342 2543 399 2610 καὶ
416 2538 461 2622 ιός
479 2537 679 2614 δουλεύουσι
697 2548 816 2630 σφίσιν
834 2541 987 2612 ἐπέταττε
1005 2541 1061 2610 καὶ

90 2638 242 2733 χρήματα
265 2648 428 2734 ἔπραττεν
435 2695 446 2732 ,
470 2639 533 2712 ούκ
555 2638 753 2733 ήνέσχοντο,
778 2639 863 2713 ἀλλίι
889 2640 1062 2732 δεξάμενοι

54 2767 80 2808 ιο
90 2743 151 2814 τόν
166 2739 316 2832 Θύαρον,
330 2740 375 2824 63
388 2740 428 2814 τοὶ
442 2745 711 2835 προσταττόμενα
724 2742 931 2834 ποιήσοντες,
944 2745 1162 2836 πόρρωΡΙὸλι

89 2848 151 2916 τοῦ
165 2838 285 2932 Ῥήνου
302 2842 506 2936 προήγαγον,
525 2847 582 2915 καλ
600 2853 714 2916 πίστιν
727 2841 820 2968 αύτρό
833 2849 1001 2935 παρέσχου
1015 2844 1060 2927 63

90 2941 188 3016 καδ”
167 2973 250 3018 ανευ
267 2949 480 3036 στρατιωτύν
499 2947 747 3028 δουλεύσαντες.
788 2941 806 3015 6
827 2947 864 3015 δέ
880 2943 1061 3031 πιστεύσας

17 3125 18 3128 ¹
89 3043 169 3122 ούτε
185 3047 226 3117 τὰ
243 3045 471 3138 στρατεύματα
490 3043 536 3130 63
560 3049 597 3118 ἐν
614 3053 758 3139 πολεμίᾳ
775 3061 910 3172 συνεῖχε
926 3048 984 3116 καλ
1001 3043 1062 3116 όίλ-
1251 3123 1252 3142 3

91 3158 171 3230 λονς
194 3146 340 3239 ἀλλαχοῦ
361 3157 501 3240 ἔπεμπε
537 3151 746 3240 θαρροῦντος
771 3137 835 3219 ούν
852 3147 957 3222 αότον
942 3149 1161 3225 καλιιΠιοο
1251 3145 1252 3188 ³

54 3276 79 3318 ιο
92 3249 137 3340 μή
154 3278 186 3320 τι
211 3249 367 3322 δεινόν’
347 3249 593 3333 νποπτεύοντος
612 3253 865 3374 ἐπανίστανται,
892 3243 993 3321 καλ’
973 3275 1060 3322 απο

94 3359 284 3436 κτείναντες
315 3349 392 3436 τούς
422 3349 512 3443 παραὶ
547 3359 642 3442 σφίσι
678 3350 879 3443 στρατιιότας
911 3354 1060 3441 ίπήλθον

17 3537 18 3540 χ
95 3449 184 3547 αύτῷ
204 3458 240 3523 ἐν
258 3453 352 3536 ὕλαις
371 3452 589 3542 δυσεκβότοις
607 3450 677 3524 ὄντι
695 3453 777 3544 μετὰ
794 3459 853 3542 τής
866 3456 943 3543 περὶ
958 3449 1060 3525 αύτδν

839 3564 907 3630 29*
