2566 3800
448 175 518 229 Lm.
536 175 613 226 xm.
632 175 711 231 cAP.
731 177 764 230 v.
1025 175 1087 241 189

117 319 287 402 βασιλείας
309 309 550 411 ἀμφωζητων.
586 311 631 396 είς
655 312 690 384 δ’
709 318 837 397 ἐκεῖνος
860 322 918 403 τῆς
941 313 1007 405 ἤδη
1025 333 1120 404 γε-Ι)

1 463 2 496 f
116 421 259 504 γονυίας
277 415 503 506 διανεμήσεως
522 427 627 506 είχετο
644 417 702 486 καὶ
719 422 789 487 τῶν
807 415 898 510 αὐτῷ
917 427 1087 508 προσκλη-

116 519 299 608 ρωθέντων
323 515 493 607 ἀντείχετο
516 520 575 587 καὶ
599 515 682 588 οόδδ
699 524 761 589 τοῦ
778 525 961 608 βραχίστου
980 545 1085 610 παρε-

115 617 218 708 χιόρει
243 623 290 712 τῷ
311 617 471 712 ἀδελφῷ,
493 617 581 690 ὅπλα
606 618 681 690 κατ’
706 617 815 690 αότοό
839 613 922 709 ἦρεν
946 618 1086 692 όΚων-

23 733 25 738 ’
89 735 291 801 ισταυτίνος
314 721 371 789 καὶ
399 723 527 810 ἐπῆλθε
549 727 596 814 τῷ
614 721 706 812 λάχει
722 728 784 791 του
802 721 1033 804 Κάνσταντος.
1066 721 1084 805 ὁ

115 822 155 892 δὲ
178 824 217 890 ἐν
234 828 347 914 Δακίηι
365 819 554 912 ἀποδημεῖν
576 822 634 894 καὶ
657 822 720 912 τὴν
744 830 878 912 κίνησιν
903 829 965 893 τοό
983 833 1086 896 Κων-

115 929 297 995 σταντίυου
312 923 447 1012 μαθων,
461 925 650 1015 στράτευμα
668 922 744 995 κατ’
763 923 871 996 αὐτοῦ
890 927 1011 1014 πέμπει
1027 927 1085 994 καὶ

117 1024 339 1114 στρατηγούς,
353 1025 410 1094 καί
423 1021 527 1107 αάτδς
540 1025 622 1096 ὅσον
635 1025 702 1116 ἤδη
714 1025 796 1117 μετά
814 1033 969 1108 πλείονος
987 1045 1085 1117 στρα-

115 1132 177 1196 τοό
197 1129 369 1216 ἐπιστῆναι
394 1127 684 1218 ἐπαγγειλάμενος.
721 1134 757 1198 οί
771 1134 858 1216 γοόν
874 1129 1085 1217 πεμφθέντες

77 1254 103 1294 10
119 1226 220 1316 ἐγγυς
249 1235 311 1300 τοό
335 1237 599 1300 Κωυσταντίνου
629 1229 805 1320 γενόμενοι
834 1230 957 1320 λόχους
981 1237 1085 1300 καθί-

1 1406 2 1409 ¹
114 1339 217 1416 ζουσι,
241 1331 298 1399 καί
323 1329 552 1420 συμβαλόντες
576 1329 670 1426 αὐτῷ
693 1331 833 1421 φεύγειν
850 1329 1084 1454 ὑπεκρίνοντο.

116 1437 186 1500 τοῖν
201 1431 239 1500 δέ
257 1459 317 1502 του
303 1438 595 1504 Κωνσταντίνου
609 1433 802 1506 διωκόντων
816 1431 952 1520 αότοός,
972 1433 1084 1516 ἐξόπι-

57 1535 59 1539 ’
115 1543 202 1603 σθεν
219 1527 337 1603 αάταν
355 1561 387 1604 οι
379 1539 569 1624 ’λοχῶντες
587 1533 763 1658 γενόμενοι
780 1533 878 1604 κατά
884 1535 1001 1605 νότων
1019 1529 1084 1604 αό-

113 1649 185 1715 τοίς
211 1637 300 1705 έπιτί
285 1642 424 1706 ί.θενται
466 1637 524 1706 καὶ
549 1641 585 1706 ολ
612 1637 795 1726 φεύγοντες
826 1636 1084 1728 έπιστραφεντες
1094 1653 1186 1703 P1112

74 1759 102 1801 15
115 1737 220 1826 μέσον
243 1739 418 1828 περιέσχον
443 1735 589 1826 αὐτούς,
615 1740 672 1808 καί
695 1738 782 1810 πολδ
806 1742 865 1828 τῆς
888 1743 949 1810 τοῦ
981 1747 1082 1810 Κων-
1095 1721 1119 1772 A

115 1845 234 1908 σταντί
231 1866 295 1908 νου
323 1841 507 1928 διέφθαρτο
531 1847 685 1928 στρατιάς
702 1838 856 1922 κάκεῖνος
875 1838 987 1922 αότός.
1022 1845 1085 1910 τοό

114 1939 181 2030 γάρ
210 1945 317 2010 ἵππου
349 1942 538 2031 τρωθέντος
569 1937 679 2034 αὐτῷ,
710 1943 767 2010 καὶ
797 1941 852 2011 διά
882 1943 921 2012 τό
951 1946 1085 2032 τραῦμα

114 2041 339 2130 σφαδάζοντος
380 2044 437 2112 καλ
478 2041 764 2132 ἀνασκιρτῶντος,
801 2045 992 2112 έκπέπτωκε
1025 2049 1085 2130 τῆς

115 2146 216 2234 ἕδρας
241 2141 260 2212 6
284 2153 563 2230 Κωνσταντίνος,
587 2144 645 2212 καί
667 2139 822 2233 ἀνῃρέθη
850 2142 958 2212 πολλά
984 2143 1083 2225 δεξά-

71 2269 103 2309 20
115 2272 215 2335 μενος
232 2245 414 2336 τραύματα,
435 2245 514 2316 οὔτε
529 2243 644 2334 τυχών
662 2251 721 2332 τῆς
740 2245 885 2334 ἐφέσεως
903 2243 960 2312 καί
978 2241 1085 2332 αὐτὴν

115 2349 381 2445 προσζημιωθελς
406 2345 470 2435 τὴν
494 2346 599 2434 ζωόν,
617 2347 674 2416 καὶ
698 2345 748 2417 ότι
765 2343 894 2416 ἀδίκων
912 2337 1009 2436 ἦρξε,
1027 2345 1085 2413 καλ

113 2446 176 2536 τὴν
195 2453 325 2522 ολκείαν
345 2455 405 2538 τῆς
423 2447 529 2538 ἀρχῆς
546 2445 877 2539 μοῖραν-ἀποβαλών.
908 2447 972 2518 καλ
984 2446 1083 2534 γέγα

112 2577 176 2619 νεν
198 2547 219 2637 ἡ
240 2555 298 2638 τῆς
326 2552 483 2640 ἑσπερίου
508 2549 631 2638 λήξεως
662 2550 852 2642 ἐπικράτεια
875 2546 939 2638 ὑφ’
961 2549 1011 2619 ἑνί
1036 2553 1083 2640 τῷ

115 2647 316 2722 Κάνσταντι
339 2658 479 2740 βασιλεῖ.
523 2650 596 2722 εἶτα
625 2647 781 2734 κάκεῖνος
808 2657 856 2732 είς
881 2618 1084 2730 ἀλλοκότους

68 2778 100 2820 εε
116 2753 328 2834 ἐκκυλισθείς
351 2760 478 2844 ἔρωτας
499 2753 558 2822 καὶ
583 2755 862 2844 έκδεδιητημένην
884 2752 990 2840 ζωήν,
1014 2749 1083 2822 ὑπὸ

114 2847 334 2940 Μαγνεντίου
371 2853 626 2942 ἐπεβουλεύθη,
662 2856 720 2923 καὶ
753 2853 883 2934 ἀθλίως
918 2851 1083 2938 ἀπώλετο,

113 2962 295 3041 Μαγνεντί
293 2983 354 3043 ου,
385 2954 427 3026 δν
458 2958 586 3036 ἐκεῖνος
612 2957 649 3024 έκ
676 2954 823 3035 στάσεως
848 2974 1084 3041 στρατιωτικης

113 3055 298 3145 περιέσωσε
321 3055 584 3145 κινδυνεύοντα,
607 3053 674 3144 ηδη
691 3059 759 3125 τόν
777 3059 991 3141 στρατιωτῶν
1007 3049 1080 3122 κατ’

114 3158 246 3227 ἐκείνου
273 3156 429 3248 ἦρκότων
450 3156 493 3228 τά
519 3161 599 3246 ξίφη
616 3159 673 3227 καὶ
692 3161 959 3247 διαχειρίσασθαι
976 3149 1116 3226 αότδνΒ
1146 3219 1147 3222 ,

65 3285 99 3326 3ο
114 3254 328 3346 ὡρμηκότων.

186 3356 222 3430 ‘0
240 3361 475 3442 Κωνστάντιος
493 3359 532 3432 δὲ
545 3361 623 3452 περί
636 3359 699 3448 τὴν
713 3358 800 3454 έρίαν
813 3364 996 3448 διατρίβων
1013 3371 1083 3440 τοίς

115 3461 266 3550 Πέρσαις
286 3459 436 3551 ἐμάχετο,
456 3461 627 3554 Σαποίρου
645 3467 706 3532 τοῦ
725 3468 861 3550 ἔθνους,
880 3458 925 3544 τίς
943 3469 1081 3554 εἴρηται,
