2558 3820
460 176 531 226 ιω.
544 175 579 226 x,
599 174 677 250 σεε.
691 176 728 226 11.
1018 173 1081 238 345

113 323 318 405 προσμείνας
342 319 413 386 έκεί
433 318 490 386 καὶ
515 313 724 404 καταστήσας
753 314 794 385 τά
818 313 994 405 πράγματα
1025 317 1081 384 καὶ

112 419 317 505 κατασβέσας
340 417 399 497 τὰς
428 414 572 508 ταραχάς
601 423 648 500 είς
669 411 812 488 Ἰταλίαν
841 412 993 506 ἀπήγαγε
1023 413 1081 486 τόν

112 517 261 610 στρατόν.
304 509 347 608 ήυ
374 516 410 590 δ’
430 516 561 601 ὑποψία
587 521 643 588 καὶ
669 520 743 602 δέος
766 512 811 601 ἀς
836 515 877 588 οὐ
900 517 1080 608 προήσεται

5 667 6 670 =
110 618 146 690 τό
177 618 383 710 στράτευμα,
416 615 462 689 δι’
492 615 606 692 ὅπλων
638 619 674 690 δέ
705 625 869 707 βαδιεῖται
898 624 1079 710 μοναρχίας

5 775 6 780 1
87 719 297 814 εκατάρχωυ.
346 719 426 792 ὅδὲ
456 723 512 791 καί
534 719 661 810 ταύτην
683 719 796 792 ἀνεῖλε
819 720 883 810 τὴν
903 719 1079 808 ὑπόνοιαν,

5 909 6 916 ¹
111 821 256 946 ἀφήσειν
271 821 309 893 τὸ
327 811 515 913 στράτευμα
533 820 644 948 φήσας
661 821 743 911 μετά
760 819 819 894 τόν
832 829 1011 945 θρίαμβον.
1043 826 1080 890 ἓν

110 920 146 994 δ’
166 929 268 995 έτιοί
282 931 520 1010 βασκαίνοντες
539 919 644 994 αὐτόν
660 919 818 1014 ήτιάυτο,
843 921 892 994 ὅτι
914 929 960 1018 τῷ
986 921 1079 1014 δήμφ

5 1075 7 1104 ,
106 1019 287 1115 μάλλαν”
266 1055 288 1115 η
310 1055 350 1116 τη
377 1028 483 1115 βουλή
508 1026 755 1114 πρυσένεμεν“
739 1023 873 1096 εαυτόυ
908 1023 990 1114 ὅπερ
1014 1015 1057 1112 ήν

5 1125 7 1174 ἓ
106 1125 244 1215 ἀληθές.
280 1124 322 1198 οὗ
342 1125 405 1216 γάρ
424 1133 514 1198 ἔστιν
531 1116 662 1207 οὗτινος
685 1125 986 1216 έμμανέστερονό
986 1137 1051 1199 Ρω-
1057 1103 1179 1223 ᾏἭήέῙ

5 1251 6 1254 ’
70 1260 93 1299 10
105 1234 219 1318 μαίων
231 1225 366 1318 ηρασθη
382 1231 497 1318 δήμος.
524 1231 698 1316 ἐψηφίσθη
711 1255 795 1316 γουν
808 1223 899 1322 αὐτῷ
911 1225 1055 1302 ὑπατεία

5 1335 6 1340 ’
105 1331 164 1400 καί
184 1327 342 1419 δεύτερος
359 1336 543 1420 θρίαμβος
570 1325 817 1400 συνυπατεόειν
841 1329 878 1399 δέ·
903 1325 998 1424 αὐτῷ
1021 1337 1077 1404 καὶ

104 1429 121 1501 5
156 1428 315 1521 Κράσσος
346 1435 520 1520 ἐψηφίσθη
551 1425 657 1500 αὐτοῦ
689 1428 951 1514 σπουδάσαντος.
1000 1430 1075 1504 ἀλλ’

104 1529 368 1621 ἀποδειχθέντες
398 1530 518 1603 ὕπατοι
549 1533 760 1621 διεφέροντο,
792 1534 848 1602 καί
879 1537 917 1604 έν
945 1535 1007 1623 μὲν
1037 1541 1078 1626 τῇ

105 1639 216 1723 βουλή
233 1631 252 1704 ὁ
270 1630 427 1722 Κράσσος
452 1643 547 1722 ἴσχυε
563 1636 708 1723 μᾶλλον,
736 1632 827 1723 παρά
851 1633 889 1704 δὲ
912 1639 958 1728 τῷ
981 1634 1075 1730 δήμῳ

69 1763 92 1803 τε
106 1731 241 1824 ἐκράτει
260 1733 444 1824 Πομπήιος.
480 1732 694 1824 παρῃτήσατο
720 1734 761 1806 δὲ
775 1736 831 1804 καί
855 1731 917 1826 τήν
941 1760 1078 1828 στρατη-

5 1835 7 1902 J
104 1843 201 1924 γίαν·
231 1838 287 1906 καὶ
301 1843 403 1918 ἔθους
420 1833 517 1918 ὄντος
534 1852 602 1917 τοῖς
616 1833 785 1925 Ῥωμαίοις
803 1840 979 1926 ίππεῦσιν,
997 1835 1078 1910 ὅταν

5 1935 6 1938 “
105 1935 376 2026 στρατεύσωνται
393 1936 452 2008 τὸν
469 1934 612 2026 νόμιμον
629 1935 767 2026 χρόνον,
786 1935 882 2024 ἀγειν
899 1937 958 2008 τόν
974 1945 1078 2012 ἵππον

106 2045 159 2120 είς
176 2036 303 2127 ἀγοράν
322 2040 376 2110 έπδ
393 2035 470 2120 τούς
483 2035 638 2128 τιμητάς,
656 2047 943 2127 καταριθμεῖσθαί
957 2067 993 2108 τε
1010 2047 1077 2111 τῶν

104 2145 304 2228 στρατηγῶν
318 2141 374 2209 καὶ
388 2137 646 2228 αὐτοκρατόρων
658 2141 798 2208 ἕκαστον
811 2130 876 2226 ἀφ’
896 2135 946 2220 οἷς
961 2143 1075 2229 ἐστρα-

68 2239 287 2328 ιοτεάσαντο,
319 2243 375 2310 καὶ
400 2237 550 2320 εὐθύνας
581 2236 713 2310 διδόναι
737 2241 795 2325 τῆς
824 2245 997 2327 στρατείας
1021 2245 1076 2311 καὶ

103 2340 214 2424 οὕτως
232 2339 410 2430 ἀφίεσθαι,
436 2343 621 2430 νεμομένης
645 2343 739 2429 τιμῆς
756 2334 779 2429 ή
796 2335 927 2432 ἀτιμίας
951 2362 1077 2433 προση-

103 2440 232 2531 κούσης
257 2459 326 2524 τοῖς
352 2449 439 2532 βίοις
465 2441 630 2530 ἑκάστων,
654 2437 727 2514 τότε
751 2440 985 2532 προεκάθηντο
1010 2444 1103 2534 μὲνΒ

103 2550 140 2615 οί
152 2545 286 2632 τιμηταὶ
300 2546 355 2614 καί
369 2549 403 2614 οί
416 2549 527 2626 ίππεΐς
541 2541 714 2632 παρήεσαν
729 2541 960 2634 ἐξεταζόμενοι,
975 2541 1076 2636 ἀφθη

105 2646 146 2716 δὲ
171 2647 228 2715 καί
250 2645 425 2734 Πομπήιος
451 2653 498 2726 είς
515 2643 578 2733 τήν
602 2643 728 2732 ἀγοράν
751 2644 792 2716 τά
821 2647 883 2734 μὲν
908 2643 992 2718 ἀλλα
1015 2676 1075 2718 πα·

67 2773 91 2812 ω
104 2743 242 2836 ράσημα
262 2753 322 2835 τῆς
345 2745 449 2838 ἀρχῆς
471 2752 574 2835 ἔχων,
599 2741 699 2827 αάτὸς
724 2745 756 2817 δ’
776 2744 869 2834 ἀγων
892 2745 950 2818 τόν
973 2753 1077 2820 ἵππον

105 2846 165 2918 διά
185 2844 303 2936 χειρός.
335 2839 378 2936 ἦν
397 2849 434 2918 δὲ
451 2853 510 2920 τοῦ
529 2845 638 2936 δήμου
650 2851 766 2937 θαῦμα
783 2850 839 2917 καὶ
857 2845 973 2932 σιωπή.
1007 2848 1076 2918 εἶτα

104 2944 123 3018 ὁ
145 2944 194 3030 είς
210 2953 280 3020 τῶν
296 2953 442 3038 τιμητῶν
455 2943 698 3038 “πυνθάνομαί
712 2943 791 3020 σου”
812 2947 906 3018 εἶπεν
920 2939 968 3016 “ἀ
981 2959 1075 3037 Πομ-

105 3049 186 3138 πήιε
203 3047 345 3138 Μάγνε,
371 3056 402 3121 εί
418 3047 526 3132 πάσας
550 3048 764 3136 ἐστράτευσαι
785 3047 844 3130 τάς
867 3045 950 3118 κατά
973 3046 1076 3138 νόμον

106 3147 308 3240 στρατείας.”
346 3147 364 3222 5
389 3151 426 3221 δέ
450 3149 578 3242 μεγάλη
596 3154 694 3240 φωνή
713 3143 970 3239 “έστράτευμαι”
994 3147 1077 3222 ἀπε-

67 3276 93 3318 εο
107 3260 262 3341 κρίνατε,
278 3249 359 3322 “nal
376 3249 485 3334 πάσας
497 3248 560 3322 ἀπ’
577 3255 708 3344 ἐμαυτῷ
722 3247 969 3343 αότοκράτορι.”
994 3252 1076 3342 πρὸς

106 3355 207 3422 τοῦτο
224 3350 242 3422 5
261 3355 365 3442 δῆμος
380 3355 551 3442 ἐξέκραγε,
571 3355 627 3423 καί
644 3357 679 3422 οί
693 3354 824 3442 τιμηταὶ
842 3367 910 3434 τοῖς
927 3359 1076 3434 πολίταις

106 3453 315 3542 χαριζόμενοι
332 3451 535 3536 ἀναστάντες
553 3456 768 3544 προέπεμπον
785 3450 888 3526 αὐτόν
906 3459 1029 3526 οἴκαδε.
