2562 3814
445 117 517 169 [τε.
537 117 613 170 vm.
632 117 710 170 σεε.
728 121 762 170 v.
1027 119 1087 184 187

112 258 195 340 τοὺς
213 255 397 347 Ῥωμαίους
418 257 616 330 αἰσθέσθαι.
660 261 695 328 oc
723 255 753 327 δ’
781 256 901 330 ὕπατοι
924 261 1088 350 διέβησαν
1185 329 1187 334 .

113 361 179 452 μὲν
192 356 250 431 τόν
262 355 415 448 ποταμὸν
430 359 484 430 ἐπὶ
497 355 602 449 μάχη,
621 353 666 440 ως
682 359 719 429 δὲ
737 357 864 442 πάντας
883 359 1088 432 ἐσκεδάσθαι

115 460 302 549 ἐπύθοντο,
329 467 378 541 είς
401 459 459 542 τὰς
483 457 643 542 οίκείας’
624 459 844 552 ανεχύρησαν
861 460 990 544 πόλεις
1019 467 1086 534 ἐπι-

117 561 283 647 διῶξαι
245 589 311 652 γαρ
332 559 388 632 διά
408 558 486 643 τούς
506 563 688 654 σφετέρους
706 561 964 653 τραυματίας’
925 591 989 636 ουκ
1005 559 1087 654 ἡδυ-

81 701 95 741 5
119 663 302 753 υήθησαυ.
320 661 445 734 εἷταοί
465 663 526 752 μὲν
551 661 654 746 είς
617 693 679 752 την
695 659 876 736 Ἀπουλίαν
894 657 1120 756 ἐχείμασαν,0

126 763 208 839 ὁδε
224 761 355 856 Πύρρος
378 761 483 836 τάλλα
499 793 535 838 τε
551 762 742 855 ἡτοιμάζετο
759 767 816 837 καὶ
834 776 972 838 οἴκοθεν
989 789 1086 890 στρα-

127 893 238 946 τιωτας
268 868 324 936 καὶ
354 863 506 958 χρήματα
535 869 775 956 μετεπέμψατο.
822 867 945 956 μαθων
969 867 1061 939 δὲ
1027 896 1087 938 τον

122 973 305 1059 Φαβρίκιον
328 969 387 1038 καὶ
409 965 469 1038 τὸν
489 967 634 1040 Πάππον
656 965 806 1051 ὑπάτους
822 963 1011 1060 ᾑρημένους
1029 972 1085 1040 καὶ

118 1076 163 1151 είς
188 1067 225 1138 τὸ
251 1066 477 1158 στρατόπεδον
500 1067 723 1160 ἀφιγμένους,
746 1065 809 1140 ούκ
834 1073 888 1140 ἐπὶ
907 1073 965 1160 τῆς
983 1067 1086 1160 αύτης

80 1205 104 1246 ιο
114 1173 280 1262 μεμένηκε
297 1168 440 1261 γνώμης.
521 1191 523 1210 ’

179 1272 274 1361 Ἤδη
298 1271 336 1342 δὲ
358 1275 426 1343 τάν
449 1273 625 1362 ῥηθέντων
648 1269 788 1343 ὑπάτων
806 1275 843 1344 ἐν
860 1279 907 1366 τῷ
924 1271 1085 1364 στρατεύ-

111 1403 189 1464 ματι
208 1401 337 1462 οντων,
361 1379 486 1456 Νικίας
499 1402 548 1455 τις
564 1377 633 1445 τῶν
650 1371 783 1466 Πύρρῳ
798 1378 926 1445 πιστῶν
944 1371 1088 1444 δοκούν-

111 1504 179 1548 των
203 1467 293 1563 ἦλθε
314 1473 396 1564 πρὸς
420 1473 480 1551 τὸν
504 1483 692 1566 Φαβρίκιον
714 1477 770 1546 καὶ
801 1474 976 1598 ὑπέσχετο
995 1472 1085 1568 αὐτῷ

109 1577 168 1646 τὸυ
200 1574 344 1666 Πύρρον
384 1573 637 1700 δολοφονησειν.
686 1575 895 1668 δυσχεράνας
931 1605 996 1648 ουν
1031 1578 1085 1646 ἐπὶ

75 1711 99 1751 ιι
110 1675 223 1773 τούτῳ
242 1675 430 1767 ἐκείνος,’
410 1681 513 1769 αρετῇ
536 1675 600 1768 γάρ
623 1680 680 1748 καὶ
696 1695 768 1762 ταῖς
787 1678 973 1768 δυνάμεσιν
989 1673 1046 1802 ηξί
1045 1706 1108 1748 ου

111 1783 179 1850 των
203 1785 376 1870 πολεμίων
397 1795 533 1870 κρατεῖν
558 1777 603 1862 ὦς
626 1777 643 1850 ὁ
668 1778 853 1870 Κάμιλλος,
877 1779 1085 1870 κατεμήνυσε

110 1883 157 1974 τῷ
187 1878 320 1975 Πύρρῳ
350 1878 387 1952 τὸ
419 1879 661 1971 ἐπιβούλευμα·
701 1884 757 1952 καὶ
787 1877 892 1964 οὕτως
916 1878 1020 1952 αύτὸν
1044 1885 1118 1952 ἐκΙ)

114 1980 235 2053 τούτου
264 1983 468 2072 κατέπληξεν
499 1979 583 2054 ὥστε
613 1984 670 2052 καὶ
699 1981 777 2064 τούς
808 1980 995 2063 ἑαλωκότας
1017 1989 1086 2055 τῶν

109 2076 284 2174 Ρωμαίων
301 2100 424 2174 προῖκα
447 2075 547 2166 αὖθις
571 2081 710 2172 άφείναι
733 2111 776 2152 κα
776 2085 966 2212 λπρέοβεις
983 2079 1086 2151 πάλιν

73 2183 198 2278 αὑπὲρ
227 2183 362 2275 εἰρήνης
385 2181 588 2258 άποστεϊλαι
631 2184 706 2254 ἐπεὶ
734 2183 772 2254 δὲ
794 2211 827 2254 οι
819 2180 993 2270 ’Ῥωμαῖοι
1010 2183 1086 2304 περὶ

107 2293 167 2376 τῆς
187 2285 327 2376 είρηυης
344 2283 484 2358 ούὸὲν’
465 2291 707 2376 απεκρίναυτο,
732 2282 818 2354 ἀλλὰ
835 2281 945 2356 καὶ’
908 2309 982 2354 τοτε
1001 2277 1085 2352 άπά-

108 2417 166 2478 ραι
183 2416 248 2478 της
262 2385 401 2471 Ἰταλίας
421 2389 575 2460 ἐκέλευον
593 2383 708 2458 καλ”
667 2415 773 2468 ουτως
790 2383 904 2468 αὐτοῖς
923 2391 1086 2475 διακηρυ-

105 2487 276 2562 κεύεσθαι
311 2491 369 2562 καί
402 2487 461 2572 τάς
492 2494 703 2579 συμμαχίδας
732 2483 825 2582 αύτῷ
855 2488 967 2570 πόλεις
991 2487 1138 2557 κατί-Ι

106 2587 233 2682 τρεχόν
263 2619 298 2662 τε
327 2587 431 2662 καὶ“
408 2619 533 2682 ηρουν,
565 2585 645 2661 ἐν’
625 2619 785 2682 αμηχαν
759 2595 793 2660 ία
824 2591 980 2678 ἐγένετο,
1003 2589 1085 2678 πρὶν

74 2721 98 2763 ιε
111 2691 154 2781 δη
173 2699 430 2781 Συρακουσίων
450 2694 555 2779 τινές,
579 2689 760 2788 ἐτύγχανον
784 2692 822 2762 δὲ
840 2680 932 2774 ἐξ
891 2719 932 2762 ου
947 2687 1085 2779 Ἀμαθο-

107 2797 192 2883 κλης
219 2792 411 2885 ἐτελεύτησε
435 2790 681 2888 στασιάζοντες,
707 2786 1010 2864 ε’πεκαλίσαντο
967 2787 1085 2877 αυτόν,

110 2893 360 2986 παραδιδόντες
394 2899 430 2966 oc
449 2897 513 2965 καλ
530 2891 670 2976 ἑαυτούς
693 2895 807 2964 καλ
771 2923 834 2983 την
856 2889 964 2964 πολιν.
1005 2889 1085 3011 άνρι-
1190 2934 1192 2937 -

109 2995 264 3077 πνεύσας
286 2995 353 3086 γάρ
378 2997 434 3067 ἐπὶ
450 2993 557 3090 τούτῳ
575 2996 632 3066 καὶ
650 3003 817 3087 προσελπί
816 3015 876 3076 σας
893 2995 1007 3064 πάσαν
1023 2985 1086 3080 την

111 3104 278 3169 Σικελίαν
301 3094 669 3188 καταστρέψασθαι,
635 3125 694 3167 τον
710 3096 773 3186 μὲν
790 3102 937 3167 Μίλωνα
955 3097 993 3166 ἐν
1006 3089 1085 3164 ’·Ιτα
1071 3121 1187 3176 ·P137⁷

9 3205 13 3270 λ
74 3206 170 3291 ωλίᾳ
194 3199 390 3290 κατέλιπεν,
423 3201 461 3270 ἐν
478 3201 614 3290 φυλακη
636 3195 696 3268 τόν
719 3226 755 3268 τε
782 3195 937 3289 Τάραντα
959 3197 1016 3266 καὶ
1038 3193 1187 3268 τάικΠεο
1220 3206 1222 3210 ’

186 3365 220 3414 24
246 3354 316 3416 ἔν’
298 3361 441 3432 αμηχανί
431 3382 449 3415 α
472 3353 599 3430 ἐγένετο]
617 3363 679 3414 Ηοο
697 3363 837 3430 pertinere
855 3363 976 3415 v1i.detur
983 3361 1083 3414 Dionis

116 3429 221 3496 fragm.
240 3434 282 3498 40
299 3433 343 3487 45
