2566 3812
433 193 766 250 fflfflwffl
1023 197 1085 262 w

109 335 170 405 ἐπὶ
194 329 256 422 τὴν
280 330 438 422 Λιπάραν
470 327 624 423 ὥρμησεν
654 328 842 418 ὁ-Ἀτίλιος
895 335 1017 418 νυκτὸς
1047 339 1085 410 δέ
1213 425 1214 428 ¹

110 433 232 506 λαθάν
255 435 484 523 προκατέσχευ
506 429 613 524 αὐτὴν
634 429 744 525 ὁἈμί
742 445 840 527 λκας,
869 439 925 509 καὶ
951 441 1084 523 έπεξελ-
1205 433 1210 441 ’

112 536 190 608 666
207 540 389 626 αἰφνιδίως
407 535 550 618 πολλοῦς
569 536 752 655 διέφθειρε.

192 635 291 718 Γάιος
311 638 349 707 δὲ
363 639 627 719 Σουλπίκιος
584 667 644 761 της
661 666 697 710 τε
696 640 922 740 Σαρδοῦς
887 669 928 711 τα
945 651 1084 714 πλείστα

91 741 303 863 εκατέδραμε
333 737 438 808 κάλ’
418 735 678 864 υπερφρονήσας
716 743 752 812 έκ
781 739 902 814 τοῦτον
920 743 1185 834 άρμησενικΙΙσο

120 838 232 910 έπὶ
195 867 257 928 την
274 837 416 966 Λιβῦηυ.
457 838 549 911 κάλ’
531 844 666 932 απῆραν
690 842 754 931 μὲν
775 846 831 915 καί
855 873 888 916 οι
880 845 1084 936 Καρχηδό-

115 969 183 1014 νιοι
201 939 265 1012 σῦν
280 946 326 1036 τῷ
340 939 480 1035 Ἀννίβα
499 945 576 1033 περὶ
600 957 670 1024 τοῖς
692 954 782 1014 οίκοι
802 943 1010 1036 δεδιότες,’
993 976 1083 1018 αντι-

114 1040 323 1126 πνεύσαντος
342 1044 380 1114 δὲ
397 1041 585 1134 πνεύματος
602 1049 721 1133 σφίσιν
738 1042 838 1136 άμφω
865 1050 1082 1136 ἐπέστρεψαν

113 1147 171 1215 καλ
192 1143 276 1235 μετά
299 1149 403 1216 ταῦτα
426 1152 551 1236 ἔσφηλε
581 1144 637 1216 διά
665 1175 770 1218 τινων
797 1149 1083 1241 ψευδαυτομόλων

75 1241 172 1320 ιοτδυ
166 1242 398 1361 Ἀννίβανὸ
424 1245 563 1329 Ἀτίλιος
594 1245 639 1328 63
671 1251 714 1331 ές
735 1245 797 1338 την
820 1249 954 1339 Λιβύην
984 1243 1082 1334 αὖθις

111 1330 349 1438 πλευσόμευος.
386 1355 518 1448 σπουδῇ
535 1377 571 1419 τι
588 1339 652 1421 οῦν
669 1345 763 1444 αὐτῷ
781 1353 1027 1442 έξαναχθέντιέ
1027 1379 1080 1422 πι·
1091 1375 1112 1426 0

111 1447 303 1531 πλεύσας’
287 1479 306 1520 ο
328 1457 534 1533 Σουλπίκιος
558 1449 616 1533 τάς
643 1451 705 1540 μὲν
735 1458 872 1534 πλείους
901 1457 971 1524 τῦν
993 1459 1083 1526 νεῦν

111 1549 305 1640 άννοοῦσας
328 1549 396 1624 ὑπὸ
421 1551 559 1644 ὁμίχλης
583 1555 638 1626 ἐπὶ
661 1552 750 1630 πολὺ
773 1551 811 1626 τῦ
829 1552 1008 1645 γινόμενον
1026 1557 1082 1626 καί

110 1657 358 1744 ταραττομένοις
382 1657 565 1745 κατέδυσε,
589 1652 648 1738 τάς
673 1656 710 1726 δὲ
733 1655 850 1738 λοιπάς
867 1657 1083 1784 666066606-¹

71 1783 99 1826 15
112 1775 175 1836 σοις
200 1755 293 1836 ἐς
257 1783 319 1880 την
341 1761 405 1845 χῆυ
435 1755 535 1837 κενάς
564 1750 663 1828 εἷλον.
711 1755 817 1848 ὁγὰρ
838 1754 992 1849 Ἀννίβας
1018 1758 1083 1832 οὐκ

111 1853 298 1946 ἀσφαλῆ
266 1885 325 1928 τον
343 1855 498 1947 λιμένα“
483 1861 591 1949 ορῦν,
616 1859 808 1931 καταλιπων
831 1856 933 1943 αῦτάς
952 1859 1081 1983 ὑποχά-

115 1978 220 2044 ρησευ
237 1965 285 2042 είς
302 1956 401 2030 πολιν
410 1957 600 2042 Σουλκονς
627 1967 713 2032 ἔνθα
731 1960 982 2036 στασιασάντων
999 1960 1082 2051 πρὸς

116 2053 224 2129 αῦτδν
235 2067 480 2152 Καρχηδονίων
496 2063 651 2151 προῆλθέ
664 2089 701 2131 τε
720 2063 752 2142 ές
770 2059 894 2142 αῦτοῦς
911 2060 1011 2151 μόνος
1025 2065 1082 2132 καλ

113 2155 277 2232 άπάλετο.
314 2158 513 2253 ἀδεέστερον
531 2161 563 2232 δ’
584 2165 622 2232 έκ
639 2159 759 2232 τοῦτου
776 2159 838 2250 τὴν
854 2161 967 2283 χάραν
984 2190 1082 2232 κατα-

73 2264 286 2382 ωτρέχουτες
320 2269 356 2334 οί
382 2258 533 2354 Ρωμαῖοι
572 2261 768 2354 ἡττήθησαν
807 2257 874 2334 ῦπό
899 2263 1080 2344 ”.Αυνωνος

112 2367 219 2435 ταῦτα
238 2367 275 2436 έν
292 2368 418 2460 τριέτει
434 2363 544 2462 τοῦτφ
563 2367 794 2456 ἐγένετοκαὶ
818 2368 966 2454 συνεχεῖς
990 2372 1083 2436 λίθοι

113 2463 205 2550 έξ’
166 2494 315 2556 ουρανου
302 2467 415 2549 ές
379 2495 441 2557 την
450 2435 612 2558 Ῥάμην“
590 2496 658 2557 αμα
674 2474 801 2556 πολλοί,
821 2461 867 2549 63
885 2469 941 2538 καί
959 2466 1082 2560 χαλάζῃ

114 2569 270 2658 ἐοικέναι,
288 2575 425 2641 ἔπεσον
452 2571 510 2639 καὶ
527 2571 611 2651 ές
577 2598 614 2639 το
629 2565 801 2658 Ἀλβανδν
814 2571 871 2645 καὶ
887 2567 1008 2641 άλλοθι
1032 2579 1080 2641 λί·
1090 2595 1116 2644 D

112 2681 202 2751 θους
219 2667 299 2759 ὁμοί
297 2699 340 2752 ως
358 2673 486 2760 συνέβη
504 2674 755 2761 κατενεχθῆναι.

71 2797 100 2840 ετ
197 2776 243 2842 Οί
263 2769 295 2842 δ’
315 2768 436 2844 ῦπατοι
461 2774 514 2844 ἐπὶ
532 2779 695 2844 Σικελίαν
721 2772 877 2854 ἐλθόντες
902 2773 956 2842 ἐπὶ
976 2771 1081 2844 Λιπά·

113 2900 180 2960 ραν
199 2871 431 2962 ἐστράτευσαν.
470 2876 542 2945 έτελ
563 2870 597 2944 δ’
616 2869 683 2966 ῦπδ
707 2873 769 2963 τὴν
787 2871 895 2961 άκραν
911 2869 973 2960 τὴν
992 2883 1083 2944 Τυν-

115 2979 239 3063 δαρίδα
255 2978 467 3066 καλουμένην
483 2978 731 3066 ναυλοχοῦντας
744 2973 891 3067 ᾔσθοντο
904 2969 983 3054 τοῦς
990 2983 1082 3065 Καρ·
1122 2985 1124 2988 ’

113 3081 306 3165 χηδονίονς,
332 3070 408 3170 6666
424 3075 484 3151 τὸν
500 3082 609 3148 πλοῦν
627 3081 810 3150 ἐποιοῦντο.
854 3075 913 3146 καὶ
934 3077 1082 3170 θατέρου

111 3180 183 3248 ταῖν
199 3175 341 3256 ὑπάτων
356 3182 404 3274 63
419 3177 531 3270 ἡμίσει
553 3182 614 3265 τοῦ
629 3186 789 3250 ναυτικοῦ
812 3174 849 3248 τὸ
872 3175 1083 3272 ἀκρωτήριον

74 3308 101 3349 οο
114 3279 367 3372 περιβαλόντος,
383 3285 523 3371 νομίσας
539 3279 558 3352 6
573 3277 726 3371 Ἀμίλκας
742 3279 866 3371 μόνους
884 3278 983 3371 εἶναι,
1003 3288 1077 3368 έξα·

114 3380 241 3474 υήχθη·
268 3378 313 3466 63
331 3383 443 3470 δὲκαὶ
460 3388 495 3454 ολ
509 3385 619 3456 λοιποί
638 3384 846 3472 ἐπεγένοντο,
866 3381 948 3472 πρὸς
966 3385 1082 3474 φυγὴν
1179 3406 1181 3410 ·

116 3482 264 3576 έχάρησε
282 3487 338 3556 καὶ
355 3488 419 3556 τοῦ
431 3489 592 3558 ναυτικοῦ
605 3493 762 3560 πλείστου
775 3481 951 3570 ἀπέβαλεν.
978 3486 1082 3580 6606>-
