2586 3800
223 179 265 244 80
568 181 639 233 μιν.
651 184 713 236 x11.
734 183 812 236 υιΡ.
824 185 846 234 1.

224 325 261 393 έν
277 319 420 412 ἀπαιδίᾳ
443 316 595 410 άνάγκην
613 321 700 392 εἶναι
716 320 753 392 τὸ
770 319 914 412 νόμιμον
929 321 1029 412 μέρος
1046 335 1115 402 τοίς
1132 349 1193 409 γο-
1287 321 1289 330 '

222 426 318 495 νεῦσι
334 421 604 512 καταλιμπάνειν.

296 519 368 596 Ἐπί
398 521 519 594 τούτου
547 523 668 606 κλόνος
696 530 754 613 τῆς
777 527 839 614 γῆς
863 525 991 614 συνέβη
1020 521 1194 612 φρικώδης

223 628 301 716 περὶ
321 623 384 715 τήν
400 633 571 698 Βιθυνίαν
593 629 650 696 καὶ
673 625 732 698 τόν
749 624 1011 714 Ἑλλήσποντον,
1036 627 1069 708 ἐξ
1087 618 1193 716 οὗπερ

124 753 126 758 ’
223 731 360 810 πλείους
389 725 502 810 πόλεις
532 731 732 816 κατέπεσον,
766 726 909 818 μάλιστα
936 725 967 797 δ’
1002 725 1023 815 ή
1051 724 1218 812 Κόζικοςι

225 835 363 901 ἔπαθεν.
401 827 456 900 ὅτε
480 825 574 901 καὶὸ
600 833 637 900 έν
663 825 748 920 αὐτῇ
773 827 968 919 περιβόητος
992 827 1192 918 κατεπτάθη

189 929 322 1020 Βναός,
345 920 388 1001 οὗ
405 931 557 1018 λέγονται
580 928 771 1022 τετράοργοι
793 930 830 1001 τό
849 929 952 1021 πάχος
969 927 1057 1002 εἶναι
1074 935 1109 1002 οί
1124 936 1193 1000 κίο-

224 1062 296 1121 νες,
324 1032 361 1106 τό
381 1027 413 1102 δ’
431 1031 517 1116 ὕψος
535 1043 692 1122 αἴρεσθαι
709 1035 805 1124 μέχρι
822 1030 1028 1122 πεντήκοντα
1045 1031 1194 1122 πήχεων,

225 1139 263 1205 έκ
288 1141 389 1205 λίθον
414 1137 620 1216 συνεστῶτες
643 1132 736 1223 ἑνός,
762 1143 796 1209 εί
815 1163 862 1229 τφ
879 1139 985 1205 ταῦτα
1007 1131 1052 1224 μή
1070 1131 1195 1205 ἄπιστα

126 1239 127 1242 '
226 1233 372 1324 δόξαιεν,
399 1239 456 1306 καὶ
481 1234 585 1307 τάλλα
610 1237 647 1309 δὲ
672 1241 732 1308 τοῦ
750 1243 851 1326 έργου
869 1241 1001 1308 ἐκείνου
1017 1233 1195 1326 θαυμάσια
1209 1264 1234 1304 ιο

225 1335 407 1428 ξύμπαντα.

302 1441 389 1529 Περὶ
406 1437 527 1510 τούτου
543 1442 604 1508 του
622 1436 864 1531 αὐτοκράτορος
880 1435 996 1532 ᾅδεται
1013 1434 1064 1509 ὅτι
1081 1441 1138 1508 καί
1155 1437 1195 1510 τό

150 1631 152 1638 Α
224 1546 282 1628 τῆς
300 1538 489 1629 συγκλήτου
507 1542 691 1611 κατέκαυσε
707 1539 881 1631 ψήφισμα,
902 1535 921 1611 δ
937 1537 1012 1610 κατ’
1035 1539 1196 1630 ἐπιταγήν

224 1645 285 1712 τοῦ
299 1640 441 1712 Ἰουλίου
458 1644 576 1730 γέγονε
588 1649 771 1732 Καίσαρος,
790 1648 951 1727 θεσπίζον
964 1644 1083 1734 μηδενὶ
1098 1647 1196 1732 έφοῑ-

226 1755 308 1813 σθαι
333 1741 502 1832 διαθήκην
525 1758 636 1815 ποιεῖν
643 1797 653 1832 ,
690 1751 721 1814 εί
745 1741 790 1833 μή
813 1743 913 1836 μέρος
937 1738 1123 1834 ὡρισμένον
1145 1749 1195 1838 τῷ
1210 1769 1234 1812 ιι

224 1847 328 1938 κοινῷ
344 1851 539 1930 καταλείψει
555 1853 690 1940 ταμείφ.
740 1843 826 1917 ὅθεν
844 1853 1007 1936 νομίζεται
1024 1847 1079 1916 καὶ
1097 1847 1197 1937 μέχρι

224 1947 324 2016 τουδε
340 1961 413 2028 ταῖς
432 1945 612 2037 διαθήκαις
631 1945 861 2039 ἐγγράφεσθαι
878 1945 929 2018 ὅτι
943 1941 1021 2018 “nal
1038 1951 1087 2040 σφ’
1098 1954 1195 2035 βασι·

225 2051 308 2141 λικηῖ
328 2056 453 2144 ταμείῳ
478 2047 714 2138 καταλιμπάνω
737 2045 842 2121 τόδε.”
887 2047 1016 2136 άπιβίοο
1035 2049 1073 2119 δὲ
1090 2047 1107 2119 ὁ
1126 2046 1196 2120 ffl-

225 2148 327 2238 σεβὴς
341 2145 539 2232 ’Λυτιονίυος
555 2148 705 2242 γηραιός,
724 2148 863 2244 θαυάτφ
880 2147 977 2245 ῧπνφ
996 2148 1115 2221 ἐοικότι
1131 2181 1195 2240 μα-

225 2249 403 2346 λακωτάτφ
415 2306 425 2341 ,
458 2251 671 2344 μοναρχήσας
706 2253 881 2336 ἐνιαυτούς
916 2249 980 2323 σδν
1013 2253 1195 2344 τέσσαρσιν
1208 2278 1236 2320 το

225 2363 336 2425 εἴκοσι.

122 2475 220 2526 P1594
307 2451 434 2524 Τοότου
463 2459 510 2546 τῷ
540 2452 662 2548 πράτφ
693 2462 758 2526 ἔτει
787 2453 994 2546 Τελεσφόρος
1024 2453 1042 2527 ὁ
1068 2453 1196 2546 Ῥόμης

226 2557 404 2636 ἐπίσκοπος
428 2556 608 2626 ἑνδέκατον
632 2561 704 2638 ἔτος
725 2554 853 2639 ἆυόσας
871 2559 925 2628 ἐπὶ
942 2562 983 2648 τῇ
1001 2566 1196 2651 λειτουργίᾳ

225 2658 281 2726 καί
304 2663 476 2751 μαρτυρίφ
507 2666 715 2749 ταιυιαθείς,
747 2655 792 2742 ὥς
814 2665 995 2751 Είρηυαίος
1025 2657 1194 2751 ίστόρησε,

223 2758 316 2839 τέλος
333 2755 585 2848 μακαριώτατον
603 2756 738 2852 εὕρατο·
772 2762 828 2831 καὶ
852 2757 1050 2850 άνθιδρόθη
1068 2768 1116 2843 είς
1132 2759 1194 2832 τόν
1207 2784 1236 2826 25

223 2865 282 2949 τῆς
295 2854 419 2950 Ῥώμης
436 2859 567 2953 θρόνον
578 2859 716 2951 ’Φγϊνος
762 2859 816 2952 ἐφ’
835 2853 880 2934 οὖ
899 2861 1125 2946 Οὐαλεντίνος
1143 2869 1194 2934 αί·

224 2959 400 3054 ρεσιάρχης
418 2965 564 3052 ἐγένετο,
595 2963 651 3034 καὶ
669 2968 813 3053 Κέρδυν
827 2969 885 3054 τῆς
901 2963 986 3036 κατὰ
1003 2971 1195 3053 Μαρκίωυα

224 3066 383 3155 αίρέσεως
400 3059 552 3156 ἀρχηγός.
588 3059 721 3155 ’Τγίνου
740 3066 778 3138 δέ
794 3065 876 3156 μετὰ
892 3065 929 3138 τὸ
946 3069 1104 3158 τέταρτον
1119 3072 1195 3148 ἔτος

224 3167 285 3234 τοῦ
296 3163 420 3254 Ῥόμης
437 3163 691 3258 ἀρχιερατεῦσαι
711 3165 902 3251 ἐκλιπόντος
918 3166 978 3240 τόν
995 3175 1089 3258 βίον,
1107 3176 1195 3250 Πίος

224 3267 282 3352 τῆς
307 3264 478 3356 Ῥωμαίων
502 3271 675 3357 ἐκκλησίας
697 3271 851 3362 προέστη.
892 3273 950 3362 τῆς
975 3267 1007 3341 δ’
1036 3268 1192 3354 Ἀλεξαν-
1210 3291 1239 3334 εο

292 3495 326 3544 24
344 3491 515 3562 Εἰρηναῖος]
533 3497 552 3548 l.
570 3501 595 3561 3,
616 3511 639 3554 ο.
657 3503 682 3552 4.
