2510 3834
189 187 231 252 52
416 141 419 146 ⁵
500 181 847 236 L1B.V1.cAP.xv111.

189 323 389 418 τοκράιορα,
419 330 522 396 Τίτον
534 324 656 411 πέμπει
679 317 761 410 πρὸς
785 304 903 408 αύτόν,
928 315 1156 443 προσεροῦντά

88 453 229 508 ΡΙννντε
246 423 338 498 καὶ“
319 455 382 514 ο,τι
406 427 482 515 περὶ
503 421 676 496 Ἰουδαίων
699 419 830 492 κελεύει
851 418 1071 546 πευσόμενον.
1108 427 1156 490 ἔτι

193 532 230 600 δέ
254 526 332 600 καθ’
361 522 483 598 ὁδόν”
466 554 562 610 οντος
594 531 692 596 Τίτον
722 521 815 593 καί
800 552 819 593 ο
843 519 1018 610 Γάλβας’
999 522 1154 613 ανῄρητο,

87 668 91 676 ‚
191 630 274 721 ὅπερ
292 627 437 709 ιἰκούσας
461 625 479 698 ὁ
502 633 597 709 Τίτος
622 623 705 716 πρὸς
727 624 787 748 τὸγ
805 625 930 710 κατέριι
953 632 1155 694 παλινοστεῖ.

192 735 247 803 καὶ
267 729 322 802 διά
339 759 376 802 ιο
365 728 471 820 περὶ
494 735 554 816 τῆς
565 722 776 816 εῬωμαίων
757 729 861 815 αρχῆς
882 722 954 815 άμφ
957 731 1072 814 ίβολον
1092 722 1185 796 ούιιε

194 837 389 924 ἐπεχείρουν
406 837 447 920 τῇ
466 829 548 901 κατά
566 832 623 918 τῆς
636 826 851 918 Ἰερουσαλὴμ
869 829 1055 917 προσβολῇ,
1079 821 1156 897 ἀλλ’

193 932 341 1060 ἠρέμουν
355 935 593 1023 ένΚαισαρεία.
619 928 805 1018 Γύλβονδέ
818 925 1158 1018 άνηρημένονὌθυνν

193 1035 256 1156 την
273 1031 381 1126 ἀρχὴν
400 1033 578 1116 διεδέξατο
605 1029 730 1102 τάδ’έ
730 1061 750 1102 ν
763 1036 933 1122 Γερμανίᾳ
950 1027 1158 1119 τυγχάνοντα

191 1136 340 1259 τάγματα
355 1129 579 1206 Ούιτέλλιον’
560 1131 792 1222 ανηγόρενσαν
808 1128 1042 1221 αὐτοκράτορα
1070 1139 1158 1202 στεί-

192 1248 252 1320 λας
275 1227 341 1309 οὖν
352 1235 469 1308 Ὄθων
491 1237 643 1324 ἐπολέμει
669 1232 861 1327 Οὐιτελλίῳ.
903 1228 1095 1322 ἡττημένων
1118 1235 1157 1303 δὲ
1173 1261 1199 1300 ιο

89 1357 199 1412 W1209
207 1367 273 1410 των
297 1338 555 1431 άπεσταλμένων
576 1334 692 1460 ’Όθωγ
717 1305 837 1406 ἑαυτόύ
855 1332 1060 1424 διεχρήσατο.
1102 1337 1190 1406 καὶ

195 1439 388 1523 Ούιτέλλιος
406 1447 452 1521 είς
465 1438 593 1528 Ρύμην
610 1435 722 1560 άπχχει
729 1433 794 1508 σύν
811 1451 879 1518 τοῖς
898 1433 1157 1560 στρατεύμασιν

193 1540 258 1665 666
282 1538 346 1630 γάρ
371 1539 602 1634 αὐτῷκαὶ
567 1569 599 1610 οι
623 1541 685 1608 τού
706 1535 858 1618 Ὀθωνος
887 1535 1158 1628 προσεχώρησαν.

196 1639 451 1722 Οὐεσπασιανὸς
470 1642 526 1728 δέ,
545 1651 579 1711 εί
592 1669 668 1710 τινα
686 1629 773 1727 ἦσαν
789 1645 968 1730 περίλοιπα
985 1643 1052 1710 των
1072 1637 1159 1710 ’-Ιου
1241 1641 1244 1646 ’

161 1765 183 1813 Β
197 1749 303 1814 δαίων
320 1749 474 1832 πολίχνια
491 1739 589 1830 μήπω
603 1738 784 1828 ἑαλωκότα,
802 1747 932 1822 στείλας
950 1737 1089 1831 ἐπόρθει
1100 1740 1157 1810 καὶ
1174 1765 1200 1808 ιι

193 1851 317 1931 ταῦτα,
347 1873 391 1924 ως
414 1841 523 1932 μόνην
545 1839 610 1932 666
632 1841 695 1930 τὴν
718 1846 786 1914 τοῖν
805 1839 1043 1931 Ἱεροσολύμων
1060 1840 1160 1914 πόλιν

194 1942 319 2016 σκοπόν
332 1939 500 2034 Ῥωμαίοις
512 1941 826 2036 περιλιριπάντσθαι.
851 1939 960 2014 ἐνόσει
973 1944 1011 2013 δὲ
1027 1947 1160 2032 δεινάς,

195 2042 239 2128 άς
258 2057 401 2138 είρηται,
426 2046 466 2116 τά
483 2049 542 2134 τῆς
565 2045 701 2128 πόλεως.
738 2047 866 2130 ἔξωθεν
887 2045 950 2134 μὲν
973 2045 1037 2135 γάρ
1061 2042 1079 2114 6
1098 2055 1158 2120 Σί·

193 2177 266 2236 μων
296 2151 352 2218 καὶ
380 2152 417 2219 οί
444 2149 521 2239 περὶ
551 2143 656 2218 αύτδν
686 2162 756 2228 τοϊς
785 2143 958 2228 Ἰουδαίοις
987 2147 1160 2236 Ῥωμαίων

70 2319 75 2328 ,
194 2249 377 2340 ἐτύγχανον
394 2246 635 2339 φοβεράτεροι,
657 2253 759 2318 ἔνδον
777 2245 809 2318 δ’
829 2253 864 2317 oc
879 2249 1019 2337 ζηλωταὶ
1036 2247 1159 2318 καλού·
1173 2271 1199 2312 νο

192 2379 287 2440 μενοι
304 2351 360 2420 καί
378 2347 396 2418 6
414 2349 544 2420 τούτων
568 2347 713 2438 ἐξάρχων
732 2345 890 2439 Ἰωάννης
915 2351 970 2420 καὶ
989 2348 1160 2439 Ῥωμαίων

193 2441 280 2540 ἦσαν
298 2453 353 2520 καὶ
372 2453 431 2520 τού
450 2455 606 2539 Σίμωνος
624 2447 855 2539 χαλεπύτεροι.
891 2449 1102 2542 σφοδρότατα
1121 2453 1160 2523 δὲ

194 2553 399 2640 βιαζομένων
418 2549 495 2634 τούς
514 2553 551 2622 έν
567 2553 608 2643 τῇ
626 2548 721 2622 πόλει
739 2558 807 2624 τάν
824 2559 989 2642 ζηλωτῶν,
1008 2550 1161 2642 ἠναγκά-

193 2663 328 2741 σθησαν
345 2657 380 2722 οί
394 2658 454 2722 τοῦ
469 2649 577 2742 δήμου
593 2649 652 2723 τόν
670 2659 812 2743 Σίμωνα
829 2652 912 2743 μετά
928 2657 989 2724 τού
1005 2656 1081 2744 περὶ
1096 2651 1161 2725 αύ-

193 2750 251 2826 τόν
276 2749 427 2842 πλήθους
453 2761 500 2835 είς
519 2753 581 2844 τὴν
605 2751 705 2825 πόλιν
723 2759 995 2841 παρακαλοῦντες
1022 2762 1159 2844 είσαγα-
1174 2777 1201 2820 2⁵

193 2869 284 2980 χεῐν,
310 2853 355 2936 ιδς
371 2852 453 2946 τάχα
471 2859 528 2946 τῆς
553 2862 620 2927 τάν
638 2860 792 2945 ζηλωτόν
813 2863 1013 2946 τυραννίδος
1036 2855 1162 2940 αὐτούς

105 2987 112 2994 ‘
194 2953 441 3041 ἀπαλλάξοντα
473 2963 597 3042 ἔλαθον
622 2957 737 3029 δδί
684 2987 720 3046 χε
722 2965 819 3049 ίρονα
841 2955 920 3030 καθ’
944 2961 1073 3030 ἑαντων
1092 2965 1160 3030 είσ

161 3055 369 3148 Οδεξάμενοι
403 3057 579 3182 τύραννον.
627 3057 755 3130 τούτων
787 3055 819 3129 δ’
854 3063 891 3130 έν
870 3054 1160 3150 νἹεροσολύμοις

60 3175 63 3182 “
194 3161 430 3250 πραττομένων
449 3155 699 3242 Οὐιτέλλιος
664 3188 725 3249 την
745 3156 871 3251 Ροόμην
893 3165 1076 3250 κατέλαβεν
1099 3159 1160 3232 αύ-

194 3257 361 3384 τονράτωρ
373 3259 588 3352 νἰναρρηθείς.
615 3259 861 3358 Οὐεσπασιανῷ
874 3263 912 3334 66
923 3261 1067 3353 μαθόντι
1079 3265 1159 3334 ταύ
1175 3283 1203 3330 νο

193 3387 233 3432 τα
248 3357 313 3431 οὐκ
328 3357 461 3451 ἤρεσκε,
481 3365 536 3432 καὶ
553 3357 696 3451 άπηξίον
710 3334 892 3454 δεσπότην
897 3362 1036 3455 έχειν
1002 3393 1061 3436 τον
1077 3361 1160 3436 Οτί-

193 3464 332 3571 66666063
372 3459 505 3532 οἷδ’
487 3463 647 3552 ηγεμόνες
671 3471 740 3536 τοῖν
764 3461 829 3536 σόν
857 3461 952 3562 αύτῷ
968 3464 1161 3557 ταγμάτων,
