2558 3820
453 130 523 180 Lm.
541 131 574 180 x
595 129 672 182 σεε.
691 130 792 185 xv111
1041 127 1104 192 389

136 265 339 377 έσχολακότα
360 265 601 358 άνενεοόθησαν
631 271 734 339 καλ’
719 297 755 338 εκ
779 271 895 358 καινῆς
922 272 1102 358 προσκατέ-

135 370 264 459 στησαν
282 373 394 462 ἕτερα,
421 369 601 442 καὶπολλὰ
623 371 685 461 μὲν
710 371 763 440 ἐπὶ
787 375 828 494 τη
849 400 910 460 νη,
935 371 1040 442 πολλὰ
1067 371 1105 442 δὲ

134 475 192 543 καὶ
216 473 272 542 ἐπὶ
295 489 364 554 τοῖς
387 475 570 554 οίιιέταις’
553 469 760 598 επράττρντο.
808 469 826 542 ὸ
820 470 890 542 δὲ
913 474 1015 544 πλέον
1036 475 1105 543 τόν

133 573 249 646 ἄλλων
265 571 392 655 πάντας
408 569 564 664 ἠνίασεν,
589 564 631 662 ἦν
655 573 692 644 τό
718 570 841 654 παντὸς
864 569 984 646 οόσίαν
1009 579 1103 646 δεκα-

107 678 300 764 ετευθῆναι
317 669 505 748 ὁποσονοῦν
523 671 755 766 ευποροόντος
753 673 917 766 ἀνδρὸς*
904 704 964 764 ομο
966 682 1024 757 λαις
966 677 1104 746 ίκαὶ

133 774 305 902 ηνναικός.
341 774 428 872 λόγῳ
446 775 565 868 μὲν
526 804 590 866 γαρ
607 776 644 848 τό
664 779 861 848 δέκατον
819 805 877 866 της
890 773 1006 859 οὐσίας
1020 775 1101 865 παρ’

134 876 279 949 ἑκάστου
297 881 394 968 σφόν
412 877 637 968 είσεπράχθη,
665 885 751 974 ἔργφ
769 880 883 969 μέντοι
899 875 1030 950 οὐδὲ
996 907 1033 948 το
1053 881 1105 950 δέ·

133 1008 239 1052 κατον
256 987 461 1071 κατελείφθη
478 989 553 1052 τινί.
590 983 684 1052 καδ“
664 1007 777 1102 ετερον
796 983 837 1079 δέ
850 1010 882 1051 τι
901 978 1103 1070 ἐπινευόητο.

131 1085 182 1176 τῷ
206 1079 271 1172 γάρ
297 1085 491 1176 βουλομένῳ
517 1079 659 1170 ἐνεδόθη
683 1079 792 1208 πάσης
817 1089 876 1171 τῆς
905 1078 1090 1165 οόσίαςκ
1054 1085 1106 1152 ἐκ-

92 1213 118 1252 το
134 1180 252 1254 στάντε
269 1182 305 1253 τὸ
323 1190 436 1273 τρίτον
452 1181 533 1272 μετὰ
551 1187 654 1254 ταῦτα
678 1181 780 1308 αντῆς
806 1181 1003 1272 άπαιτησαι,
1030 1211 1105 1254 του-

132 1287 225 1356 τέστι
249 1281 329 1373 μήτε
354 1313 384 1354 τι
408 1294 526 1374 λαβεῖν
549 1287 605 1356 καὶ
629 1283 804 1376 πράγματα
829 1301 931 1375 σχεῖν.
982 1291 1015 1368 οί
1039 1282 1205 1378 γάρΡΙῠθδ

123 1393 197 1480 ,βίᾳ
220 1385 261 1456 τὰ
285 1383 348 1458 δόο
372 1389 456 1477 μέρη
478 1384 666 1477 συλόμενοι
689 1391 888 1477 προφανῶς,
915 1391 985 1468 πιός
1009 1381 1051 1456 δν
1068 1385 1105 1458 τό

133 1495 250 1578 τρίτον
273 1485 460 1576 άπέλαβον;
491 1490 548 1559 καλ
570 1486 654 1560 ἄλλα
673 1489 711 1559 δὲ
727 1498 866 1559 πλεῖστα
883 1505 952 1570 τοῖς
969 1486 1106 1580 ἀνθρώ-

134 1617 212 1672 ποις
238 1586 311 1660 τότε
335 1589 417 1681 πρὸς
441 1598 560 1662 πενίαν
578 1589 700 1675 αὐτούς
717 1589 968 1662 σννελαόνοντα
987 1589 1106 1680 ἕπενή-
1151 1665 1152 1668 ,

3 1713 5 1790 J
94 1718 122 1760 15
136 1719 251 1779 νεκτο,
269 1689 366 1780 μόνοι
384 1691 422 1762 δέ
439 1697 474 1762 oc
488 1693 529 1762 τὰ
545 1691 632 1762 ὅπλα
650 1699 780 1782 ἔχοντες
796 1687 1103 1784 δπερεπλοότησαν.

3 1793 5 1802 ’
215 1789 332 1874 Οὕτως
354 1797 390 1862 οί
409 1789 531 1883 ἄνδρες
557 1798 591 1862 οί
611 1809 700 1884 τρεῖς
724 1799 845 1866 ἐκεῖνοι
869 1799 1024 1882 ἐποίουν,
1049 1796 1105 1865 καὶ

139 1889 206 1982 άμα
223 1893 285 1964 τόν
298 1899 453 1983 Καίσαρα
472 1893 671 1965 ἐκεῖνοντὸν
684 1894 846 1988 πρότερον
859 1893 1104 1985 άπεσέμνυνον,

140 1997 195 2064 καὶ
217 1992 313 2085 τιμάς
336 2002 488 2077 ποικίλας
508 1997 617 2066 τεκαὶ
635 1993 759 2078 πολλάς
777 1994 871 2088 αὐτῷ
888 2000 1104 2084 ἐψηφίσαντο.

136 2093 321 2186 πράξαντες
339 2097 378 2166 δέ
399 2099 521 2186 ταῦτα,
546 2099 691 2179 Λέπιδος
714 2097 777 2186 μέν
801 2101 837 2166 ἐν
857 2091 960 2187 Ῥώμη
985 2095 1047 2184 τήν
1069 2125 1105 2167 τε
1154 2137 1155 2142 1

95 2225 123 2266 ιο
135 2196 237 2268 πόλιν
254 2199 310 2268 καὶ
327 2196 389 2288 τὴν
405 2195 511 2286 άλλην
528 2193 670 2269 Ἰταλίαν
688 2195 812 2280 διάξων
828 2195 1004 2286 ὑπέμεινε,
1022 2207 1105 2268 Καϊ-

136 2321 203 2390 σαρ
238 2299 276 2368 δὲ
304 2301 360 2370 καὶ
381 2295 554 2382 Ἀντοόνιος
584 2296 667 2370 κατά
692 2303 755 2370 τοῦ
779 2295 930 2388 Βροότου
961 2299 1016 2369 καὶ
1042 2306 1104 2369 τοῦ

134 2407 292 2472 Κασσίου
311 2398 543 2491 ἐστράτευσαν.
576 2404 701 2473 ἐκεῖνον
714 2399 778 2492 γάρ
796 2399 856 2472 τὸν
873 2407 1029 2488 Καίσαρα
1046 2399 1105 2471 τὸν

130 2499 308 2589 Ὀκτάβιον
320 2499 486 2592 μαθόντες
498 2507 568 2574 τεόν
580 2500 784 2595 πραγμάτων
796 2500 1105 2594 ἀντιλαμβάνεσθαι

137 2605 195 2674 καὶ
219 2601 278 2674 τόν
301 2599 418 2693 ὅμιλον
440 2611 714 2695 σφετερίζεσθαι,
739 2603 801 2696 τήν
824 2632 860 2676 τε
878 2611 1136 2696 δημοκρατίανΒ
1190 2659 1192 2662 -

3 2785 4 2788 ¹
94 2703 295 2793 εειίπέγνων
311 2707 379 2798 καὶ
409 2707 538 2778 ἐκεῖνον
561 2709 769 2796 φοβηθέντες
795 2709 831 2777 έν
853 2703 1012 2800 ’,Αθήναις
1037 2710 1104 2796 ἐγέ-

136 2833 247 2878 νοντο.
284 2807 341 2880 καὶ
364 2810 400 2876 ολ
417 2803 589 2896 Ἀθηναῖοι
607 2811 695 2898 σφοῖς
713 2809 871 2898 λαμπράς
887 2802 1103 2898 ὑπεδέξαντο,

137 2909 195 2978 καλ
215 2905 346 2989 είκόνας
363 2912 487 2998 χαλκᾶς
504 2907 619 2991 αὐτοῖς
638 2913 857 2998 ἐψηφίσαντο,
876 2907 921 2992 ὥς
939 2906 1104 2997 ζηλόσασι

136 3009 217 3091 τούς
230 3008 311 3100 παρ’
324 3008 439 3091 αὐτοῖς·
450 3007 748 3101 τυραννοκτόνους,
762 3009 821 3080 τόν
830 3007 1007 3100 Ἁρμόδιον
1018 3011 1104 3098 λέγω

116 3113 195 3220 ,καὶ
218 3109 278 3182 τὸν
296 3107 570 3202 Ἀριστογείτονα.
607 3110 678 3182 εἶτα
701 3108 888 3200 πυθόμενοι
914 3111 969 3180 ἐπὶ
992 3119 1104 3200 μεῖζον

3 3219 4 3222 ’
99 3237 126 3277 ³0
139 3210 200 3284 τόν
222 3219 379 3302 Καίσαρα
401 3224 577 3305 αίρεσθαι,
605 3207 623 3283 δ
653 3213 716 3300 μὲν
737 3210 883 3296 Κάσσιος
913 3209 995 3304 πρὸς
1024 3211 1104 3294 νοός

141 3312 279 3407 Σύρους
303 3311 437 3405 άρμησε
459 3313 620 3403 συνήθεις
642 3311 741 3397 όντας
763 3312 852 3410 αὐτῷ
859 3367 869 3404 ,
895 3317 1042 3407 Βροῦτος
1066 3316 1103 3386 δὲ

137 3414 201 3504 τήν
223 3442 259 3486 τε
279 3412 420 3488 Ἐλλάδα
446 3415 586 3506 καλιὴν
609 3423 828 3490 Μακεδονίαν
852 3424 1001 3506 συνίστη.
1047 3419 1103 3487 καὶ
