2580 3816
229 135 293 200 270
532 136 603 187 Lm.
614 135 689 190 x1v.
699 133 785 226 σεο.
803 137 837 188 v.
855 135 903 187 v1.

230 277 427 366 ἐστεμμένος
445 273 463 346 ὁ
479 273 727 362 Ἰουστινιανός,
751 276 809 344 καὶ
826 274 916 364 παρά
934 273 1071 344 πάντων
1088 269 1194 362 εῦφη-

229 378 363 467 μισθελς
381 380 548 466 ἐπανῆκεν
567 382 615 458 είς
631 375 673 446 τά
690 382 853 464 βασίλεια,
876 370 1124 465 τεσσαράκοντα
1139 376 1196 444 καλ

228 476 328 550 πέντε
350 478 426 548 τότε
452 477 631 566 τυγχάνων
661 481 835 548 ἐνιαυτῶν.
889 475 1012 546 αῦτίκα
1035 475 1075 546 δέ
1096 474 1194 565 καλή

227 578 353 668 γαμετή
378 577 486 650 αῦτοῦ
518 577 677 670 Θεοάῶρα
706 577 879 670 ἀνερρήθη
904 575 1107 666 Αῦμοῦστα,
1140 577 1194 645 καλ

227 678 299 770 μετ’
325 677 445 768 ὀλίγον
469 684 518 774 τῷ
538 677 712 773 Ἰουστίνῳ
731 681 887 749 ἐπέλιπεν
902 677 925 768 ή
941 677 1018 766 ζωή,
1035 677 1220 766 βασιλεῦ-τ

227 801 325 851 σαντι
342 787 399 870 ἐτη
418 781 516 850 ἐννέα
534 779 590 869 ἐφ’
609 775 746 872 ἡμέραις
764 791 900 851 είκοσιν.

198 883 219 948 6
307 883 378 953 Καὶ
395 880 414 952 ὁ
427 882 491 970 μὲν
504 879 653 970 εὐσεβῶς
665 879 868 970 βασιλεύσας
882 879 1053 968 ἀπῆλθεν·
1072 879 1195 970 ἀρξαν-

131 1011 223 1064 P1161
235 1011 291 1066 τος
316 983 355 1052 δὲ
373 981 613 1054 Ἰουστινιανοῦ
636 981 701 1054 οῦκ
725 989 772 1063 είς
796 989 984 1074 μοναρχίαν
1003 978 1026 1069 ἡ
1049 988 1201 1069 βασιλεία

193 1081 218 1131 A
229 1085 382 1172 κατέστη,
401 1081 476 1154 ἀλλ’
497 1089 546 1164 είς
563 1087 709 1156 διπλοῦν
725 1082 762 1153 τῦ
781 1083 903 1173 κράτος
920 1083 1113 1174 μεμέριστο·
1138 1080 1199 1152 οῦ·

226 1185 286 1256 &zv
303 1183 369 1274 γάρ
386 1177 486 1274 ήττον
502 1190 564 1254 τοῦ
582 1191 800 1274 κρατοῦντος,
818 1191 852 1254 εί
866 1183 911 1273 μή
929 1185 987 1254 καὶ
1003 1185 1145 1272 μάλλον,
1171 1181 1228 1272 ήιο

225 1285 388 1366 κοινωνὸς
412 1283 506 1378 αῦτῷ
528 1289 590 1355 τοῦ
614 1291 692 1372 βίον
717 1284 891 1376 ὃεδῦνητο.
926 1277 971 1372 ήν
994 1281 1071 1354 δὲὸ
1095 1291 1192 1371 βασι-

127 1409 129 1415 ‘
226 1387 305 1468 λεῦς
321 1379 421 1466 οῦτος
439 1390 561 1478 ῥᾷστος
577 1385 641 1475 μὲν
653 1385 737 1476 πρὸς
755 1388 906 1468 ἔντευξιν
921 1387 980 1454 καὶ
997 1383 1193 1455 ἀναπεπτα-

224 1489 327 1578 μένας
353 1483 420 1576 εἶχε
442 1485 502 1568 τάς
526 1485 628 1568 ἀκοάς
654 1487 739 1578 πρὸς
757 1486 930 1576 διαβολήν,
954 1484 1036 1569 ὀξῦς
1053 1485 1089 1554 δὲ
1105 1485 1193 1574 πρὸς
1274 1527 1277 1532 -

224 1589 377 1678 ἄμυναν,
410 1578 551 1676 ἀφειδὴς
579 1587 667 1676 πρῦς
702 1587 880 1679 χρημάτων
910 1587 1103 1676 ἐξάντλησιν
1133 1587 1194 1656 καὶ

224 1690 310 1780 πρὸς
340 1688 511 1776 συλλογήν
541 1687 657 1766 αῦτῶν
688 1687 930 1778 ἀφειδέστερος.
970 1685 1013 1757 ’τά
1035 1689 1099 1777 μὲν
1129 1687 1196 1778 γάρ
1211 1719 1236 1761 ιτ
1275 1721 1277 1738 ³

224 1789 403 1878 ἀνήλωκεν
421 1795 470 1870 είς
487 1789 678 1878 οίκοῦομάς,
696 1789 738 1858 τά
756 1789 795 1858 δέ
811 1787 859 1858 ἵν’
880 1788 973 1882 αὐτῷ
990 1797 1199 1880 κατορθοῐν-
1275 1811 1276 1814 ’

224 1916 263 1959 το
279 1887 344 1959 ὅσα
361 1893 397 1958 οί
413 1888 576 1978 ἐτῦμχανε
593 1889 677 1980 πρὸς
694 1897 831 1979 βουλῆς,
854 1889 895 1959 τά
915 1891 955 1960 δέ
968 1896 1017 1971 είς
1030 1891 1203 1980 πολέμους

224 1993 281 2060 καλ
298 1987 359 2070 τάς
376 1989 462 2080 πρὸς
479 1989 559 2071 τοῦς
577 1989 847 2081 ἀνθισταμένους
860 2006 934 2071 ταῖς
949 1993 1072 2062 ἑαυτοῦ
1088 1991 1200 2080 θελή-

225 2113 320 2163 σεσιν
337 2095 459 2182 έριέας.
495 2091 580 2164 ὅθεν
597 2090 651 2162 ἀεὶ
669 2091 849 2182 χρημάτων
865 2093 1025 2181 ’δεόμενος
1044 2093 1203 2180 ἐξελέγε-

224 2219 262 2264 το
284 2198 392 2264 ταῦτα
417 2196 454 2264 ἐκ
477 2193 613 2284 τρόπων
636 2191 701 2263 οῦκ
724 2191 860 2281 εῦαμῶν
881 2195 938 2262 καὶ
961 2193 1099 2282 χάριτας
1121 2192 1237 2283 ᾔδειν
1274 2269 1277 2274 ,

196 2307 219 2356 Β
233 2310 304 2376 τοῖς
322 2292 507 2382 προφάσεις
523 2293 616 2388 αὐτῷ
633 2299 696 2364 τοῦ
713 2293 962 2384 ἀργυρολογεῖνΙ
975 2297 1209 2384 ἐφευρίσκου-
1275 2321 1277 2374 2

229 2501 329 2563 τοῦτο
354 2493 439 2562 κατά
456 2521 487 2562 τι
503 2499 565 2564 τοῦ
583 2492 828 2588 αὐτοκράτορος
845 2493 867 2585 ἢ
886 2495 972 2586 πρὸς
996 2499 1160 2578 ἐξουσίαν
1185 2495 1208 2586 ἢ
1276 2543 1277 2548 1

227 2592 313 2682 πρὸς
337 2593 515 2684 χρημάτων
539 2601 656 2684 κτῆσιν
683 2599 719 2666 ἐκ
735 2596 865 2688 τρόπον
883 2596 1020 2678 παντός.
1056 2597 1209 2668 έδάνατο
1274 2593 1277 2634 ³

223 2694 288 2784 μὲν
310 2693 376 2784 γάρ
399 2701 516 2788 πολλῶ
539 2702 587 2789 τῶ
609 2697 701 2790 μέσῳ
720 2703 787 2768 τοῦ
810 2699 1013 2781 ξυνευνέιου
1032 2700 1237 2788 ἐπέκεινκιι

224 2789 269 2884 ἦν
287 2795 327 2866 δέ
352 2796 409 2865 καὶ
432 2796 644 2888 ποριμωτάτη
667 2797 753 2889 πρὸς
771 2796 905 2889 εὕρεσιν
921 2801 1129 2890 καινοτέρων
1148 2802 1208 2872 καί

226 2894 452 2988 πολυτρόπων
471 2900 639 2968 ἐπινοιῶν.
675 2902 839 2970 ἐντεῦθεν
863 2914 934 2981 τοῖς
956 2898 1123 2988 ὑπηκόοις
1152 2909 1208 2972 σι·
1262 2963 1268 2970 .

227 2997 333 3086 χόθεν
346 3003 386 3067 αί
396 3007 585 3090 συμφοραί·
604 3003 686 3070 οἵτε
699 2999 764 3089 γάρ
779 2999 905 3088 ἐτήσιοι
917 3003 1040 3090 δασμοὶ
1053 3002 1111 3070 ἐπὶ
1131 3018 1208 3092 μεῖ-

224 3105 283 3181 ζον
308 3098 467 3191 ἐξήροντο
497 3099 555 3170 καλ
583 3101 694 3170 καινοὶ
717 3101 1031 3193 προσεπινευόηντο.
1083 3105 1148 3172 καὶ
1176 3107 1211 3172 σέ
1272 3103 1275 3109 ’

212 3197 289 3284 μέν
313 3196 358 3280 ῶς
380 3198 426 3288 μή
453 3202 531 3290 περὶ
547 3199 611 3289 τήν
629 3207 678 3284 εἰς
695 3201 733 3272 τό
751 3212 849 3272 θεῖον
865 3201 970 3286 δόξαν
987 3200 1103 3292 ὀρθῶς
1125 3209 1207 3274 δια·
1220 3229 1241 3268 ιι

93 3393 98 3402 Ι
225 3303 388 3386 κείμενοι,
414 3303 450 3368 οί
474 3299 512 3370 δὲ
536 3298 581 3382 ῶς
607 3301 801 3384 ἀκολάστως
826 3309 980 3392 βιοῦντες
1003 3303 1213 3388 ἐκολάζοντο

227 3396 284 3462 καὶ
307 3395 368 3478 τάς
391 3408 587 3494 περιουσίας
613 3401 789 3496 ἀφῄρηντο
798 3455 811 3493 ‚·
834 3409 870 3474 οί
892 3405 931 3476 δὲ
954 3403 1008 3476 διά
1034 3404 1094 3487 τάς
1115 3405 1212 3500 πρὸς
