2580 3816
288 191 291 203 '
406 213 749 268 mmmm
1003 213 1067 282 m

1 413 2 416 ,
101 349 232 433 πόλεως
244 357 435 444 Νεκταρίου
441 351 678 478 θανόντος,
643 381 704 477 τον
716 359 868 444 χρυσούν
881 353 943 442 τὴν
956 361 1063 450 γλωτ-

98 481 161 522 ταν
187 451 349 540 Ἰωάννην
381 455 413 536 έξ
433 446 685 580 Ἀυτιοχείας’
665 454 805 542 αγαγών
834 461 893 545 τῆς
922 457 1067 545 μεγάλης

98 553 307 680 πατριύρχρν
322 559 382 642 τῆς
399 555 478 635 νέας
490 553 616 643 Ρύμης
632 555 864 647 προβάλλεται.
894 556 1011 646 νωθης
1030 559 1068 628 66

99 653 149 725 ἀν
166 655 278 724 καί
241 683 304 744 την
320 654 461 780 γνεόμην
477 657 564 746 πέρα
581 683 642 726 του
629 661 796 738 δέοντος
809 657 1019 748 μαλθακός“
999 658 1068 728 υπό

71 763 158 844 ετης
182 762 326 846 γαμετῆς
348 757 542 884 κατηρχετο
549 756 782 842 Εύδοξίαςῧ
762 787 784 848 η
809 751 886 829 66
864 787 909 848 ην
926 760 1069 846 γύναιον

1 861 4 863 ’
96 856 220 946 ίταμόν
242 859 299 926 καὶ
322 857 502 948 χρημάτων
518 855 712 948 ἡττώμενον
730 865 861 982 ἔρωτος,
879 857 1069 932 κάντεῦθεν

97 960 156 1028 καὶ
174 955 389 1028 ἀδικώτατον.
416 957 501 1030 ὅθεν
517 961 574 1029 καί
588 961 679 1052 παρά
696 967 758 1031 τού
776 961 924 1051 μεγάλου
942 962 1069 1051 πατρὸς

98 1059 374 1149 ἀνακοπτόμενον
396 1066 456 1148 τῆς
480 1059 603 1151 ὁρμῆς,
628 1061 754 1133 ἔστιδ’
774 1057 817 1132 06
835 1091 892 1132 και
882 1064 1069 1153 ἐπιτιμιό-
1194 1133 1199 1159 .-

98 1189 214 1250 μενον,
231 1159 389 1252 ἠρέθιστο
408 1169 456 1243 είς
474 1158 582 1252 όργην
605 1165 663 1233 καὶ
682 1159 879 1253 ἀμύνασθαι
894 1165 956 1234 τόν
973 1165 1071 1253 ἅγιον

1 1340 2 1343 ¹
54 1287 86 1328 10
99 1268 273 1334 ἔσπευδεν
309 1261 460 1354 ευρούσα
484 1263 523 1334 66
548 1263 664 1334 καὶ
628 1293 689 1336 τον
709 1263 963 1356 Ἀλεξανδρείας
983 1266 1069 1337 Θεό-

98 1373 198 1456 φιλον
214 1369 273 1452 τῆς
291 1372 409 1446 κακίας
427 1361 532 1491 αύτης
547 1367 726 1457 συνεργόν,
739 1374 852 1437 πείθει
869 1365 930 1436 τόν
946 1362 1103 1468 Ἀρνεί-Ο

98 1471 173 1536 διον
196 1463 384 1556 ὑπερορίαν
409 1473 472 1536 τού
495 1465 596 1554 ἁγίου
619 1475 927 1557 καταψηφίσασθαι.
968 1467 1067 1537 καὶ
1050 1496 1068 1537 ο

5 1625 7 1634 ,
57 1566 219 1691 μὲν
178 1593 237 1655 της
256 1569 433 1654 ἐκκλησίας
447 1569 626 1656 ἐκβέβληκα
639 1567 729 1638 ταδ’
710 1568 859 1668 απηγετρ
876 1567 1069 1660 ὑπερόριος.

98 1697 117 1740 ο
106 1665 232 1738 66
191 1697 250 1756 της
268 1667 397 1750 πόλεως
411 1674 583 1793 δημος,οί
568 1671 660 1758 ίμέν
674 1671 939 1760 έθρήνονν,οίδ
893 1671 957 1740 666
977 1673 1070 1740 ἐστα-

51 1791 85 1836 τι
99 1775 158 1840 σία
159 1777 223 1853 ζον.
260 1766 409 1856 δγνούς
436 1767 453 1838 6
480 1769 598 1858 νωθης
619 1769 809 1862 Ἀρκάδιος,
836 1774 963 1840 στέλλει
987 1770 1071 1841 κατά

96 1870 200 1958 τάχος
221 1869 283 1940 τὸυ
297 1867 460 1958 Ἰωάννην
479 1870 764 1961 ἀνακαλούμενος,
791 1901 848 1942 και
836 1873 1069 1962 ἐπαναχθεὶς

98 1961 202 2098 αύθις
229 1969 386 2060 ἀπεδόθη
408 1979 451 2062 τῇ
477 1971 699 2064 ἐκκλησία
682 2002 700 2043 ο
728 1973 767 2043 66
792 1969 1036 2055 ἀδούλωτος”
1009 2001 1069 2063 ων,

97 2071 164 2144 ούκ
188 2073 331 2142 ἐπαύετο
348 2072 432 2142 κατά
449 2079 518 2143 τῶν
537 2071 803 2143 ἀδικούντων
764 2101 828 2196 την
845 2078 997 2160 γλῶτταν
1014 2102 1065 2143 κι-

1 2260 3 2264 ι
24 2262 27 2268 ¹
97 2179 194 2244 νύν.
218 2171 243 2262 6
265 2173 304 2244 δέ
320 2175 454 2262 βασιλὶς
473 2173 660 2258 Εύδοξία
643 2179 747 2265 εαυτῇ
764 2173 824 2254 τάς
842 2176 921 2264 περὶ
939 2172 1069 2254 ἀδικίας

1 2333 2 2340 ,
49 2301 83 2343 το
98 2279 319 2356 διδασκαλίας
342 2275 659 2366 προσαρμόττουσα,
684 2274 804 2364 ἤλεγχε
826 2274 892 2365 γάρ
916 2270 1026 2364 αύτην
1048 2268 1069 2361 6
1115 2301 1116 2306 ’

98 2381 293 2464 συνείδησις
306 2377 465 2464 τοιαύτην
478 2369 600 2465 ούσαυ,
616 2379 746 2466 έμηνία,
763 2377 821 2446 καὶ
837 2374 918 2457 τούς
935 2373 1070 2464 θυμούς

99 2479 226 2560 έξέκαιε
247 2476 332 2548 κατὰ
354 2483 417 2546 τού
439 2477 589 2567 μεγάλου
615 2478 750 2569 πατρός.
785 2478 843 2547 καὶ
869 2477 1029 2564 πάλιν,”
1014 2504 1070 2546 ινα

96 2607 140 2648 τα
128 2577 199 2648 έν
214 2579 305 2672 μέσῳ
323 2583 431 2666 παρῶ,
445 2587 557 2648 πείθει
574 2577 635 2650 τόν
648 2581 807 2686 γαμέτην,
825 2582 969 2650 ἕλκουσα
982 2584 1064 2648 τού·
1079 2585 1103 2633 D

98 2707 161 2749 τον
179 2679 293 2766 ὥσπερ
312 2683 349 2750 ἐκ
366 2686 540 2771 φορβειάς,
566 2679 752 2772 ὑπερορίαν
768 2709 828 2752 του
816 2679 948 2769 ἀγίου
966 2707 1070 2749 κατα-

44 2809 82 2852 25
100 2788 328 2871 ψηφίσασθαι.
362 2779 464 2852 καὶὸ
487 2781 550 2906 μὲν
573 2789 632 2870 τῆς
659 2785 835 2870 ἐκκλησίας
854 2781 986 2868 έξύσθη
1008 2809 1071 2849 τυ-
1163 2826 1168 2840 ·

100 2889 271 2974 Qavmu6s
293 2883 351 2952 καὶ
376 2888 423 2963 είς
447 2882 558 2970 χύρας
581 2879 727 2970 ἀπήγετο
753 2881 990 2960 ἐπικινδύνους
1013 2881 1071 2948 καὶ

101 2989 152 3064 είς
169 2983 374 3074 πορρωτάτω
391 2984 544 3072 κειμένας
563 2980 727 3071 ἐσχατιάς,
745 2988 881 3052 πολλῶν
899 2982 1070 3068 πειραθεὶς

95 3083 186 3153 κατά
211 3084 277 3173 τὴν
301 3082 385 3154 ὁδόν
411 3089 598 3176 δυσχερῶν,
629 3079 651 3152 6
681 3089 742 3172 τῆς
770 3087 900 3169 ἐκείνου
926 3082 1070 3173 χρυσέας

99 3183 251 3274 γλύττης
277 3187 313 3256 ἐν
333 3188 521 3267 ἐπιστολαῖς
540 3190 667 3269 ἔξεστιν
685 3183 821 3256 ἀκούειν
839 3184 1070 3272 διηγουμένης.

41 3317 84 3360 εο
103 3286 314 3376 καταντήσας
339 3285 372 3356 δ’
398 3293 447 3367 είς
463 3287 684 3375 Κουκουσόν,
708 3281 869 3356 κάκεῖθεν
894 3291 943 3366 είς
961 3295 1071 3354 Πιτυ-

101 3393 210 3458 ούντα
226 3387 452 3476 ἀπαγόμενος,
472 3387 694 3476 ένΚομάνοις
712 3387 905 3478 γενόμενος,
925 3389 995 3456 ἐκεί
1009 3383 1072 3472 την

100 3487 192 3578 ζωὴν
210 3491 445 3580 ἐξεμέτρησεν,
470 3491 555 3560 ἐτῶν
572 3487 722 3576 γεγονός
740 3488 804 3559 δύο
820 3515 857 3558 τε
872 3489 930 3558 καὶ
946 3483 1071 3574 πεντή-
