2546 3822
212 118 276 182 324
339 179 350 196 ‚
450 115 816 174 mss.x1v.cAP.xx11.
837 115 940 170 xxm.

211 285 276 348 νην
297 256 571 348 ἐρριυοτόμησαν,
591 257 647 326 καί
665 263 713 338 είς
732 261 896 347 Χερσῶνα
913 263 1031 326 ἔθεντο
1048 255 1186 348 ὑπερό-

213 387 298 449 ριον,
324 357 499 440 ἐνιαυτούς
523 359 700 428 ἑκκαίδεκα
723 363 782 445 τῆς
798 365 969 446 βασιλείας
987 357 1185 448 κρατήσαν-

211 488 261 532 τα.
286 459 348 530 τόν
365 458 399 530 δ’
420 461 576 548 ἐκτομίαν
592 461 782 547 Στέφανον,
799 458 862 529 τδυ
879 459 1097 550 σακελλάριον
1115 465 1184 548 δη-

213 561 316 650 λαδή,
334 563 392 630 καὶ
408 559 471 630 τόν
487 559 637 648 μοναχὸν
655 560 838 630 Θεοδόσιον
859 560 921 631 τόν
938 559 1074 647 γενικὴν
1092 570 1184 630 συλ-

212 663 408 752 λαβόμενοι,
448 662 506 730 καὶ
543 669 700 751 σχοίνους
743 661 924 745 ἐξάψαντες
957 668 1026 732 τοῖν
1061 667 1213 732 ποδοῖνε
1271 673 1272 680 ’

212 761 338 851 αύτιόν,
353 763 513 852 σύροντες
532 761 588 833 διά
608 768 667 851 τῆς
681 761 821 853 Ἀγορᾶς
835 769 883 844 είς
899 763 963 834 τόν
977 769 1071 835 Βοῦν
1088 761 1185 852 άπή-
1271 761 1272 792 ³

212 891 321 952 γαγον
338 865 395 934 καὶ
412 865 632 935 κατέκαυσαν.
1249 925 1257 940 ,

157 976 199 1039 23
296 966 433 1037 Τούτων
456 966 494 1035 δὲ
515 966 708 1056 γενομένων
725 965 743 1036 ό
760 965 919 1047 Λεόντιος
935 971 994 1055 τῆς
1010 973 1185 1054 βασιλείας
1270 987 1272 1070 f

43 1157 47 1166 Ι
213 1068 406 1155 ἐκράτησεν,
423 1063 478 1155 ἐφ’
499 1060 543 1137 ού
558 1073 594 1137 οί
602 1067 744 1158 ’Ἀραβες
756 1067 814 1149 τάς
824 1066 1006 1157 Ῥωμαϊκὰς
1019 1069 1185 1154 κατατρέ-

109 1195 328 1257 ΡΠσιχοντες
346 1167 456 1258 χάρας
474 1167 621 1250 πολλούς
638 1169 871 1258 αἰχμαλώτους
889 1169 1090 1259 ἐλάμβανον,
1109 1169 1185 1240 εἶτα
1200 1197 1226 1238 ιο

177 1263 271 1340 Ᾰκαί
295 1268 359 1357 τὴν
373 1267 536 1359 Ἀφρικὴν
554 1267 618 1358 ὑφ’
638 1269 781 1352 ἑαυτούς
808 1271 1015 1358 ἐποιήσαντο.
1052 1271 1185 1342 στέλλει

211 1378 331 1441 τοίνυν
353 1377 453 1441 τοῦτο
477 1369 601 1460 μαθιδν
624 1365 642 1438 ὁ
669 1371 827 1460 βασιλεύς
845 1371 1003 1453 Λεόντιος
1027 1375 1090 1442 ἕνα
1112 1379 1185 1442 τῶν

212 1479 395 1563 πατρικίων
416 1467 594 1561 Ἰωάννην,
623 1468 733 1563 ἄνδρα
760 1473 981 1563 δραστήριον,
1012 1472 1095 1562 μετά
1119 1479 1185 1543 τού

213 1574 336 1644 στόλου
354 1572 480 1655 παντός
503 1580 546 1664 τῆ
566 1571 740 1662 Ῥωμαίων
756 1572 920 1665 ὴγεμονίρι
943 1574 1005 1662 τὴν
1020 1573 1185 1663 Ἀφρικὴν

111 1672 491 1754 λϊΙΙΙϊϊάνασάσασθαι·
511 1671 548 1756 δς
565 1677 621 1744 καὶ
638 1675 772 1768 πολέμῳ
789 1674 870 1756 τούς
889 1679 960 1745 ἐκεϊ
973 1675 1183 1766 τρεψάμενος
1198 1703 1224 1743 15

204 1769 353 1866 Ἀραβας
386 1775 451 1864 τὴν
478 1772 638 1866 Ἀφρικὴν
668 1773 786 1849 αύτιόν
815 1774 1050 1867 ἠλευθέρωσε,
1083 1771 1187 1848 κάκελ

212 1881 447 1966 παρεχείμασε,
465 1875 596 1966 γράψας
615 1874 657 1946 τά
671 1877 890 1968 πεπραγμένα
906 1884 954 1971 τῷ
972 1885 1103 1966 βασιλεῖ
1118 1879 1179 1944 καί

211 1977 249 2046 τδ
275 1977 429 2064 ποιητέον
453 1974 633 2066 ’άναμένων
661 1981 855 2066 ἐπιταγῆναι
880 1977 985 2072 αύτῷ.
1018 1977 1087 2047 δδὲ
1103 1981 1178 2046 τῶν

210 2078 406 2170 Ἀγαρηνῶν
424 2080 741 2170 πρωτοσύμβουλος,
759 2079 849 2149 οὕτω
861 2077 928 2170 γάρ
943 2079 1085 2150 ἐκάλουν
1097 2077 1183 2159 τούς

214 2187 315 2270 σφων
331 2181 614 2271 προεξάρχοντας,
631 2180 673 2250 τά
692 2180 776 2250 κατά
794 2179 857 2267 τὴν
872 2179 1034 2269 Ἀφρικὴν
1053 2186 1183 2268 συμβε-
1198 2208 1226 2247 εο

84 2283 89 2294 ’
210 2282 337 2370 βηκότα
360 2282 501 2371 μαθάν,
526 2285 582 2351 καὶ
601 2285 638 2352 ἐν
661 2287 761 2376 δεινῷ
785 2280 848 2370 τὴν
867 2285 903 2350 ἐκ
919 2281 1043 2369 ταύτης
1060 2281 1185 2352 ποιού-

210 2410 314 2470 μενος
338 2389 523 2469 ἔκπτωσιν,
547 2383 669 2452 στόλον
700 2382 855 2471 ἑτοιμάζει
883 2381 1094 2471 βαρύτατον,
1126 2384 1187 2450 καὶ

211 2484 342 2552 στέλλει
365 2475 467 2564 αὖθις
492 2481 556 2569 τὴν
580 2481 740 2571 Ἀφρικὴν
759 2481 1060 2570 ἀνακαλεσάμενος.
1097 2483 1188 2572 πρὸς

180 2579 290 2659 Βδνὸ
319 2583 439 2670 ῥηθεὶς
466 2591 636 2673 πατρίκιος
651 2579 808 2672 Ἰωάννης
826 2590 1039 2674 ναυμαχῆσαι
1055 2582 1101 2672 μὴ
1130 2587 1185 2666 ἐξ·
1269 2585 1270 2592 '

212 2688 339 2772 αρκῶν,
356 2687 418 2752 τού
437 2685 570 2772 λιμένος
590 2685 714 2773 ἐξίστη,
728 2685 784 2754 καὶ
803 2685 1005 2776 ἐπανήρχετο
1018 2683 1105 2773 πρός
1124 2684 1190 2754 τδν
1204 2711 1232 2753 εσ

212 2787 372 2872 βασιλέα,
402 2782 551 2874 αίτῆσων
577 2793 717 2855 πλείονα
734 2786 890 2875 δύναμιν.
932 2786 1120 2874 γενομένω
1147 2786 1191 2855 δὲ

212 2884 297 2955 κατά
314 2884 377 2972 τὴν
390 2885 528 2976 Κρήτην
544 2893 606 2956 τού
617 2883 803 2975 Ῥωμαϊκοῦ
822 2887 955 2974 στόλου,
970 2889 1006 2956 ol
1016 2891 1078 2956 τοῦ
1096 2893 1192 2956 λαοῦ

214 2986 470 3074 προϊστάμενοι,
495 2993 543 3078 πῆ
568 2987 631 3076 μέν
661 2985 707 3057 δι’
735 2987 898 3076 αἰσχύνης
924 2986 1118 3076 ποιούμενοι
1147 2987 1192 3064 τὰ
1268 3055 1269 3074 ,

214 3085 433 3175 ὑποχωρῆσαι
466 3095 526 3175 τῆς
559 3083 715 3178 Ἀφρικῆς
748 3103 819 3169 τοϊς
852 3095 1024 3178 πολεμίοις
1057 3087 1195 3176 ταύτης

215 3187 530 3276 παραχωρήσαντες,
555 3191 605 3279 πῆ
622 3189 661 3258 δὲ
682 3190 738 3258 καὶ
756 3189 942 3270 δεδοικότες
959 3187 1023 3276 τὴν
1038 3194 1099 3258 τοῦ
1118 3197 1193 3277 βει-
1208 3217 1235 3259 ιο

215 3285 330 3365 σιλέως
355 3284 474 3375 ὀργήν,
492 3295 652 3359 πείθουσι
667 3289 705 3360 τό
724 3289 888 3360 ναυτικόν
905 3295 954 3372 είς
972 3287 1194 3361 ἀποστασίαν

216 3383 374 3472 ἐκκλϊναι,
398 3388 456 3456 καὶ
481 3393 700 3478 δυσφημῆσαι
716 3389 777 3461 τόν
794 3391 965 3479 Λεόντιον,
990 3387 1198 3482 εὐφημῆσαί
