2586 3800
228 169 270 234 ω
553 167 871 222 mmmm
985 186 998 204 ι

227 307 279 381 ότι
290 304 370 380 “nal
385 308 482 399 ύμεῖς
498 307 657 398 ἄρχοντος
676 309 797 378 δέεσθε
812 309 869 376 καὶ
887 303 1005 392 αύτός,
1030 310 1062 374 εί
1077 310 1137 374 καί
1146 333 1196 387 τις

228 407 346 500 ἄλλος,
369 408 549 494 ύξιώτατός
574 417 641 500 είμι
665 409 889 499 ἡγεμονεύσω
910 401 1036 496 ipah?
1082 413 1113 477 εί
1134 397 1197 476 οὖν

229 515 287 584 καὶ
310 517 456 603 ἐμισεῖτο
479 511 537 583 διδ
558 511 621 601 τὴν
643 519 873 601 μεγαλαυχίαν
894 511 952 579 καὶ
975 506 1032 577 διὰ
1061 508 1138 588 τούς
1159 506 1197 578 τδ
1272 589 1275 594 ,

229 612 472 706 βουλευτήριον
493 616 772 703 κυκλωσαμένους
796 612 950 698 ὁπλίτας,
973 605 1058 679 ύλλδ
1082 609 1198 680 διὰτὸ

231 719 307 798 δέος
329 713 395 786 κύκ
418 719 477 806 τῆς
500 719 626 805 βουλῆς
651 713 714 804 τὴν
740 711 926 804 αύταρχίαν
955 709 1222 801 έβεβαιώσατο·ε

231 821 288 890 καί
304 813 457 908 ἆνῆλθεν
474 824 523 900 είς
539 816 577 887 τὸ
593 814 765 888 παλότιον.

312 927 361 1011 Τῇ
387 917 418 988 δ’
444 913 606 1011 ὑστεραίᾳ
629 925 663 990 οί
684 919 748 1009 μὲν
769 921 828 1006 τῆς
851 923 978 1006 βουλῆς
1002 919 1198 1008 προσῆλθον

230 1017 341 1116 αύτῷ,
364 1025 423 1091 ίνα
439 1017 486 1109 μὴ
502 1032 700 1110 φωραθεῖεν
716 1017 898 1110 όχθόμενοι
915 1013 969 1088 ἐπ’
988 1015 1097 1111 αύτῷ,
1123 1015 1141 1087 δ
1162 1018 1198 1086 δέ

233 1129 336 1212 δῆμος
361 1125 517 1212 φανερός
540 1120 793 1212 ἐσκυθρώπαζε·
826 1123 884 1190 καὶ
909 1123 943 1202 ές
965 1116 1003 1188 τό
1022 1121 1199 1204 συνέδριον

232 1221 390 1306 ἐλθόντος
407 1231 468 1294 τού
485 1219 728 1313 αὐτοκράτορος
755 1226 933 1312 ἐξέκραγον
950 1219 996 1302 ώς
1014 1223 1051 1291 ἐκ
1068 1218 1200 1310 συνθή-
1212 1253 1236 1294 ιο

231 1353 332 1414 ματος
348 1323 505 1413 ἅπαντες,
523 1323 737 1414 πατροφόνον
754 1320 859 1395 αύτδν
875 1326 1058 1403 καλούντες
1070 1324 1127 1392 καὶ
1139 1318 1200 1410 ἆρ-

198 1453 324 1517 Βιταγα
346 1431 405 1516 τῆς
427 1425 540 1517 ἀρχῆς.
583 1430 715 1496 ἐκείνου
738 1427 778 1497 δέ
799 1427 844 1516 μὴ
862 1431 1079 1515 χαλεπαίνειν
1095 1442 1201 1514 προσ-
1225 1455 1229 1462 ·

232 1531 437 1618 ποιουμένου
460 1530 517 1598 καὶ
540 1523 702 1618 όργύριόν
728 1555 758 1597 τι
782 1534 901 1618 σφίσιν
929 1525 1201 1616 ὑπισχνουμένου

231 1627 470 1719 ἠγανάκτησαν
487 1625 532 1710 ώς
551 1629 772 1718 δεκαζόμενοι,
788 1632 847 1699 καὶ
864 1627 1052 1718 ξύμπαντες
1071 1624 1202 1716 ἐξεβόη-

233 1753 298 1801 σαν
315 1725 379 1801 “ού
396 1733 560 1820 θέλομεν,
584 1726 625 1801 ού
642 1725 885 1822 λαμβάνομεν.”
913 1727 952 1800 ·ὁ
971 1730 1009 1800 δὲ·
1022 1725 1202 1810 Ἰουλιανὸς
1216 1759 1239 1800 ιι

232 1829 311 1913 τούς
328 1835 432 1902 ταύτα
451 1835 607 1922 λέγοντας
625 1836 778 1904 ἐκέλευσε
794 1838 996 1903 κτείνεσθαι.
1032 1834 1089 1902 καὶ
1105 1829 1125 1902 ὁ
1144 1835 1202 1920 δῆ-

233 1959 293 2022 μος
312 1940 360 2004 ἔτι
376 1932 583 2025 παρώξυντο,
602 1936 658 2004 καί
675 1939 736 2005 τού
749 1962 785 2004 τε
798 1940 1004 2024 Περτίνακος
1019 1934 1203 2023 ἐμέμνηντο

233 2036 290 2104 καί
309 2038 341 2117 ἐς
358 2032 418 2107 τόν
440 2033 623 2108 Ἰουλιανόν
639 2034 867 2106 ἀπέσκωπτον.
911 2038 967 2106 καὶ
985 2037 1102 2106 πολλοὶ
1119 2043 1203 2106 πολ-

234 2142 338 2227 λαχοῦ
355 2142 413 2228 τῆς
429 2135 557 2220 πόλεως
574 2136 831 2227 τιτρωσκόμενοι
848 2138 904 2206 καὶ
918 2134 1122 2226 κτεινόμενοι
1139 2133 1205 2204 ἇν-

233 2255 355 2330 τεῖχον,
373 2242 430 2311 καὶ
446 2237 533 2310 ὅπλα
550 2237 710 2328 λαβόντες
727 2241 941 2329 συνέδραμον
958 2245 1006 2320 είς
1023 2237 1082 2308 τὸν
1096 2233 1201 2306 ίππό-
1218 2269 1245 2308 ιο

237 2345 379 2430 δρομον,
403 2348 489 2411 ἔνθα
512 2339 618 2412 νύκτα
630 2367 678 2410 ,τε
695 2343 751 2410 καὶ
768 2339 897 2430 ἡμέραν
909 2337 1077 2429 διήγαγον
1092 2335 1207 2409 όισιτοι

236 2439 453 2530 ἐπιβοώμενοι
481 2441 558 2522 τούς
586 2440 724 2524 λοιπούς
746 2439 965 2531 στρατιώτας,
996 2443 1208 2530 καὶμᾶλλον

234 2540 293 2611 τὸν
310 2548 443 2632 Νίγρον
464 2541 524 2613 τὸν
541 2546 749 2614 Πεσκέννιον
773 2547 829 2614 καὶ
852 2541 931 2625 τούς
948 2540 1019 2632 μετ’
1041 2537 1148 2614 αύτού
1167 2546 1210 2612 ἐν

234 2645 274 2732 τῇ
293 2650 405 2736 Συρία
421 2639 528 2725 ὄντας.
566 2643 637 2715 είτα
654 2649 700 2738 τῷ
720 2649 805 2739 λιμῷ
822 2647 877 2716 καὶ
896 2647 938 2736 τῇ
953 2640 1125 2736 ἀγρυπνία
1143 2673 1211 2714 κα-

132 2745 401 2828 ΡΙσοικωθέντις
425 2744 632 2836 διελύθησαν
656 2748 712 2816 καὶ
734 2744 908 2836 ἡσύχαζον.
954 2741 1134 2828 Ἰουλιανός
1166 2745 1248 2816 δέτι

234 2843 340 2928 οὕτως
357 2843 419 2938 τὴν
437 2842 544 2938 ύρχὴν
561 2842 713 2938 ἆρπύσας
726 2843 958 2939 ἀνελευθέρως
972 2844 1060 2938 αύτῇ
1073 2849 1211 2940 ἐχρῆτο,

234 2946 403 3020 θωπεύων
426 2950 488 3038 τὴν
511 2947 639 3040 βουλὴν
663 2952 719 3020 καὶ
742 2948 820 3032 τούς
833 2979 874 3022 τι
893 2951 1125 3040 δυναμένους,Ι
1145 2951 1213 3019 καὶ

234 3048 274 3120 τδι
287 3050 350 3139 μὲν
363 3049 585 3142 χαριζόμενος,
599 3051 640 3122 τδι
656 3048 689 3122 δ’
707 3049 1004 3142 ἐπαγγελλόμενος
1023 3053 1077 3121 καὶ
1091 3048 1213 3120 πάντα

236 3152 290 3220 έπλ
314 3161 482 3246 θεραπείᾳ
506 3156 609 3224 ἐποίει
632 3155 700 3225 τών
727 3159 899 3242 δυνατῶν,
931 3149 972 3224 ού
1001 3154 1116 3243 μέντοι
1146 3155 1216 3222 καὶ

236 3250 434 3322 ἐπιστεύετο,
1230 3281 1258 3322 ω

312 3355 378 3421 Καὶ
400 3359 504 3422 ταῦτα
527 3355 589 3440 μέν
613 3355 695 3426 κατὰ
712 3354 774 3444 τὴν
794 3354 921 3447 Ῥώμην
939 3355 1128 3447 ἐπράττετο·
1178 3361 1222 3427 οδ

238 3448 275 3514 δὲ
304 3454 371 3520 τών
402 3456 637 3542 στρατοπέδων
665 3457 826 3547 ἡγεμόνες
856 3475 945 3550 τρεῖς
974 3455 1083 3547 ὄντες,
1114 3453 1136 3527 ό
1173 3486 1219 3530 τε
