2562 3814
206 145 268 211 180
527 145 687 200 L1ss.v111.
707 143 785 196 σεε.
797 143 850 194 111.

205 285 342 378 Πύρρος
367 281 587 375 ἐπικουρήσας
610 285 784 373 τρωθέντα
806 279 866 353 τόν
890 286 994 352 ἵππον
1012 278 1172 369 ἀπέβαλε,

205 391 262 460 καὶ
287 391 401 472 ἔδοξεν
425 383 537 470 αὐτοῖς
554 387 764 474 τεθνηκέναι.
807 380 871 454 κάκ
887 380 1008 456 τούτου
1024 385 1093 452 τόν
1110 383 1173 473 μέν

205 487 472 580 ἀθυμησάντων,
491 483 565 560 ’τῶν
589 487 627 559 δέ
650 483 993 578 καταφρονησάντων,
1017 481 1055 555 τό
1073 491 1172 575 ἔργον

207 590 377 681 ἠλλοίωτο.
413 591 527 672 συνεὶς
546 590 583 660 δέ
600 593 696 660 τούτο
713 586 777 678 τὴν
793 589 855 678 μὲν
873 585 995 676 στολὴν
1013 589 1172 677 ἐκπρεπε-

137 695 329 786 Ιεικστέραν
346 695 416 764 τάν
431 687 543 764 ἄλλων
560 680 667 763 οὖσαν
681 695 786 762 ἔδωκε
804 698 995 779 Μεγακλεῖ,
1012 685 1199 772 κελεύσαςε

207 801 347 867 ἐνδῦναι
371 790 478 882 αὐτὴν
501 795 557 864 καὶ
583 790 772 883 πανταχόσε
802 789 1054 881 περιελαύνειν,
1084 787 1175 874 ὅπως

207 895 372 982 σώζεσθαι
402 894 506 972 αὐτόν
534 902 732 985 νομίσαντες
762 898 798 964 οί
824 895 887 983 μέν
918 896 1063 965 ἐναντίοι
1092 892 1174 981 πρὸς

209 999 295 1087 δέος,
314 1003 349 1068 ολ
366 993 398 1068 δ’
418 1005 535 1069 οίκελοι
553 994 635 1088 πρός
652 994 780 1088 θάρσος
796 992 1000 1084 ἀφίκωνται,
1019 991 1118 1076 αὐτός
1137 995 1174 1065 δέ

130 1151 134 1158 ·
208 1096 420 1189 στειλάμενος
452 1102 627 1180 ἰδιωτικός
657 1097 833 1188 συνέμιξεν
864 1094 977 1180 αὐτοῖς
1003 1097 1104 1167 παντὶ
1127 1099 1176 1190 τῷ

207 1207 337 1295 στρατῷ
362 1197 451 1291 πλὴν
475 1198 685 1291 ἐλεφάντων,
710 1201 767 1270 καὶ
790 1213 859 1283 τοῖς
882 1197 935 1270 άεὶ
951 1199 1171 1289 πονουμένοις
1187 1234 1211 1274 ιο

208 1300 389 1393 ἐπαμύνων
403 1311 561 1374 πλείστου
575 1301 653 1385 τούς
666 1304 849 1392 σφετέρους
862 1299 1024 1391 ὠφέλησε.
1057 1298 1098 1370 τά
1112 1301 1174 1390 μέυ

207 1393 272 1476 ούν
285 1407 400 1495 πρώτα
414 1407 468 1474 ἐπὶ
481 1403 566 1476 πολύ
580 1409 638 1494 τῆς
652 1402 777 1494 ἡμέρας
794 1401 982 1495 ἰσορρόπως
1000 1400 1172 1492 ἐμάχοντο,

209 1634 271 1694 ρον
300 1604 537 1696 ἀπεκτονέναι,
567 1609 623 1678 καλ
653 1622 723 1690 τοῖς
753 1603 864 1689 ἄλλοις
890 1604 1029 1696 δόκησιν
1052 1603 1174 1678 τούτου

209 1707 393 1798 παρέσχεν,
411 1715 447 1778 οἵ
456 1735 492 1780 τι
502 1705 655 1799 Ῥωμαῖοι
674 1707 938 1800 ἐπερρώσθησαν
955 1710 1011 1779 καί
1028 1714 1063 1780 οἱ
1079 1711 1173 1780 ἐναν·
1188 1743 1213 1784 ιε

210 1811 276 1878 τίοι
294 1811 463 1880 ἐνέδοσαν.
499 1809 602 1899 γνούς
622 1808 693 1882 δέὁ
708 1809 847 1902 Πύρρος
857 1810 893 1882 τό
910 1810 1100 1900 γινόμενον,
1117 1807 1175 1882 τόν

211 1917 312 1981 πῖλον
336 1908 501 2003 άπέρριψε
524 1915 581 1983 καὶ
604 1917 716 2004 γυμνῇ
734 1941 781 2004 τη
799 1917 930 2003 κεφαλῇ
946 1911 1091 2005 περιῄει·
1119 1913 1175 1984 καί

210 2016 259 2094 είς
281 2007 481 2085 τούναντίον
503 2017 660 2104 περιέστη
683 2013 704 2104 ἡ
727 2013 824 2105 μάχη.
868 2015 953 2086 ίδων
977 2015 1014 2085 δέ
1037 2020 1134 2086 τοῦτο
1156 2013 1174 2085 ό

176 2116 413 2204 ΒΛαονίνιος,
438 2118 495 2186 καὶ
518 2118 637 2200 ίππέας
661 2124 748 2206 ἐχων
772 2114 1010 2204 ἐνεδρεύοντάς
1033 2143 1099 2187 που
1115 2123 1173 2205 τῆς

178 2211 313 2304 -μάχης
344 2215 455 2306 ἐκτός,
486 2215 568 2288 κατά
599 2216 709 2289 νάσου
732 2235 935 2308 προσπεσεῖν
959 2215 1079 2300 αύτούς
1102 2233 1172 2300 τοῖς
1185 2251 1213 2296 20

207 2322 376 2407 πολεμίοις
395 2321 557 2390 ἐκέλευσε.
598 2318 682 2409 πρὸς
699 2326 794 2391 τοῦτο
813 2320 851 2390 δέ
868 2317 1173 2410 άντιστρατηγῶνὸ

207 2414 347 2506 Πύρρος
370 2416 407 2488 τό
425 2435 564 2509 σημεῖον
581 2437 650 2503 τοῖς
670 2424 830 2511 ἐλέφασιν
846 2415 944 2510 ἦρεν
980 2429 1066 2493 ἔνθα
1084 2428 1173 2492 ἔατε

208 2523 267 2604 τῆς
286 2525 355 2588 τῶν
372 2527 505 2611 θηρίων
521 2523 605 2604 θέας
622 2521 806 2594 άλλοκότου
824 2520 928 2617 οὔσης
944 2524 1075 2612 καὶτῆς
1092 2525 1173 2612 βοῆς

207 2615 417 2710 φρικώδους,
441 2624 497 2694 καὶ
523 2626 559 2694 ἐκ
575 2628 636 2697 του
658 2631 727 2696 τῶν
749 2621 863 2696 ὅπλων
887 2622 1054 2714 πατάγου,
1078 2621 1119 2696 ὃν
1140 2631 1176 2696 οἱ

210 2721 444 2811 ἐπιβεβηκότες
475 2727 613 2796 ἐποίουν
644 2729 681 2798 ἐν
709 2741 779 2809 τοῖς
809 2725 950 2818 πύργοις
980 2723 1171 2818 φερόμενοι,
1185 2759 1213 2802 ει

209 2816 308 2892 αύτοί
324 2851 361 2894 τε
384 2830 419 2896 οέ
428 2823 581 2916 Ῥωμαῖοι
605 2826 849 2918 ἐξεπλάγησαν,
875 2830 931 2899 καὶ
954 2833 989 2900 οἰ
1005 2832 1102 2918 σφων
1119 2833 1173 2899 ἵπ·

206 2947 264 2994 ποι
282 2928 541 3017 ἐκταραχθέντες
563 2933 598 2999 οἱ
619 2930 682 3018 μὲν
699 2927 934 3021 άποσειόμενοι
951 2929 1029 3014 τοὺς
1046 2927 1173 3020 άναβά·

207 3051 277 3113 τας,
303 3031 338 3097 οί
354 3027 391 3100 δέ
409 3030 465 3099 καὶ
483 3032 643 3120 φέροντες
661 3039 815 3121 ἐφευγον.
852 3031 1036 3123 άθυμῆσαν
1053 3022 1117 3104 οὖν
1134 3036 1173 3104 ἐκ

205 3122 333 3198 τούτων
355 3127 392 3199 τὸ
408 3127 591 3221 Ῥωμαϊκόν
615 3131 773 3225 ἐτράπετο
791 3133 998 3226 στράτευμα,
1017 3135 1074 3205 καὶ
1091 3132 1174 3224 φεύ-

204 3250 320 3311 γοντες
344 3227 532 3321 άνηροῦντο
557 3238 592 3304 οί
605 3234 668 3324 μέν
691 3232 782 3326 παρά
802 3241 871 3307 τῶν
889 3240 926 3308 ἐν
943 3252 1011 3319 τοῖς
1028 3233 1171 3328 πύργοις
1185 3280 1212 3322 ³0

206 3321 344 3417 άνδροόυ
366 3347 435 3413 τοῖς
466 3335 521 3404 ἐπὶ
550 3338 619 3406 των
642 3335 852 3427 ἐλεφάντων,
882 3343 917 3409 οί
946 3338 984 3408 δέ
1007 3339 1064 3408 καὶ
1086 3333 1170 3429 παρ’

171 3421 318 3500 (ιαύτοὸν
335 3437 403 3502 τῶν
419 3441 552 3524 θηρίων
568 3451 640 3521 ταῖς
657 3445 855 3528 προβοσκίσι
873 3441 929 3512 καὶ
946 3455 1016 3522 τοῖς
1034 3441 1174 3530 κέρασιν
