<?xml version="1.0" encoding="UTF-8"?>
<!DOCTYPE html PUBLIC "-//W3C//DTD XHTML 1.0 Transitional//EN"
    "http://www.w3.org/TR/xhtml1/DTD/xhtml1-transitional.dtd">
<html xmlns="http://www.w3.org/1999/xhtml" xml:lang="en" lang="en">
 <head>
  <title>
</title>
<meta http-equiv="Content-Type" content="text/html;charset=utf-8" />
  <meta name='ocr-system' content='tesseract 3.04.00' />
  <meta name='ocr-capabilities' content='ocr_page ocr_carea ocr_par ocr_line ocrx_word'/>
</head>
<body>
  <div class='ocr_page' id='page_1' title='image "./iannoutouznapae01canggoog_0342.png"; bbox 0 0 2558 3820; ppageno 0'>
   <div class='ocr_carea' id='block_1_1' title="bbox 431 153 1070 220">
    <p class='ocr_par' dir='ltr' id='par_1_1' title="bbox 431 153 1070 220">
     <span class='ocr_line' id='line_1_1' title="bbox 431 153 1070 220; baseline 0.027 -16"><span class='ocrx_word' id='word_1_1' title='bbox 431 153 502 204; x_wconf 76' lang='grc' dir='ltr'><strong><em>ιω.</em></strong></span> <span class='ocrx_word' id='word_1_2' title='bbox 516 154 565 204; x_wconf 85' lang='lat' dir='ltr'><strong><em>1x.</em></strong></span> <span class='ocrx_word' id='word_1_3' title='bbox 584 153 664 208; x_wconf 74' lang='grc' dir='ltr'><strong><em>οΑΡ.</em></strong></span> <span class='ocrx_word' id='word_1_4' title='bbox 676 155 762 205; x_wconf 84' lang='lat' dir='ltr'>xxx.</span> <span class='ocrx_word' id='word_1_5' title='bbox 1007 155 1070 220; x_wconf 79' lang='lat'><strong><em>335</em></strong></span> 
     </span>
    </p>
   </div>
   <div class='ocr_carea' id='block_1_2' title="bbox 4 287 1167 3535">
    <p class='ocr_par' dir='ltr' id='par_1_2' title="bbox 4 287 1167 3535">
     <span class='ocr_line' id='line_1_2' title="bbox 4 287 1069 387; baseline 0.006 -26"><span class='ocrx_word' id='word_1_6' title='bbox 4 291 5 296; x_wconf 31' lang='lat'>¹</span> <span class='ocrx_word' id='word_1_7' title='bbox 103 307 207 382; x_wconf 74' lang='grc' dir='ltr'><strong><em>τεῖχος</em></strong></span> <span class='ocrx_word' id='word_1_8' title='bbox 234 287 467 363; x_wconf 69' lang='grc' dir='ltr'><strong><em>διασώσασθαι</em></strong></span> <span class='ocrx_word' id='word_1_9' title='bbox 493 289 677 382; x_wconf 76' lang='grc' dir='ltr'><strong><em>δύνασθαι,</em></strong></span> <span class='ocrx_word' id='word_1_10' title='bbox 704 300 750 374; x_wconf 83' lang='grc' dir='ltr'><strong><em>είς</em></strong></span> <span class='ocrx_word' id='word_1_11' title='bbox 774 294 832 364; x_wconf 88' lang='grc' dir='ltr'><strong><em>τόν</em></strong></span> <span class='ocrx_word' id='word_1_12' title='bbox 855 303 912 384; x_wconf 88' lang='grc' dir='ltr'><strong><em>τής</em></strong></span> <span class='ocrx_word' id='word_1_13' title='bbox 935 293 1069 387; x_wconf 84' lang='grc' dir='ltr'><strong><em>Βάρσης</em></strong></span> 
     </span>
     <span class='ocr_line' id='line_1_3' title="bbox 4 391 1069 486; baseline 0 -18"><span class='ocrx_word' id='word_1_14' title='bbox 4 419 6 468; x_wconf 79' lang='lat' dir='ltr'>J</span> <span class='ocrx_word' id='word_1_15' title='bbox 103 401 283 483; x_wconf 76' lang='grc' dir='ltr'><em>περίβολον</em></span> <span class='ocrx_word' id='word_1_16' title='bbox 306 391 364 464; x_wconf 87' lang='grc' dir='ltr'><strong><em>άτε</em></strong></span> <span class='ocrx_word' id='word_1_17' title='bbox 388 396 445 463; x_wconf 82' lang='grc' dir='ltr'><strong><em>καὶ</em></strong></span> <span class='ocrx_word' id='word_1_18' title='bbox 463 391 684 484; x_wconf 86' lang='grc' dir='ltr'><strong><em>ε’ρνμνότερον</em></strong></span> <span class='ocrx_word' id='word_1_19' title='bbox 708 391 988 486; x_wconf 81' lang='grc' dir='ltr'><strong><em>ἀνεσκευάσαντο,</em></strong></span> <span class='ocrx_word' id='word_1_20' title='bbox 1013 402 1069 468; x_wconf 79' lang='grc' dir='ltr'><strong><em>καὶ</em></strong></span> 
     </span>
     <span class='ocr_line' id='line_1_4' title="bbox 101 490 1068 588; baseline 0.005 -23"><span class='ocrx_word' id='word_1_21' title='bbox 101 501 379 585; x_wconf 86' lang='grc' dir='ltr'><strong><em>μετακομίσαντες</em></strong></span> <span class='ocrx_word' id='word_1_22' title='bbox 402 490 465 565; x_wconf 80' lang='grc' dir='ltr'><strong><em>ὅσα</em></strong></span> <span class='ocrx_word' id='word_1_23' title='bbox 493 491 679 586; x_wconf 85' lang='grc' dir='ltr'><strong><em>ήδόναντο,</em></strong></span> <span class='ocrx_word' id='word_1_24' title='bbox 712 499 924 588; x_wconf 76' lang='grc' dir='ltr'><strong><em>κατέπρησαν</em></strong></span> <span class='ocrx_word' id='word_1_25' title='bbox 945 497 1068 581; x_wconf 87' lang='grc' dir='ltr'><strong><em>νυκτός</em></strong></span> 
     </span>
     <span class='ocr_line' id='line_1_5' title="bbox 101 593 1067 690; baseline 0.006 -24"><span class='ocrx_word' id='word_1_26' title='bbox 101 593 137 668; x_wconf 88' lang='grc' dir='ltr'><strong><em>τό</em></strong></span> <span class='ocrx_word' id='word_1_27' title='bbox 160 595 300 688; x_wconf 75' lang='grc' dir='ltr'><strong><em>νεοίριον</em></strong></span> <span class='ocrx_word' id='word_1_28' title='bbox 322 597 377 667; x_wconf 75' lang='grc' dir='ltr'><strong><em>καὶ</em></strong></span> <span class='ocrx_word' id='word_1_29' title='bbox 408 601 477 666; x_wconf 78' lang='grc' dir='ltr'><strong><em>τεόν</em></strong></span> <span class='ocrx_word' id='word_1_30' title='bbox 506 593 625 668; x_wconf 86' lang='grc' dir='ltr'><strong><em>ἀλλων</em></strong></span> <span class='ocrx_word' id='word_1_31' title='bbox 648 595 689 668; x_wconf 88' lang='grc' dir='ltr'><strong><em>τά</em></strong></span> <span class='ocrx_word' id='word_1_32' title='bbox 713 606 834 688; x_wconf 86' lang='grc' dir='ltr'><strong><em>πλείω,</em></strong></span> <span class='ocrx_word' id='word_1_33' title='bbox 865 605 922 670; x_wconf 82' lang='grc' dir='ltr'><strong><em>ἴνα</em></strong></span> <span class='ocrx_word' id='word_1_34' title='bbox 952 607 1010 690; x_wconf 88' lang='grc' dir='ltr'><strong><em>τής</em></strong></span> <span class='ocrx_word' id='word_1_35' title='bbox 1035 605 1067 686; x_wconf 81' lang='grc' dir='ltr'><strong><em>ἐξ</em></strong></span> 
     </span>
     <span class='ocr_line' id='line_1_6' title="bbox 74 695 1066 793; baseline -0.001 -20"><span class='ocrx_word' id='word_1_36' title='bbox 74 695 217 773; x_wconf 77' lang='grc' dir='ltr'><strong><em>εαάτόν</em></strong></span> <span class='ocrx_word' id='word_1_37' title='bbox 234 695 399 788; x_wconf 76' lang='grc' dir='ltr'><strong><em>ἀφελείας</em></strong></span> <span class='ocrx_word' id='word_1_38' title='bbox 416 695 493 780; x_wconf 78' lang='grc' dir='ltr'><strong><em>τούς</em></strong></span> <span class='ocrx_word' id='word_1_39' title='bbox 516 706 694 791; x_wconf 79' lang='grc' dir='ltr'><strong><em>πολεμίους</em></strong></span> <span class='ocrx_word' id='word_1_40' title='bbox 712 699 927 793; x_wconf 85' lang='grc' dir='ltr'><strong><em>στερήσωσιν.</em></strong></span> <span class='ocrx_word' id='word_1_41' title='bbox 971 701 1014 785; x_wconf 73' lang='grc' dir='ltr'><strong><em>ὡς</em></strong></span> <span class='ocrx_word' id='word_1_42' title='bbox 1033 700 1066 772; x_wconf 84' lang='grc' dir='ltr'><strong><em>δ’</em></strong></span> 
     </span>
     <span class='ocr_line' id='line_1_7' title="bbox 101 797 1068 894; baseline 0.005 -25"><span class='ocrx_word' id='word_1_43' title='bbox 101 806 211 888; x_wconf 79' lang='grc' dir='ltr'><strong><em>ἔγνων</em></strong></span> <span class='ocrx_word' id='word_1_44' title='bbox 233 799 270 870; x_wconf 88' lang='grc' dir='ltr'><strong><em>τδ</em></strong></span> <span class='ocrx_word' id='word_1_45' title='bbox 293 805 395 890; x_wconf 78' lang='grc' dir='ltr'><strong><em>ἔργον</em></strong></span> <span class='ocrx_word' id='word_1_46' title='bbox 420 806 454 870; x_wconf 71' lang='lat' dir='ltr'><strong><em>oc</em></strong></span> <span class='ocrx_word' id='word_1_47' title='bbox 469 797 642 890; x_wconf 82' lang='grc' dir='ltr'><strong><em>Ῥωμαῖοι,</em></strong></span> <span class='ocrx_word' id='word_1_48' title='bbox 672 798 731 872; x_wconf 88' lang='grc' dir='ltr'><strong><em>τόν</em></strong></span> <span class='ocrx_word' id='word_1_49' title='bbox 762 805 879 892; x_wconf 88' lang='grc' dir='ltr'><strong><em>λιμένα</em></strong></span> <span class='ocrx_word' id='word_1_50' title='bbox 908 805 1068 894; x_wconf 76' lang='grc' dir='ltr'><strong><em>κατέσχον</em></strong></span> 
     </span>
     <span class='ocr_line' id='line_1_8' title="bbox 5 899 1068 995; baseline 0.004 -25"><span class='ocrx_word' id='word_1_51' title='bbox 5 923 6 926; x_wconf 73' lang='grc'>’</span> <span class='ocrx_word' id='word_1_52' title='bbox 98 905 154 971; x_wconf 74' lang='grc' dir='ltr'><strong><em>καί</em></strong></span> <span class='ocrx_word' id='word_1_53' title='bbox 175 903 229 972; x_wconf 81' lang='grc' dir='ltr'><strong><em>ἐπὶ</em></strong></span> <span class='ocrx_word' id='word_1_54' title='bbox 246 899 308 990; x_wconf 86' lang='grc' dir='ltr'><strong><em>τὴν</em></strong></span> <span class='ocrx_word' id='word_1_55' title='bbox 325 899 463 992; x_wconf 86' lang='grc' dir='ltr'><strong><em>Βάρσαν</em></strong></span> <span class='ocrx_word' id='word_1_56' title='bbox 487 900 677 992; x_wconf 84' lang='grc' dir='ltr'><strong><em>ἐχάρησαν,</em></strong></span> <span class='ocrx_word' id='word_1_57' title='bbox 701 905 758 974; x_wconf 83' lang='grc' dir='ltr'><strong><em>καὶ</em></strong></span> <span class='ocrx_word' id='word_1_58' title='bbox 775 903 993 995; x_wconf 82' lang='grc' dir='ltr'><strong><em>κατασχόντες</em></strong></span> <span class='ocrx_word' id='word_1_59' title='bbox 1010 905 1068 986; x_wconf 84' lang='grc' dir='ltr'><strong><em>τάς</em></strong></span> 
     </span>
     <span class='ocr_line' id='line_1_9' title="bbox 4 1001 1069 1095; baseline 0.003 -22"><span class='ocrx_word' id='word_1_60' title='bbox 4 1019 5 1022; x_wconf 76' lang='grc'>’</span> <span class='ocrx_word' id='word_1_61' title='bbox 99 1005 312 1093; x_wconf 80' lang='grc' dir='ltr'><strong><em>ἑκατέρωθεν</em></strong></span> <span class='ocrx_word' id='word_1_62' title='bbox 346 1001 450 1092; x_wconf 77' lang='grc' dir='ltr'><strong><em>αὐτῆς</em></strong></span> <span class='ocrx_word' id='word_1_63' title='bbox 479 1009 586 1084; x_wconf 84' lang='grc' dir='ltr'><strong><em>οίκίας</em></strong></span> <span class='ocrx_word' id='word_1_64' title='bbox 616 1009 650 1074; x_wconf 88' lang='grc' dir='ltr'><strong><em>οί</em></strong></span> <span class='ocrx_word' id='word_1_65' title='bbox 677 1004 740 1094; x_wconf 72' lang='grc' dir='ltr'><strong><em>μὲν</em></strong></span> <span class='ocrx_word' id='word_1_66' title='bbox 775 1008 829 1076; x_wconf 79' lang='grc' dir='ltr'><strong><em>ἐπὶ</em></strong></span> <span class='ocrx_word' id='word_1_67' title='bbox 859 1011 928 1078; x_wconf 81' lang='grc' dir='ltr'><strong><em>τάν</em></strong></span> <span class='ocrx_word' id='word_1_68' title='bbox 961 1011 1069 1095; x_wconf 76' lang='grc' dir='ltr'><strong><em>τεγῶν</em></strong></span> 
     </span>
     <span class='ocr_line' id='line_1_10' title="bbox 4 1101 1068 1197; baseline 0.003 -22"><span class='ocrx_word' id='word_1_69' title='bbox 4 1147 5 1150; x_wconf 33' lang='lat'>¹</span> <span class='ocrx_word' id='word_1_70' title='bbox 92 1103 214 1176; x_wconf 72' lang='grc' dir='ltr'><strong><em>αὐτοῖν</em></strong></span> <span class='ocrx_word' id='word_1_71' title='bbox 245 1107 298 1174; x_wconf 82' lang='grc' dir='ltr'><strong><em>ἐπὶ</em></strong></span> <span class='ocrx_word' id='word_1_72' title='bbox 321 1102 380 1188; x_wconf 85' lang='grc' dir='ltr'><strong><em>τάς</em></strong></span> <span class='ocrx_word' id='word_1_73' title='bbox 409 1101 462 1174; x_wconf 76' lang='grc' dir='ltr'><strong><em>ἀεὶ</em></strong></span> <span class='ocrx_word' id='word_1_74' title='bbox 490 1107 647 1196; x_wconf 76' lang='grc' dir='ltr'><strong><em>ἐχομένας</em></strong></span> <span class='ocrx_word' id='word_1_75' title='bbox 670 1103 839 1197; x_wconf 74' lang='grc' dir='ltr'><strong><em>ἐβάδιζον,</em></strong></span> <span class='ocrx_word' id='word_1_76' title='bbox 872 1113 907 1180; x_wconf 85' lang='grc' dir='ltr'><strong><em>οί</em></strong></span> <span class='ocrx_word' id='word_1_77' title='bbox 927 1108 965 1177; x_wconf 74' lang='grc' dir='ltr'><strong><em>δὲ</em></strong></span> <span class='ocrx_word' id='word_1_78' title='bbox 988 1106 1068 1190; x_wconf 82' lang='grc' dir='ltr'><strong><em>τοδς</em></strong></span> 
     </span>
     <span class='ocr_line' id='line_1_11' title="bbox 63 1204 1067 1301; baseline 0.001 -23"><span class='ocrx_word' id='word_1_79' title='bbox 63 1239 86 1279; x_wconf 88' lang='grc' dir='ltr'><strong><em>ιο</em></strong></span> <span class='ocrx_word' id='word_1_80' title='bbox 97 1216 232 1298; x_wconf 86' lang='grc' dir='ltr'><strong><em>τοίχους</em></strong></span> <span class='ocrx_word' id='word_1_81' title='bbox 262 1204 497 1293; x_wconf 85' lang='grc' dir='ltr'><strong><em>διορύσσοντες</em></strong></span> <span class='ocrx_word' id='word_1_82' title='bbox 520 1206 675 1279; x_wconf 76' lang='grc' dir='ltr'><strong><em>κάτωθεν</em></strong></span> <span class='ocrx_word' id='word_1_83' title='bbox 702 1207 859 1298; x_wconf 86' lang='grc' dir='ltr'><strong><em>διήεσαν,</em></strong></span> <span class='ocrx_word' id='word_1_84' title='bbox 893 1212 954 1290; x_wconf 83' lang='grc' dir='ltr'><strong><em>έως</em></strong></span> <span class='ocrx_word' id='word_1_85' title='bbox 985 1208 1067 1301; x_wconf 84' lang='grc' dir='ltr'><strong><em>πρὸς</em></strong></span> 
     </span>
     <span class='ocr_line' id='line_1_12' title="bbox 97 1305 1100 1401; baseline 0.004 -21"><span class='ocrx_word' id='word_1_86' title='bbox 97 1308 207 1398; x_wconf 81' lang='grc' dir='ltr'><strong><em>αὐτήν</em></strong></span> <span class='ocrx_word' id='word_1_87' title='bbox 224 1307 286 1397; x_wconf 89' lang='grc' dir='ltr'><strong><em>τήν</em></strong></span> <span class='ocrx_word' id='word_1_88' title='bbox 303 1305 410 1399; x_wconf 85' lang='grc' dir='ltr'><strong><em>ἀκραν</em></strong></span> <span class='ocrx_word' id='word_1_89' title='bbox 428 1305 598 1397; x_wconf 83' lang='grc' dir='ltr'><strong><em>ἀφίκοντο.</em></strong></span> <span class='ocrx_word' id='word_1_90' title='bbox 642 1311 794 1381; x_wconf 78' lang='grc' dir='ltr'><strong><em>ἐνταῦθα</em></strong></span> <span class='ocrx_word' id='word_1_91' title='bbox 819 1310 857 1380; x_wconf 77' lang='grc' dir='ltr'><strong><em>δδ</em></strong></span> <span class='ocrx_word' id='word_1_92' title='bbox 874 1314 1100 1401; x_wconf 84' lang='grc' dir='ltr'><strong><em>γενομένοιςΒ</em></strong></span> 
     </span>
     <span class='ocr_line' id='line_1_13' title="bbox 96 1405 1066 1502; baseline 0 -20"><span class='ocrx_word' id='word_1_93' title='bbox 96 1409 210 1482; x_wconf 83' lang='grc' dir='ltr'><strong><em>οὐκέτι</em></strong></span> <span class='ocrx_word' id='word_1_94' title='bbox 232 1405 380 1501; x_wconf 83' lang='grc' dir='ltr'><strong><em>ἀντήραν</em></strong></span> <span class='ocrx_word' id='word_1_95' title='bbox 410 1414 445 1481; x_wconf 90' lang='grc' dir='ltr'><strong><em>οί</em></strong></span> <span class='ocrx_word' id='word_1_96' title='bbox 465 1407 708 1502; x_wconf 84' lang='grc' dir='ltr'><strong><em>Καρχηδόνιοι,</em></strong></span> <span class='ocrx_word' id='word_1_97' title='bbox 738 1407 815 1482; x_wconf 89' lang='grc' dir='ltr'><strong><em>ἀλλ’</em></strong></span> <span class='ocrx_word' id='word_1_98' title='bbox 842 1411 1066 1502; x_wconf 80' lang='grc' dir='ltr'><strong><em>ἐπεκηρυκεά·</em></strong></span> 
     </span>
     <span class='ocr_line' id='line_1_14' title="bbox 4 1506 1068 1604; baseline -0.003 -18"><span class='ocrx_word' id='word_1_99' title='bbox 4 1581 6 1586; x_wconf 92' lang='grc'>.</span> <span class='ocrx_word' id='word_1_100' title='bbox 96 1534 220 1601; x_wconf 90' lang='grc' dir='ltr'><strong><em>σαντο,</em></strong></span> <span class='ocrx_word' id='word_1_101' title='bbox 245 1507 333 1600; x_wconf 82' lang='grc' dir='ltr'><strong><em>πλήν</em></strong></span> <span class='ocrx_word' id='word_1_102' title='bbox 349 1518 411 1583; x_wconf 79' lang='grc' dir='ltr'><strong><em>τοό</em></strong></span> <span class='ocrx_word' id='word_1_103' title='bbox 433 1506 647 1601; x_wconf 71' lang='grc' dir='ltr'><strong><em>Ἀσδρούβαν.</em></strong></span> <span class='ocrx_word' id='word_1_104' title='bbox 685 1516 811 1596; x_wconf 79' lang='grc' dir='ltr'><strong><em>ἐκεῖνος</em></strong></span> <span class='ocrx_word' id='word_1_105' title='bbox 835 1515 873 1584; x_wconf 75' lang='grc' dir='ltr'><strong><em>δέ</em></strong></span> <span class='ocrx_word' id='word_1_106' title='bbox 895 1514 977 1604; x_wconf 86' lang='grc' dir='ltr'><strong><em>μετά</em></strong></span> <span class='ocrx_word' id='word_1_107' title='bbox 999 1516 1068 1584; x_wconf 75' lang='grc' dir='ltr'><strong><em>ταῖν</em></strong></span> 
     </span>
     <span class='ocr_line' id='line_1_15' title="bbox 4 1608 1067 1739; baseline 0.001 -55"><span class='ocrx_word' id='word_1_108' title='bbox 4 1645 6 1648; x_wconf 95' lang='grc'><strong><em>·</em></strong></span> <span class='ocrx_word' id='word_1_109' title='bbox 95 1610 310 1738; x_wconf 73' lang='grc' dir='ltr'><strong><em>αὐτομόλων,</em></strong></span> <span class='ocrx_word' id='word_1_110' title='bbox 339 1612 357 1684; x_wconf 86' lang='grc' dir='ltr'>ὁ</span> <span class='ocrx_word' id='word_1_111' title='bbox 380 1608 444 1704; x_wconf 86' lang='grc' dir='ltr'><strong><em>γάρ</em></strong></span> <span class='ocrx_word' id='word_1_112' title='bbox 468 1621 623 1684; x_wconf 80' lang='grc' dir='ltr'><strong><em>Σκιπίων</em></strong></span> <span class='ocrx_word' id='word_1_113' title='bbox 646 1613 708 1686; x_wconf 79' lang='grc' dir='ltr'><strong><em>οὐκ</em></strong></span> <span class='ocrx_word' id='word_1_114' title='bbox 739 1617 912 1687; x_wconf 75' lang='grc' dir='ltr'><strong><em>ἐσπείσατο</em></strong></span> <span class='ocrx_word' id='word_1_115' title='bbox 942 1611 1067 1739; x_wconf 80' lang='grc' dir='ltr'><strong><em>αβτοϊς,</em></strong></span> 
     </span>
     <span class='ocr_line' id='line_1_16' title="bbox 60 1711 1066 1841; baseline 0 -55"><span class='ocrx_word' id='word_1_116' title='bbox 60 1747 83 1786; x_wconf 80' lang='grc' dir='ltr'><strong><em>ιε</em></strong></span> <span class='ocrx_word' id='word_1_117' title='bbox 96 1724 145 1800; x_wconf 84' lang='grc' dir='ltr'><strong><em>εἰς</em></strong></span> <span class='ocrx_word' id='word_1_118' title='bbox 163 1713 202 1786; x_wconf 85' lang='grc' dir='ltr'><strong><em>τό</em></strong></span> <span class='ocrx_word' id='word_1_119' title='bbox 223 1711 455 1805; x_wconf 78' lang='grc' dir='ltr'><strong><em>Ἀσκληπιείον</em></strong></span> <span class='ocrx_word' id='word_1_120' title='bbox 471 1712 639 1841; x_wconf 80' lang='grc' dir='ltr'><strong><em>ἀνειλήθη</em></strong></span> <span class='ocrx_word' id='word_1_121' title='bbox 659 1717 740 1806; x_wconf 85' lang='grc' dir='ltr'><strong><em>μετά</em></strong></span> <span class='ocrx_word' id='word_1_122' title='bbox 754 1719 814 1839; x_wconf 79' lang='grc' dir='ltr'><strong><em>τής</em></strong></span> <span class='ocrx_word' id='word_1_123' title='bbox 837 1714 993 1806; x_wconf 83' lang='grc' dir='ltr'><strong><em>γυναικός</em></strong></span> <span class='ocrx_word' id='word_1_124' title='bbox 1010 1719 1066 1787; x_wconf 79' lang='grc' dir='ltr'><strong><em>καὶ</em></strong></span> 
     </span>
     <span class='ocr_line' id='line_1_17' title="bbox 4 1811 1067 1945; baseline 0.002 -57"><span class='ocrx_word' id='word_1_125' title='bbox 4 1853 7 1912; x_wconf 67' lang='lat'>3</span> <span class='ocrx_word' id='word_1_126' title='bbox 93 1820 165 1888; x_wconf 75' lang='grc' dir='ltr'><strong><em>ταῖν</em></strong></span> <span class='ocrx_word' id='word_1_127' title='bbox 184 1822 316 1887; x_wconf 85' lang='grc' dir='ltr'><strong><em>παίδων</em></strong></span> <span class='ocrx_word' id='word_1_128' title='bbox 323 1869 334 1905; x_wconf 96' lang='grc'><strong><em>,</em></strong></span> <span class='ocrx_word' id='word_1_129' title='bbox 357 1811 586 1888; x_wconf 81' lang='grc' dir='ltr'><strong><em>κάντεόθεν’</em></strong></span> <span class='ocrx_word' id='word_1_130' title='bbox 569 1815 714 1908; x_wconf 85' lang='grc' dir='ltr'><strong><em>ημάνετο</em></strong></span> <span class='ocrx_word' id='word_1_131' title='bbox 737 1816 815 1945; x_wconf 76' lang='grc' dir='ltr'><strong><em>τοβς</em></strong></span> <span class='ocrx_word' id='word_1_132' title='bbox 839 1818 1067 1944; x_wconf 77' lang='grc' dir='ltr'><strong><em>προσβάλλον</em></strong></span> 
     </span>
     <span class='ocr_line' id='line_1_18' title="bbox 93 1908 1067 2044; baseline 0 -54"><span class='ocrx_word' id='word_1_133' title='bbox 93 1949 175 2006; x_wconf 89' lang='grc' dir='ltr'><strong><em>τας,</em></strong></span> <span class='ocrx_word' id='word_1_134' title='bbox 195 1908 371 2043; x_wconf 77' lang='grc' dir='ltr'><strong><em>μέχρις</em></strong></span> <span class='ocrx_word' id='word_1_135' title='bbox 328 1945 371 1989; x_wconf 88' lang='lat' dir='ltr'><strong><em>ov</em></strong></span> <span class='ocrx_word' id='word_1_136' title='bbox 395 1915 622 2042; x_wconf 76' lang='grc' dir='ltr'><strong><em>ἐμπρήσαντες</em></strong></span> <span class='ocrx_word' id='word_1_137' title='bbox 639 1918 698 1990; x_wconf 84' lang='grc' dir='ltr'><strong><em>τόν</em></strong></span> <span class='ocrx_word' id='word_1_138' title='bbox 720 1919 810 1991; x_wconf 81' lang='grc' dir='ltr'><strong><em>νεοδν</em></strong></span> <span class='ocrx_word' id='word_1_139' title='bbox 834 1926 869 1990; x_wconf 88' lang='grc' dir='ltr'><strong><em>οί</em></strong></span> <span class='ocrx_word' id='word_1_140' title='bbox 890 1917 1067 2044; x_wconf 81' lang='grc' dir='ltr'><strong><em>αότόμολρι</em></strong></span> 
     </span>
     <span class='ocr_line' id='line_1_19' title="bbox 5 2016 1068 2112; baseline -0.001 -21"><span class='ocrx_word' id='word_1_141' title='bbox 5 2097 7 2100; x_wconf 61' lang='grc'><strong><em>,</em></strong></span> <span class='ocrx_word' id='word_1_142' title='bbox 94 2023 152 2092; x_wconf 78' lang='grc' dir='ltr'><strong><em>ἐπὶ</em></strong></span> <span class='ocrx_word' id='word_1_143' title='bbox 172 2047 208 2090; x_wconf 91' lang='grc' dir='ltr'><strong><em>το</em></strong></span> <span class='ocrx_word' id='word_1_144' title='bbox 195 2017 372 2109; x_wconf 87' lang='grc' dir='ltr'><strong><em>τέγος’</em></strong></span> <span class='ocrx_word' id='word_1_145' title='bbox 332 2047 436 2091; x_wconf 89' lang='grc' dir='ltr'><strong><em>αντον</em></strong></span> <span class='ocrx_word' id='word_1_146' title='bbox 421 2016 637 2110; x_wconf 82' lang='grc' dir='ltr'><strong><em>ἀνέβησαν,</em></strong></span> <span class='ocrx_word' id='word_1_147' title='bbox 655 2020 718 2109; x_wconf 88' lang='grc' dir='ltr'><strong><em>τήν</em></strong></span> <span class='ocrx_word' id='word_1_148' title='bbox 736 2019 877 2110; x_wconf 80' lang='grc' dir='ltr'><strong><em>ἐσχάτην</em></strong></span> <span class='ocrx_word' id='word_1_149' title='bbox 889 2024 951 2093; x_wconf 76' lang='grc' dir='ltr'><strong><em>τοῦ</em></strong></span> <span class='ocrx_word' id='word_1_150' title='bbox 963 2021 1068 2112; x_wconf 86' lang='grc' dir='ltr'><strong><em>πυρὸς</em></strong></span> 
     </span>
     <span class='ocr_line' id='line_1_20' title="bbox 5 2118 1068 2212; baseline 0.006 -26"><span class='ocrx_word' id='word_1_151' title='bbox 5 2119 9 2186; x_wconf 71' lang='grc' dir='ltr'><strong>Ῐ</strong></span> <span class='ocrx_word' id='word_1_152' title='bbox 93 2119 249 2212; x_wconf 85' lang='grc' dir='ltr'><strong><em>ἀνάγκην</em></strong></span> <span class='ocrx_word' id='word_1_153' title='bbox 266 2119 504 2212; x_wconf 79' lang='grc' dir='ltr'><strong><em>ἀναμένοντες</em></strong></span> <span class='ocrx_word' id='word_1_154' title='bbox 532 2119 605 2191; x_wconf 87' lang='grc' dir='ltr'><strong><em>τότε</em></strong></span> <span class='ocrx_word' id='word_1_155' title='bbox 630 2118 694 2211; x_wconf 87' lang='grc' dir='ltr'><strong><em>γάρ</em></strong></span> <span class='ocrx_word' id='word_1_156' title='bbox 717 2119 879 2212; x_wconf 73' lang='grc' dir='ltr'><strong><em>ἡσσηθεὶς</em></strong></span> <span class='ocrx_word' id='word_1_157' title='bbox 903 2119 986 2210; x_wconf 88' lang='grc' dir='ltr'><strong><em>πρός</em></strong></span> <span class='ocrx_word' id='word_1_158' title='bbox 1009 2119 1068 2192; x_wconf 85' lang='grc' dir='ltr'><strong><em>τόν</em></strong></span> 
     </span>
     <span class='ocr_line' id='line_1_21' title="bbox 5 2213 1069 2313; baseline -0.001 -20"><span class='ocrx_word' id='word_1_159' title='bbox 5 2259 6 2270; x_wconf 51' lang='lat'>³</span> <span class='ocrx_word' id='word_1_160' title='bbox 57 2252 84 2293; x_wconf 82' lang='grc' dir='ltr'><strong><em>εο.</em></strong></span> <span class='ocrx_word' id='word_1_161' title='bbox 94 2229 276 2296; x_wconf 86' lang='grc' dir='ltr'><strong><em>Σκιπίωνα</em></strong></span> <span class='ocrx_word' id='word_1_162' title='bbox 294 2213 401 2312; x_wconf 86' lang='grc' dir='ltr'><strong><em>ήλθεν</em></strong></span> <span class='ocrx_word' id='word_1_163' title='bbox 427 2228 597 2313; x_wconf 79' lang='grc' dir='ltr'><strong><em>ἱκετηρίαν</em></strong></span> <span class='ocrx_word' id='word_1_164' title='bbox 622 2227 717 2312; x_wconf 85' lang='grc' dir='ltr'><strong><em>έχων.</em></strong></span> <span class='ocrx_word' id='word_1_165' title='bbox 756 2225 876 2292; x_wconf 78' lang='grc' dir='ltr'><strong><em>ἰδοῦσα</em></strong></span> <span class='ocrx_word' id='word_1_166' title='bbox 903 2223 940 2292; x_wconf 73' lang='grc' dir='ltr'><strong><em>δὲ</em></strong></span> <span class='ocrx_word' id='word_1_167' title='bbox 963 2219 1069 2294; x_wconf 80' lang='grc' dir='ltr'><strong><em>αὐτὸν</em></strong></span> 
     </span>
     <span class='ocr_line' id='line_1_22' title="bbox 5 2319 1067 2415; baseline -0.004 -20"><span class='ocrx_word' id='word_1_168' title='bbox 5 2319 8 2382; x_wconf 60' lang='grc' dir='ltr'>ἶ</span> <span class='ocrx_word' id='word_1_169' title='bbox 92 2321 225 2415; x_wconf 85' lang='grc' dir='ltr'><strong><em>ήγννή</em></strong></span> <span class='ocrx_word' id='word_1_170' title='bbox 243 2321 485 2413; x_wconf 83' lang='grc' dir='ltr'><strong><em>ἀντιβολοῦντα</em></strong></span> <span class='ocrx_word' id='word_1_171' title='bbox 507 2320 666 2414; x_wconf 82' lang='grc' dir='ltr'><strong><em>ὀνομαστὶ</em></strong></span> <span class='ocrx_word' id='word_1_172' title='bbox 684 2319 901 2414; x_wconf 88' lang='grc' dir='ltr'><strong><em>ἀνεκάλεσεν,</em></strong></span> <span class='ocrx_word' id='word_1_173' title='bbox 926 2326 982 2393; x_wconf 84' lang='grc' dir='ltr'><strong><em>καὶ</em></strong></span> <span class='ocrx_word' id='word_1_174' title='bbox 1001 2326 1067 2407; x_wconf 81' lang='grc' dir='ltr'><strong><em>ἐξο-</em></strong></span> 
     </span>
     <span class='ocr_line' id='line_1_23' title="bbox 94 2422 1068 2519; baseline -0.003 -21"><span class='ocrx_word' id='word_1_175' title='bbox 94 2431 275 2499; x_wconf 88' lang='grc' dir='ltr'><strong><em>νειδίσασα</em></strong></span> <span class='ocrx_word' id='word_1_176' title='bbox 292 2424 342 2497; x_wconf 86' lang='grc' dir='ltr'><strong><em>ὅτι</em></strong></span> <span class='ocrx_word' id='word_1_177' title='bbox 362 2428 470 2519; x_wconf 75' lang='grc' dir='ltr'><strong><em>ἑαυτῷ</em></strong></span> <span class='ocrx_word' id='word_1_178' title='bbox 487 2425 549 2514; x_wconf 86' lang='grc' dir='ltr'><strong><em>τήν</em></strong></span> <span class='ocrx_word' id='word_1_179' title='bbox 574 2433 742 2517; x_wconf 88' lang='grc' dir='ltr'><strong><em>σωτηρίαν</em></strong></span> <span class='ocrx_word' id='word_1_180' title='bbox 765 2423 891 2516; x_wconf 84' lang='grc' dir='ltr'><strong><em>πράξας</em></strong></span> <span class='ocrx_word' id='word_1_181' title='bbox 909 2422 972 2496; x_wconf 77' lang='grc' dir='ltr'><strong><em>οὐκ</em></strong></span> <span class='ocrx_word' id='word_1_182' title='bbox 991 2427 1068 2496; x_wconf 84' lang='grc' dir='ltr'><strong><em>έπέ-</em></strong></span> 
     </span>
     <span class='ocr_line' id='line_1_24' title="bbox 91 2525 1101 2620; baseline 0 -20"><span class='ocrx_word' id='word_1_183' title='bbox 91 2543 222 2620; x_wconf 76' lang='grc' dir='ltr'><strong><em>τρεψεν</em></strong></span> <span class='ocrx_word' id='word_1_184' title='bbox 239 2531 351 2618; x_wconf 81' lang='grc' dir='ltr'><strong><em>ἐκείνη</em></strong></span> <span class='ocrx_word' id='word_1_185' title='bbox 370 2533 591 2616; x_wconf 87' lang='grc' dir='ltr'><strong><em>σπείσασθαι,</em></strong></span> <span class='ocrx_word' id='word_1_186' title='bbox 610 2525 651 2598; x_wconf 84' lang='grc' dir='ltr'><strong><em>τά</em></strong></span> <span class='ocrx_word' id='word_1_187' title='bbox 667 2530 766 2600; x_wconf 84' lang='grc' dir='ltr'><strong><em>τέκνα</em></strong></span> <span class='ocrx_word' id='word_1_188' title='bbox 785 2529 944 2618; x_wconf 75' lang='grc' dir='ltr'><strong><em>ἐνέβαλεν</em></strong></span> <span class='ocrx_word' id='word_1_189' title='bbox 962 2535 1009 2612; x_wconf 87' lang='grc' dir='ltr'><strong><em>είς</em></strong></span> <span class='ocrx_word' id='word_1_190' title='bbox 1026 2527 1064 2598; x_wconf 89' lang='grc' dir='ltr'><strong><em>τό</em></strong></span> <span class='ocrx_word' id='word_1_191' title='bbox 1079 2547 1101 2600; x_wconf 82' lang='lat'>0</span> 
     </span>
     <span class='ocr_line' id='line_1_25' title="bbox 5 2627 676 2753; baseline -0.002 -52"><span class='ocrx_word' id='word_1_192' title='bbox 5 2709 6 2720; x_wconf 16' lang='grc' dir='ltr'><strong><em>χ</em></strong></span> <span class='ocrx_word' id='word_1_193' title='bbox 93 2634 167 2720; x_wconf 76' lang='grc' dir='ltr'><strong><em>πῦρ</em></strong></span> <span class='ocrx_word' id='word_1_194' title='bbox 184 2631 276 2699; x_wconf 81' lang='grc' dir='ltr'><strong><em>καὶ</em></strong></span> <span class='ocrx_word' id='word_1_195' title='bbox 260 2627 383 2717; x_wconf 86' lang='grc' dir='ltr'><strong><em>εαυτήν</em></strong></span> <span class='ocrx_word' id='word_1_196' title='bbox 400 2631 676 2753; x_wconf 80' lang='grc' dir='ltr'><strong><em>προσεπέρριιμεν.</em></strong></span> 
     </span>
     <span class='ocr_line' id='line_1_26' title="bbox 55 2721 1067 2857; baseline 0 -56"><span class='ocrx_word' id='word_1_197' title='bbox 55 2759 80 2801; x_wconf 80' lang='grc' dir='ltr'><strong><em>ιε</em></strong></span> <span class='ocrx_word' id='word_1_198' title='bbox 175 2727 280 2804; x_wconf 80' lang='grc' dir='ltr'><strong><em>Ελιδν</em></strong></span> <span class='ocrx_word' id='word_1_199' title='bbox 309 2721 373 2802; x_wconf 82' lang='grc' dir='ltr'><strong><em>οόν</em></strong></span> <span class='ocrx_word' id='word_1_200' title='bbox 402 2725 488 2801; x_wconf 78' lang='grc' dir='ltr'><strong><em>οὕτω</em></strong></span> <span class='ocrx_word' id='word_1_201' title='bbox 517 2759 579 2857; x_wconf 88' lang='grc' dir='ltr'><strong><em>την</em></strong></span> <span class='ocrx_word' id='word_1_202' title='bbox 607 2729 809 2822; x_wconf 87' lang='grc' dir='ltr'><strong><em>Καρχηδόνα</em></strong></span> <span class='ocrx_word' id='word_1_203' title='bbox 840 2737 995 2802; x_wconf 84' lang='grc' dir='ltr'><strong><em>Σκιπίων</em></strong></span> <span class='ocrx_word' id='word_1_204' title='bbox 1026 2737 1067 2820; x_wconf 81' lang='grc' dir='ltr'><strong><em>τῇ</em></strong></span> 
     </span>
     <span class='ocr_line' id='line_1_27' title="bbox 5 2821 1067 2960; baseline -0.004 -56"><span class='ocrx_word' id='word_1_205' title='bbox 5 2887 12 2892; x_wconf 17' lang='grc' dir='ltr'><strong><em>κ-</em></strong></span> <span class='ocrx_word' id='word_1_206' title='bbox 93 2839 248 2960; x_wconf 52' lang='grc' dir='ltr'><strong><em>γερονσίχ</em></strong></span> <span class='ocrx_word' id='word_1_207' title='bbox 236 2861 257 2902; x_wconf 94' lang='grc' dir='ltr'><strong><em>α</em></strong></span> <span class='ocrx_word' id='word_1_208' title='bbox 222 2834 438 2904; x_wconf 84' lang='grc' dir='ltr'><strong><em>ίέπέστειλε</em></strong></span> <span class='ocrx_word' id='word_1_209' title='bbox 454 2829 554 2903; x_wconf 91' lang='grc' dir='ltr'><strong><em>τάδε</em></strong></span> <span class='ocrx_word' id='word_1_210' title='bbox 556 2830 760 2957; x_wconf 66' lang='grc' dir='ltr'><strong><em>’Καρχηδρόν</em></strong></span> <span class='ocrx_word' id='word_1_211' title='bbox 774 2832 929 2903; x_wconf 88' lang='grc' dir='ltr'><strong><em>έάλω·ί</em></strong></span> <span class='ocrx_word' id='word_1_212' title='bbox 894 2838 929 2902; x_wconf 88' lang='grc' dir='ltr'><strong><em>τί</em></strong></span> <span class='ocrx_word' id='word_1_213' title='bbox 940 2821 1002 2902; x_wconf 80' lang='grc' dir='ltr'><strong><em>οὖν</em></strong></span> <span class='ocrx_word' id='word_1_214' title='bbox 1016 2860 1067 2901; x_wconf 85' lang='grc' dir='ltr'><strong><em>κε-</em></strong></span> 
     </span>
     <span class='ocr_line' id='line_1_28' title="bbox 5 2924 1067 3028; baseline -0.002 -24"><span class='ocrx_word' id='word_1_215' title='bbox 5 3019 6 3028; x_wconf 14' lang='grc' dir='ltr'><strong><em>ρ</em></strong></span> <span class='ocrx_word' id='word_1_216' title='bbox 94 2931 237 3021; x_wconf 70' lang='grc' dir='ltr'><strong><em>λεάετεξ</em></strong></span> <span class='ocrx_word' id='word_1_217' title='bbox 238 2924 615 3024; x_wconf 85' lang='grc' dir='ltr'><strong><em>’ἀναγνωσθέντων</em></strong></span> <span class='ocrx_word' id='word_1_218' title='bbox 575 2961 638 3004; x_wconf 89' lang='grc' dir='ltr'><strong><em>ουν</em></strong></span> <span class='ocrx_word' id='word_1_219' title='bbox 655 2932 783 3005; x_wconf 78' lang='grc' dir='ltr'><strong><em>τούτων</em></strong></span> <span class='ocrx_word' id='word_1_220' title='bbox 803 2933 932 3023; x_wconf 85' lang='grc' dir='ltr'><strong><em>βουλήν</em></strong></span> <span class='ocrx_word' id='word_1_221' title='bbox 949 2939 1067 3002; x_wconf 81' lang='grc' dir='ltr'><strong><em>ἔθεντο</em></strong></span> 
     </span>
     <span class='ocr_line' id='line_1_29' title="bbox 94 3031 1066 3160; baseline -0.004 -54"><span class='ocrx_word' id='word_1_222' title='bbox 94 3037 176 3160; x_wconf 80' lang='grc' dir='ltr'><strong><em>περὶ</em></strong></span> <span class='ocrx_word' id='word_1_223' title='bbox 197 3040 361 3108; x_wconf 80' lang='grc' dir='ltr'><strong><em>τοῦτίδ</em></strong></span> <span class='ocrx_word' id='word_1_224' title='bbox 304 3037 419 3108; x_wconf 85' lang='grc' dir='ltr'><strong><em>ίδέον</em></strong></span> <span class='ocrx_word' id='word_1_225' title='bbox 447 3049 567 3107; x_wconf 71' lang='grc' dir='ltr'><strong><em>ποιεῖν</em></strong></span> <span class='ocrx_word' id='word_1_226' title='bbox 616 3033 710 3106; x_wconf 84' lang='grc' dir='ltr'><strong><em>καὶ</em></strong></span> <span class='ocrx_word' id='word_1_227' title='bbox 695 3063 713 3104; x_wconf 95' lang='grc' dir='ltr'><strong><em>ο</em></strong></span> <span class='ocrx_word' id='word_1_228' title='bbox 738 3035 800 3125; x_wconf 74' lang='grc' dir='ltr'><strong><em>μὲν</em></strong></span> <span class='ocrx_word' id='word_1_229' title='bbox 824 3031 949 3105; x_wconf 82' lang='grc' dir='ltr'><strong><em>Κάτων</em></strong></span> <span class='ocrx_word' id='word_1_230' title='bbox 969 3059 1066 3102; x_wconf 90' lang='grc' dir='ltr'><strong><em>κατα</em></strong></span> 
     </span>
     <span class='ocr_line' id='line_1_30' title="bbox 95 3135 1067 3228; baseline -0.003 -20"><span class='ocrx_word' id='word_1_231' title='bbox 95 3135 224 3222; x_wconf 76' lang='grc' dir='ltr'><strong><em>σκάψαι</em></strong></span> <span class='ocrx_word' id='word_1_232' title='bbox 241 3137 304 3228; x_wconf 85' lang='grc' dir='ltr'><strong><em>τήν</em></strong></span> <span class='ocrx_word' id='word_1_233' title='bbox 321 3135 418 3210; x_wconf 87' lang='grc' dir='ltr'><strong><em>πόλιν</em></strong></span> <span class='ocrx_word' id='word_1_234' title='bbox 435 3138 491 3208; x_wconf 78' lang='grc' dir='ltr'><strong><em>καὶ</em></strong></span> <span class='ocrx_word' id='word_1_235' title='bbox 510 3137 588 3220; x_wconf 85' lang='grc' dir='ltr'><strong><em>τοδς</em></strong></span> <span class='ocrx_word' id='word_1_236' title='bbox 602 3140 855 3228; x_wconf 83' lang='grc' dir='ltr'><strong><em>Καρχηδονίους</em></strong></span> <span class='ocrx_word' id='word_1_237' title='bbox 869 3137 1067 3225; x_wconf 81' lang='grc' dir='ltr'><strong><em>ἐξαφανίσαι</em></strong></span> 
     </span>
     <span class='ocr_line' id='line_1_31' title="bbox 56 3236 1067 3330; baseline 0 -22"><span class='ocrx_word' id='word_1_238' title='bbox 56 3267 81 3308; x_wconf 84' lang='grc' dir='ltr'><strong><em>εο</em></strong></span> <span class='ocrx_word' id='word_1_239' title='bbox 98 3245 175 3312; x_wconf 80' lang='grc' dir='ltr'><strong><em>δεῖν</em></strong></span> <span class='ocrx_word' id='word_1_240' title='bbox 205 3238 474 3330; x_wconf 85' lang='grc' dir='ltr'><strong><em>ἐγνωμάτενσεν,</em></strong></span> <span class='ocrx_word' id='word_1_241' title='bbox 502 3236 520 3309; x_wconf 86' lang='grc' dir='ltr'><strong><em>ό</em></strong></span> <span class='ocrx_word' id='word_1_242' title='bbox 551 3239 590 3310; x_wconf 73' lang='grc' dir='ltr'><strong><em>δὲ</em></strong></span> <span class='ocrx_word' id='word_1_243' title='bbox 617 3243 770 3321; x_wconf 86' lang='grc' dir='ltr'><strong><em>Νασικᾶς</em></strong></span> <span class='ocrx_word' id='word_1_244' title='bbox 793 3244 977 3328; x_wconf 80' lang='grc' dir='ltr'><strong><em>φείσασθαι</em></strong></span> <span class='ocrx_word' id='word_1_245' title='bbox 999 3239 1067 3308; x_wconf 74' lang='grc' dir='ltr'><strong><em>τοῖν</em></strong></span> 
     </span>
     <span class='ocr_line' id='line_1_32' title="bbox 6 3335 1167 3434; baseline -0.002 -22"><span class='ocrx_word' id='word_1_246' title='bbox 6 3391 8 3432; x_wconf 68' lang='lat'>3</span> <span class='ocrx_word' id='word_1_247' title='bbox 95 3348 343 3434; x_wconf 87' lang='grc' dir='ltr'><strong><em>Καρχηδονίων</em></strong></span> <span class='ocrx_word' id='word_1_248' title='bbox 361 3343 417 3413; x_wconf 79' lang='grc' dir='ltr'><strong><em>καλ</em></strong></span> <span class='ocrx_word' id='word_1_249' title='bbox 438 3347 486 3412; x_wconf 82' lang='grc' dir='ltr'><strong><em>ἔτι</em></strong></span> <span class='ocrx_word' id='word_1_250' title='bbox 507 3338 744 3429; x_wconf 81' lang='grc' dir='ltr'><strong><em>συνεβούλευε.</em></strong></span> <span class='ocrx_word' id='word_1_251' title='bbox 786 3335 974 3412; x_wconf 84' lang='grc' dir='ltr'><strong><em>κάντεῦθεν</em></strong></span> <span class='ocrx_word' id='word_1_252' title='bbox 997 3345 1167 3420; x_wconf 74' lang='grc' dir='ltr'><strong><em>είςειῐῑιιι</em></strong></span> 
     </span>
     <span class='ocr_line' id='line_1_33' title="bbox 95 3437 1067 3535; baseline -0.002 -24"><span class='ocrx_word' id='word_1_253' title='bbox 95 3442 292 3534; x_wconf 82' lang='grc' dir='ltr'><strong><em>ἀντιλογίαν</em></strong></span> <span class='ocrx_word' id='word_1_254' title='bbox 321 3443 450 3532; x_wconf 87' lang='grc' dir='ltr'><strong><em>πολλήν</em></strong></span> <span class='ocrx_word' id='word_1_255' title='bbox 481 3441 635 3535; x_wconf 79' lang='grc' dir='ltr'><strong><em>προήχθη</em></strong></span> <span class='ocrx_word' id='word_1_256' title='bbox 665 3445 721 3513; x_wconf 84' lang='grc' dir='ltr'><strong><em>καὶ</em></strong></span> <span class='ocrx_word' id='word_1_257' title='bbox 751 3438 1001 3532; x_wconf 81' lang='grc' dir='ltr'><strong><em>ἀμφισβήτησιν</em></strong></span> <span class='ocrx_word' id='word_1_258' title='bbox 1030 3437 1067 3509; x_wconf 91' lang='grc' dir='ltr'><strong><em>τό</em></strong></span> 
     </span>
    </p>
   </div>
   <div class='ocr_carea' id='block_1_3' title="bbox 0 0 1284 3820">
    <p class='ocr_par' dir='ltr' id='par_1_3' title="bbox 0 0 1284 3820">
     <span class='ocr_line' id='line_1_34' title="bbox 0 0 1284 3820; baseline 0 2"><span class='ocrx_word' id='word_1_259' title='bbox 0 0 1284 3820; x_wconf 95' lang='lat' dir='ltr'><strong><em> </em></strong></span> 
     </span>
    </p>
   </div>
  </div>
 </body>
</html>
