2510 3834
285 217 287 222 .
399 176 468 227 LlB.
483 177 529 228 VI.
550 175 629 227 OAP.
642 177 730 228 XXII.
1005 177 1046 240 63

87 317 122 386 δὲ
143 318 222 408 περὶ
253 312 312 397 τάς
342 313 494 398 εἰσόδους
516 313 604 406 μάχη
627 315 788 408 καρτερά,
818 318 874 386 καὶ
902 315 943 387 τά
967 320 1047 408 ξίφη

85 416 290 508 σπασάμενοι
313 417 575 508 συνεπλέκοντο,
601 417 705 508 φόνος
724 418 762 488 δὲ
779 408 822 507 ήν
839 418 943 501 πολδς
968 421 1046 490 ina-

83 523 238 610 τίρωθεν.
282 521 479 609 κλινομένης
505 519 544 590 66
572 516 637 609 ἤδη
660 523 718 608 τῆς
737 514 918 610 Ῥομαλκής
941 546 1046 610 παρα-

3 663 5 696 ÷
83 620 213 708 τάξεως,
228 616 408 701 Ἰουλιανός
431 649 480 701 τις
506 618 767 711 ἑκατοντάρχης,
790 617 923 712 ἄριστος
947 619 1045 744 άνήρ,

61 725 239 814 ιπροπηδᾷ
256 723 314 792 καὶ
331 725 496 804 νικῶντας
512 720 591 804 τοὺς
605 720 790 805 Ἰουδαίους
813 721 1031 813 τρέπεται
988 752 1046 813 μο·

87 852 152 905 νος.
187 823 370 913 ἕρευγεδέ
392 821 430 893 τὸ
454 825 583 912 πλήθος
607 826 663 894 καί
687 825 912 895 διεσκέδαστο.
949 851 1046 895 κατα·

3 927 5 998 ]
85 915 271 996 διιόκων
230 951 295 996 ουν
311 922 389 1006 τοὺς
407 913 732 1014 σκεδαννυμίνονς”
716 941 902 1014 ογενναλος
921 927 1046 1006 ἐκεῖνος

3 1041 4 1044 ’
81 1021 164 1117 άνήρ
188 1031 441 1098 κατολισθαίνει
471 1023 554 1096 κατά
576 1029 638 1098 τοῦ
667 1024 914 1118 λιθοστρώτου,
946 1023 1047 1116 ἥλους

80 1127 230 1209 πυκνοδς
249 1129 287 1197 ἐν
303 1142 372 1208 τοῖς
388 1125 602 1217 ὑποδήμασιν
620 1121 771 1217 ἔχοιμ’
748 1155 793 1210 ως
811 1130 866 1199 καὶ
883 1133 919 1200 oc
934 1129 1146 1200 λοιπολΡΙτεο

50 1231 286 1321 ιοστρατιιόται.
314 1230 371 1300 καὶ
384 1225 539 1300 Ἰουδαῖοι
556 1226 770 1318 περιστάντες
789 1226 893 1300 αὐτὸν
912 1233 1047 1321 ἐτίτρω-

80 1353 160 1402 σκον
185 1327 366 1401 πάντοθεν.
403 1327 421 1399 6
446 1330 484 1400 δὲ
507 1331 564 1400 καὶ
588 1337 739 1419 κείμενος
762 1325 926 1420 ἠμύνετο,
951 1333 1047 1422 μέχρι

2 1479 3 1484 1
79 1433 306 1523 κατατρωθεὶς
324 1433 479 1520 ἐνέδωκε,
498 1433 554 1502 καὶ
566 1445 635 1513 τολς
648 1437 816 1519 πολεμίοις
835 1428 948 1512 αὐτοῖς
961 1443 1047 1502 θαν-

2 1543 3 1592 ³
83 1531 271 1623 ενζὸμενοε

154 1631 309 1705 Ἰουδαῖοι
321 1624 441 1724 μὲν
400 1659 463 1704 ουν
479 1632 557 1716 τοὺς
567 1628 747 1723 Ρωμαίους
765 1631 931 1723 ὠσάμενοι
949 1661 1046 1706 κατα.

48 1765 70 1805 ιε
81 1740 253 1808 κλείουσιν
269 1742 317 1817 είς
334 1734 397 1824 τήν
408 1730 648 1825 ΗΑντιονίαν,
632 1764 650 1806 ο
673 1743 767 1818 Τίτος
787 1736 823 1806 δὲ
840 1734 945 1807 πολλὰ
969 1737 1147 1808 καλινῐελλ

1 1845 2 1850 ’
83 1834 135 1908 διά
148 1832 316 1923 Ἰωσήπου
339 1837 572 1924 παρακαλέσας
595 1836 673 1919 τούς
690 1834 889 1921 στασιαστὰς
913 1840 969 1908 καὶ
993 1820 1040 1907 δι

83 1941 224 2064 ἑαυτου,
242 1933 288 2020 ὥς
301 1935 510 2061 ἀμειλίκτους
524 1935 622 2029 ἕεόρα,
641 1935 741 2010 πάλιν
755 1936 871 2028 ἐχάρει
884 1935 975 2010 καὶ”
954 1967 1047 2010 ακων

80 2037 160 2131 πρὸς
178 2037 337 2130 πόλεμον.
375 2040 431 2110 καὶ
448 2036 527 2121 τούς
544 2035 700 2130 ἀρίστους
719 2037 951 2129 ἐπιλεξάμενος
969 2041 1047 2128 περὶ

81 2138 173 2233 άραν
196 2143 256 2230 τής
278 2139 400 2222 νυκτὸς
424 2138 544 2230 ἐνάτην
575 2155 648 2220 ταῖς
671 2149 837 2228 φυλακαῖς
863 2141 1045 2209 ἐπιθέσθαι

45 2271 68 2314 α
79 2246 291 2334 προσέταξεν.
327 2238 367 2314 06
392 2239 459 2332 μήν
475 2243 704 2332 κοιμωμένους
722 2229 824 2329 εὖρον
840 2238 918 2321 τούς
940 2236 1047 2328 φύλα·

78 2373 156 2433 νας,
181 2339 267 2414 άλλά
283 2341 424 2433 γνόντες
440 2342 503 2433 τήν
528 2347 683 2414 ἐπίθεσιν
703 2342 965 2444 συνεπλέκοντο,
991 2341 1047 2410 καὶ

78 2442 162 2566 πρὸς
179 2443 243 2534 τήν
255 2443 340 2535 βοήν
356 2447 464 2516 καλοί
486 2442 581 2515 ἄλλοι
601 2441 781 2564 συνήεσαν.
817 2445 850 2527 ἐξ
869 2439 988 2532 ἐνάτης
1007 2442 1045 2513 δὲ

78 2551 139 2636 τῆς
155 2544 278 2628 νυκτός
302 2546 390 2676 ὥρας
408 2552 455 2629 είς
474 2549 683 2637 πέμπτην
643 2573 702 2668 της
725 2543 849 2637 ἡμέρας
866 2573 926 2616 του
912 2547 1043 2616 πολέ
1057 2561 1079 2611 Β

81 2677 145 2737 μου
162 2650 409 2739 συνισταμένου
426 2645 622 2738 αἰγχάμαλος
638 2636 681 2736 ήν
698 2672 719 2735 η
733 2675 832 2738 μαχη,
850 2647 1028 2737 μηδενὶ
988 2675 1046 2735 της

43 2758 177 2839 πνίκης
206 2747 431 2842 ἐπιβρισάσης.
479 2751 535 2820 καὶ
564 2745 651 2820 οὕτω
680 2745 755 2818 τότε
781 2745 990 2838 διελύθησαν
1014 2753 1047 2817 ολ

81 2849 270 2942 μαχόμενοι.
311 2849 350 2922 τό
374 2852 413 2922 δὲ
436 2850 554 2922 λοιπὸν
576 2853 634 2939 τῆς
658 2856 727 2920 τῶν
746 2847 916 2940 Ῥωμαίων
942 2846 1047 2920 δυνά-

81 2981 166 3041 μεως
197 2950 336 3042 ἡμέραις
366 2951 449 3024 ἑπτά
479 2951 557 3035 τοὺς
580 2956 639 3041 τής
659 2947 838 3034 Ἀντωνίας
867 2955 1047 3038 θεμελίους

81 3052 395 3146 καταστρεψάμενον
418 3063 579 3125 πλατεῖαν
602 3049 685 3144 πρὸς
707 3051 792 3123 vac
777 3051 868 3143 ίερὸν
891 3045 1046 3143 ηάτρίπι·

81 3177 144 3228 σαν
161 3151 296 3228 ἄνοδον.
340 3157 397 3226 καί
414 3153 644 3245 πλησιάσαντα
667 3157 713 3247 τῷ
731 3151 853 3248 πράτμ
879 3149 1046 3248 περιβόλῳ

47 3281 70 3326 ιι
80 3255 119 3328 τά
130 3256 285 3349 τάγματα
301 3255 463 3348 χωμάτων
480 3254 668 3349 κατήρχετο.
697 3256 754 3326 καὶ
767 3258 871 3326 ταάτα
883 3255 944 3346 μὲν
957 3251 1047 3344 ήγεί·

1 3380 2 3414 ³
79 3387 156 3450 ρετο
174 3357 241 3432 σάν
257 3356 374 3454 μόχθῳ
392 3361 517 3452 πολλά
532 3356 745 3446 Ἰραδαϊοιδὶ
762 3363 820 3448 τής
837 3363 935 3448 βορεί
932 3385 973 3427 ου
919 3357 1047 3428 ίκαλ

80 3461 163 3534 κατὰ
193 3459 296 3532 δόσιν
319 3461 417 3543 στοάς
445 3459 481 3531 τὸ
508 3433 646 3550 συνεχὲς
675 3457 757 3549 πρὸς
781 3456 844 3547 τήν
863 3455 1047 3530 Ἀντωνίαν
