2566 3800
420 179 493 230 ιω.
505 179 570 233 x11.
588 178 666 230 σεε.
679 179 738 233 xx.
1006 178 1066 243 133
1167 151 1172 161 ’
1242 147 1254 168 ’“

101 315 160 409 τήν
178 321 358 408 ἐκκλησίαν
377 319 521 407 διέπων,
545 319 602 388 καὶ
616 315 832 409 Ἀλέξανδρος
854 313 872 389 ὃ
890 325 958 390 νῦν
972 313 1068 413 Ἱερο·

101 418 255 510 σολόμων
273 423 472 510 ἐπίσκοπος,
491 415 528 502 ῦς
545 418 586 490 οὐ
603 417 677 490 τότε
694 417 832 512 πράτως
849 415 1067 512 ῦπερήθλησε

100 525 156 612 ιής
174 529 221 602 είς
234 521 293 592 τὸν
311 525 444 613 σωτῆρα
461 518 581 612 κόριον
593 527 748 610 πίστεως,
766 518 851 592 άλλά
864 524 920 593 καὶ
934 521 1065 616 πρῴην,

101 622 143 708 ῦς
160 620 227 712 ήδη
245 629 457 714 προείρηται,
475 625 532 694 καί
548 619 623 694 τότε
641 623 678 694 δέ
695 625 911 714 καθειρχθεὶς
928 622 1013 695 κατά
1029 623 1100 697 τὸΙ)

76 722 328 816 ιδεσμωτήριον
344 729 492 818 τελευτᾷ.
528 722 613 796 ἄλλά
637 726 694 794 καί
717 719 735 796 ὁ
753 729 855 815 μέγας
872 724 1069 815 Κυπριανός

100 831 157 916 τής
181 829 405 920 Καρθαγένης
435 829 613 908 ἐπίσκοπος
644 821 693 897 νῦν
722 830 902 916 τηνικαῦτα
931 833 989 918 ιής
1017 836 1069 911 είς

101 925 245 1020 Χριστόν
268 925 486 1019 ῦττερήθλησε
512 934 664 1010 πίστεως.
701 930 769 998 ταῖν
792 918 857 1000 οὖν
882 931 1073 1020 εἰρημένων·

102 1027 281 1122 ἀρχιερέων
311 1027 565 1120 μετηλλαχότων
595 1029 653 1101 τόν
683 1037 776 1119 βίον,
813 1032 849 1101 ἐν
874 1031 938 1120 μέν
961 1029 1068 1122 Ῥοίμη

101 1127 174 1202 άντί
195 1138 391 1220 Φλαβιανοῦ
408 1129 594 1221 Κορνήλιος
619 1129 864 1222 ἐπεσκόπησεν,
888 1135 925 1202 ἐν
946 1128 1070 1204 Ἀντιο-

62 1265 90 1306 ιο
101 1240 174 1325 χείμ
193 1234 230 1302 δέ
247 1231 473 1321 ιἰντίΒαβάλα
488 1230 690 1320 Φλαβιανός,
708 1235 765 1304 καί
784 1237 822 1304 έν
835 1225 1069 1326 Ἀλεξανδρεία

101 1331 292 1422 Διονύσιος,
312 1339 349 1406 ἐν
363 1331 398 1404 δ’
412 1333 654 1425 Ἱεροσολύμοις
671 1331 747 1404 άντὶ
758 1331 979 1424 Ἀλεξάνδρου
992 1347 1069 1428 Μα·

102 1432 259 1524 ζαβάνης·
279 1438 335 1506 καί
352 1432 447 1507 ἄλλοι
466 1437 503 1506 δί
521 1446 672 1508 πλεῖστοι
690 1434 764 1506 τότε
783 1443 970 1528 μαρτυρίαν
990 1465 1070 1507 κατ-

101 1535 304 1626 ηξιιόθησαν.

182 1637 263 1708 Τότε
286 1640 342 1710 καὶ
364 1634 535 1728 Ώριγένης
558 1637 717 1730 παρήχθη
739 1637 801 1729 μὶν
825 1645 872 1720 είς
896 1641 987 1728 βῆμα
1010 1667 1071 1710 τν-

61 1737 262 1832 ιιραννικόν
289 1734 335 1822 ως
358 1738 538 1831 σεβόμενος
560 1741 619 1812 τὸν
636 1738 802 1829 Χριστόν,
827 1739 889 1811 οὐκ
913 1747 1010 1832 ἔτυχε
1033 1742 1071 1811 δὲ

13 1897 17 1900 -
102 1843 217 1924 τέλους
235 1846 454 1936 μαρτυρικοῦ,
472 1839 565 1932 οἶμαι
582 1848 644 1913 τοῦ
662 1849 747 1913 θεοῦ
764 1839 886 1933 ταύτης
905 1839 1008 1913 αὐτὸν
1024 1842 1069 1934 μή

101 1949 277 2034 κρίναντος
301 1938 394 2026 άξιον
419 1942 475 2012 διά
497 1941 535 2013 τὸ
557 1944 635 2032 περὶ
658 1943 698 2013 τά
721 1939 888 2034 όρθόδοξα
919 1941 1068 2034 δόγματα

101 2048 162 2114 τοῦ
189 2041 313 2116 ἀθλίου
338 2047 469 2116 ἐκείνου
494 2040 708 2134 διάστροφον.
763 2053 972 2116 λειποτακιεῖ
995 2045 1070 2134 γάρ,

100 2146 159 2215 καί
177 2151 280 2216 ταῦτα
297 2145 379 2235 μετά
396 2162 518 2236 πεῖραν
535 2142 703 2234 βασάνων.
740 2133 857 2233 οῦτος,
882 2139 926 2224 άς
951 2151 1167 2233 ἔμπρο-ΡΙσεε

13 2315 14 2318 ,
59 2275 87 2318 ιο
102 2258 189 2320 σθεν
207 2257 352 2339 είρηται,
376 2250 479 2336 μέγας
504 2250 541 2318 ἐν
558 2244 668 2336 λόγοις
685 2243 865 2335 γενόμενος
883 2243 1073 2317 κάντεῦθεν

14 2403 15 2406 ¹
100 2346 362 2440 ὑπερφρονήσας
391 2351 446 2418 καί
478 2344 801 2438 άλαζονευσάμενος,
841 2343 882 2418 οὗ
907 2361 979 2431 τοῖς
1003 2351 1072 2418 τῶν

99 2447 166 2538 πρό
196 2445 303 2520 αὐτοῦ
334 2451 488 2540 πατέρων
520 2455 621 2540 ἱεράν
650 2445 865 2538 ἠκολούθησε
895 2447 1071 2540 δόγμασιν,

99 2546 177 2622 ἄλλ’
197 2553 305 2643 ἑαυτῷ
322 2551 498 2641 θαρρήσας
514 2554 643 2623 καινοῦν
668 2547 844 2642 δογμάτων
869 2549 1071 2641 είσαγωγεῦς

15 2669 17 2672 ’
100 2650 312 2742 ἐχρημάτισε,
330 2654 387 2724 καί
404 2661 618 2743 βλασφημίας
637 2663 684 2736 είς
702 2679 738 2724 τε
755 2649 817 2742 τήν
835 2650 936 2742 άγίαν
952 2652 1071 2743 τριάδα

53 2782 84 2824 ιι
99 2755 160 2823 καὶ
191 2761 239 2836 είς
264 2750 327 2843 τήν
352 2760 454 2825 θείαν
485 2753 747 2844 ένανθριόπησιν
774 2757 811 2824 έκ
836 2759 896 2824 τοῦ
922 2760 1072 2845 πονηροῦ

97 2861 280 2946 θησαυροῦ
297 2857 357 2944 τῆς
373 2861 514 2946 καρδίας
531 2853 638 2925 αὐτοῦ
657 2852 872 2944 έξηρεῦξατο,
890 2857 947 2924 καί
963 2852 1072 2943 πάσης

97 2954 228 3046 σχεδὸν
245 2958 405 3047 αἱρέσεως
425 2959 554 3045 ἐγένετο
572 2952 725 3046 άρχηγός.
761 2952 820 3024 τόν
836 2981 873 3026 τε
889 2957 953 3043 γάρ
970 2981 1072 3043 μονο-

95 3063 186 3146 γενῆ
212 3062 272 3128 τοῦ
297 3064 383 3128 θεοῦ
408 3055 487 3128 υίόν
518 3054 650 3127 κτιστδν
684 3052 879 3145 ἐδογμάτισε
926 3058 983 3126 καί
1015 3058 1073 3143 τῆς

97 3155 202 3248 δόξης
219 3154 328 3232 αῦτόν·
340 3155 517 3249 ήλλοτρίον
535 3160 591 3228 καί
608 3163 667 3246 τῆς
684 3153 801 3240 οῦσίας
818 3163 877 3246 τῆς
894 3161 1069 3245 πατρικῆς·
1083 3168 1106 3217 Β

47 3290 79 3332 ιο
97 3261 160 3330 καί
184 3258 221 3330 τὸ
245 3263 378 3349 πνεῦμα
400 3258 437 3330 τὸ
460 3259 556 3349 ἅγιον
579 3257 762 3350 ῦπεβίβαζε
784 3261 843 3348 τῆς
865 3261 929 3330 τοῦ
950 3257 1073 3345 πατρὸς

19 3381 20 3384 ’
95 3357 201 3444 άξίας
223 3363 280 3432 καί
297 3365 356 3450 τῆς
373 3365 434 3432 τοῦ
451 3367 546 3450 υἱοῦ,
571 3362 679 3450 λέγων
702 3357 746 3442 ῦς
770 3357 849 3444 οῦτε
870 3359 930 3431 τόν
947 3363 1073 3452 πατέρα

95 3457 248 3534 δύναται
270 3457 354 3554 ῦράν
379 3460 397 3534 ὁ
420 3459 493 3546 υἱός
516 3458 595 3536 οῦτε
617 3461 686 3554 μήν
702 3461 762 3534 τόν
778 3459 856 3534 υίόν
873 3461 909 3534 τὸ
928 3465 1072 3553 πνεῦμα,
