2562 3814
186 125 249 192 184
271 75 274 80 .
502 119 666 180 L1ss.‘v111.
689 127 768 180 εει).
786 129 835 181 1v.

184 274 231 348 είς
253 263 315 355 την
328 261 456 357 Ῥώμην
478 264 652 338 άπέστειλε
674 265 757 357 μετά
781 275 924 359 χρυσίου
947 271 1074 338 πολλοῦ
1097 269 1154 338 καὶ

137 387 139 390 ’
183 365 310 458 κόσμου
327 374 522 458 γυναικείου
536 373 765 458 παντοδαποῦ,
783 375 841 441 ἵνα
859 376 891 440 εί
906 375 967 440 καί
979 395 1069 451 τινες
1087 372 1157 440 τών

183 467 320 561 άνδροδν
350 465 556 561 άντίσχοιεν,
588 467 662 543 ἀλλ’
696 476 734 542 αί
760 488 919 560 γυναῖκες
949 465 1063 542 αύτώυ
1085 486 1154 553 τοις

183 569 318 662 κόσμοις
339 569 598 644 ἀνανεωθεῖσαι
622 569 801 655 κάκείνους
829 579 1152 663 σονδιαφθείρασιν.
1217 578 1219 582 ’

151 672 297 746 cmv
328 674 366 744 δὲ
385 671 472 764 πρὸς
494 671 557 763 τὴν
580 671 680 746 πόλιν
701 673 720 746 6
744 675 869 756 Κινέας
893 670 935 746 ού
953 672 1096 765 προσῄει
1111 681 1183 764 τῇε

117 827 125 837 =
184 781 361 868 γερουσία,
383 773 468 846 ἀλλά
491 778 608 864 διῆγεν
624 772 742 847 άλλοτε
759 773 866 866 άλλην
884 781 995 848 αἰτίαν
1011 777 1155 866 σκηπτό-

110 866 116 880 ’
184 904 294 967 μενος.
336 880 540 968 περιφοιτών
565 877 604 948 δέ
621 876 735 948 καὶ
699 905 758 960 τας
775 882 843 949 τών
867 879 1025 949 δυνατῶν
1049 883 1156 959 οἰκίας

184 976 296 1067 λόγοις
313 1007 349 1050 τε
367 983 455 1068 σφᾶς
469 980 527 1050 καὶ
540 976 697 1070 δώροις’
677 975 840 1068 σπη’γετο
868 982 925 1050 καὶ
944 975 1059 1067 ἐπειδὴ
1076 988 1155 1050 ιταλ-

185 1079 264 1163 λούς
282 1075 485 1174 ςάκειώσατο,
504 1086 664 1171 εἰσῆλθεν
677 1086 725 1162 είς
737 1109 774 1151 το
762 1082 970 1169 συνέδριον
986 1081 1043 1150 καί
1061 1078 1156 1152 εἶπεν

185 1180 229 1264 ὥς
240 1178 401 1272 ’Πύρρος
424 1177 443 1252 6
465 1180 622 1270 βασιλεύς
645 1179 901 1271 άπολογεῑται”
881 1212 933 1254 οτι
955 1176 1017 1272 ούχ
1034 1176 1079 1264 ώς
1096 1211 1155 1253 πο·
1169 1208 1198 1249 ιο

184 1279 340 1373 λεμύσων
361 1280 444 1374 ύμῖν
466 1272 564 1372 ἧκεν,
588 1281 662 1354 ι’λλ’
689 1281 734 1365 ὥς
756 1282 970 1368 καταλλάξων
992 1293 1157 1373 Ταραντί-

184 1413 265 1466 νους
292 1381 397 1456 αύτὸυ
427 1382 650 1469 ίκετεύοντας·
691 1381 808 1477 άμέλει
836 1389 893 1456 καὶ
914 1385 992 1468 τούς
1014 1382 1156 1467 ἁλόντας

184 1484 286 1576 ύμοῖν
304 1484 436 1578 λύτρων
449 1484 580 1575 ἀφῆκεν
594 1484 691 1576 άτερ,
709 1489 766 1558 καί
780 1485 967 1576 δυνάμενος
985 1491 1157 1577 πορθῆσαι

184 1585 248 1676 τὴν
260 1585 374 1678 χώραν
387 1591 444 1658 καί
457 1594 498 1678 τῇ
511 1585 606 1660 πόλει
619 1595 838 1677 προσβαλεῖν,
856 1587 944 1672 άξιολ
959 1603 1028 1670 τοῖς
1045 1595 1157 1677 φίλοις

185 1690 242 1759 καὶ
271 1704 341 1769 τοῖς
372 1686 556 1778 συμμάχοις
586 1687 683 1780 ύμοὶν
707 1693 934 1780 ἐγγραφῆναι,
965 1687 1070 1760 πολλά
1093 1689 1157 1779 μὲν
1170 1713 1198 1755 1⁵

186 1785 464 1880 ώφελήσεσθαι’
446 1788 507 1879 αφ’
534 1789 632 1879 ύμών
656 1794 813 1881 ἐλπίζων,
838 1798 944 1862 πλείω
970 1786 1003 1860 δ’
1029 1797 1080 1864 ἐτι
1101 1793 1159 1861 καί

146 1898 285 1982 μείζω
304 1886 536 1984 εὐεργετήσειν
553 1887 668 1982 ύμᾶςῗ

47 2059 52 2067 .
150 2003 177 2054 D
260 1990 333 2064 Ἐπὶ
349 1991 479 2074 τούτοις
492 1998 527 2064 oc
538 1997 736 2078 κλείους’
691 2023 759 2066 των
771 1990 1159 2084 βουλεντωνήρέσκοντο
1278 2013 1280 2028 ¹

186 2091 243 2165 διά
267 2093 307 2166 τά
333 2098 426 2186 δωρα
449 2097 506 2166 καί
531 2093 588 2166 διά
612 2093 690 2179 τούς
707 2095 952 2186 αἰχμαλώτους
986 2123 1027 2166 ου
1016 2091 1158 2183 ’μέντοι
1279 2093 1280 2096 “

185 2193 276 2267 καί’
258 2204 381 2287 απεκρί
379 2225 499 2286 ταντα,
524 2193 601 2268 ἄλλ’
629 2193 794 2268 ἐσκόπουν
812 2203 861 2268 ἐτι
878 2190 1050 2280 πλείους
1030 2196 1155 2286 ημέρας
1169 2217 1198 2259 ιο

185 2294 250 2384 ὄπι
273 2295 335 2387 χρη
359 2301 491 2389 πράξαι.
534 2295 714 2370 καὶπολλὰ
731 2299 794 2388 μέν
813 2300 959 2388 ἐλέγετο,
985 2294 1158 2423 ἐπεκράτει

187 2396 261 2468 δέ”
241 2426 331 2488 ομιος
349 2405 561 2470 σπείσασθαι
603 2398 725 2490 μαθών
744 2400 781 2470 δὲ
798 2406 897 2472 τούτο
906 2397 1049 2480 ’Ἄππιος
1066 2397 1084 2470 6
1101 2428 1158 2470 τν-

185 2496 270 2588 φλδς
301 2503 465 2623 ἐκομίσθη
488 2500 604 2571 ἐπὶ
571 2529 609 2572 το
632 2495 936 2624 βουλευτήριον,
915 2500 983 2572 νπδ
1008 2499 1074 2590 γάρ
1097 2503 1159 2572 τού
1278 2503 1280 2510 ⁴

185 2597 297 2690 γήρως
319 2602 376 2674 καί
400 2608 462 2672 τοῦ
484 2599 618 2729 πάθους
647 2609 814 2694 οίκονρών
837 2591 899 2692 ἦν,
929 2603 986 2672 καί
1016 2600 1155 2672 εἶπε
1112 2630 1159 2691 μη

185 2701 423 2793 συμφέρειν
388 2730 447 2786 τας
464 2701 547 2795 πρὸς
563 2704 624 2776 τὸν
640 2697 782 2795 Πύρρου
799 2701 983 2794 συμβάσεις
1000 2731 1041 2794 τη
1026 2707 1156 2774 ”-πολι
1170 2724 1198 2767 2⁵

184 2811 274 2897 τείᾳ,
298 2802 470 2896 παρῄνεσε
495 2806 533 2877 δὲ
557 2807 613 2877 καὶ
639 2803 703 2877 αύτ
705 2811 762 2876 ίκα
784 2803 844 2877 τὸν
861 2808 949 2877 Κινέ
948 2833 991 2875 αν
1009 2801 1159 2888 ἐξελάσαι

184 2913 242 2997 τῆς
259 2903 405 2996 πόλεως,
429 2909 486 2978 καί
513 2903 560 2978 δι’
586 2903 693 2980 αύτού
716 2913 866 2997 δηλῶσαι
887 2913 934 3001 τῷ
953 2904 1081 3000 Πύρρῳ
1107 2915 1159 2976 ολ-

185 3013 268 3080 καδε
290 3003 554 3100 ἀναχωρήσαντα
581 3013 715 3082 ἐκεῖθεν
733 3006 1063 3100 ἐπικηρυκεύσασθαι
1080 3009 1160 3097 περὶ

82 3105 321 3198 ΡῙΒῚὸείρήνης
334 3106 484 3199 αύτοῑςῆ
500 3112 651 3202 καὶπερὶ
671 3112 786 3200 ἑτέρον
803 3108 883 3182 ὅτου
901 3110 1018 3182 δίοιτο.
1053 3111 1160 3178 ταῦτα

183 3208 201 3281 6
209 3205 352 3294 ’Ἄππιος
366 3208 648 3300 συνεβούλευσεν·
677 3241 697 3302 η
685 3211 748 3282 δέ
761 3218 922 3304 γερουσία
938 3208 1052 3282 ούκέτι
1066 3212 1157 3298 ἐμίλ
1171 3231 1199 3274 ³⁰

184 3320 307 3400 λησεν,
335 3309 409 3382 ἀλλ’
437 3308 542 3394 εύθύς
563 3310 783 3404 ὁμοθυμαδὸν
814 3316 1020 3404 ἐψηφίσαντο
1046 3306 1159 3401 αύθη-
1251 3333 1255 3338 “

184 3411 287 3502 μερὸν
310 3413 370 3484 τὸν
393 3415 521 3486 Κινέαν
548 3418 609 3498 ἐξω
632 3422 703 3486 τών
721 3413 815 3508 ὅρων
840 3416 1005 3505 ἐκπέμψαι
1036 3415 1093 3486 καὶ
1111 3417 1160 3508 τῷ
