2538 3824
421 146 493 200 τοο.
506 147 540 198 x.
559 146 639 200 οεν.
652 147 780 202 xxvm.
1018 142 1083 209 423

6 307 8 380 ᾗ
117 281 317 375 γράφεσθαι.
362 286 419 356 καί
437 292 484 368 είς
502 284 564 377 τήν
580 283 707 377 ἀγορὰν
726 287 762 358 δὲ
780 284 851 376 μετ’
872 285 976 357 αύτού
994 292 1082 358 είσε-

115 394 218 477 φοίτα
235 390 291 458 καί
308 384 366 469 τὰς
383 388 589 478 πανηγύρεις
609 393 840 460 συνδιετίθετο
857 385 915 470 τύς
932 416 968 458 τε
987 393 1081 471 δίκας

6 505 7 516 ’
114 485 330 578 συνεξήταζο,
355 491 421 558 καί
451 495 654 578 συνίτπευε,
689 491 746 560 καί
776 493 813 560 ἐν
842 505 914 572 ταίς
944 487 1115 560 πόλεσινΙ)

114 593 228 679 ἐκείνη
252 591 317 679 μὲν
337 593 375 662 ἐν
399 595 509 686 δίφρῳ
533 593 688 682 ἐφέρετο,
715 590 732 662 δ
757 589 789 662 δ’
812 587 983 674 Ἀντύνιος
1001 595 1081 682 πεζή

84 689 198 782 εμετοὶ
221 695 290 762 τῶν
313 689 485 782 εὐνούχων
508 689 611 781 αὐτής
627 689 824 782 ήκολούθει·
851 690 1081 784 συνεγρύφετό

111 821 150 864 τε
169 791 255 884 αὐτή
272 795 328 864 καὶ
346 791 609 880 συνεπλύττοτο,
626 793 728 876 αὐτὸς
738 791 862 885 Ὄσιρις
880 791 1082 866 καλΔιόνυ-

6 911 7 914 ’
113 916 176 976 σος
200 892 396 985 λεγόμενος,
424 898 536 986 ἐκείνη
563 896 600 965 δὲ
627 894 762 986 Σελήνη
788 897 846 968 καί
864 887 952 976 Ἰσις.
996 893 1081 968 ὅθεν

110 1005 251 1086 ἔκφρων
273 995 332 1068 ὑπ’
359 995 461 1086 αύτής
486 1001 523 1068 ἐκ
545 1005 749 1086 μαγγανείας
774 1001 867 1080 ἔδοξε
896 999 1079 1086 γεγονέναι.

6 1112 8 1115 ’
110 1101 171 1170 καὶ
194 1093 257 1168 ούκ
280 1101 410 1170 ἐκείνου
432 1096 555 1188 μόνον,
585 1097 669 1168 ἀλλὰ
699 1101 756 1170 καὶ
778 1096 855 1180 τούς
880 1097 961 1188 παρ’
989 1097 1080 1193 αὐτῷ

70 1233 97 1274 ιο
112 1201 326 1290 δυναμένους
343 1202 400 1272 καί
418 1199 595 1290 ἐγοήτευσε
607 1203 663 1270 καὶ
676 1201 871 1291 κατέδησεν,
891 1199 935 1282 ὡς
949 1204 1088 1285 ἐλπίσαιΙ

109 1303 169 1372 καὶ
187 1305 256 1372 τῶν
273 1299 444 1392 Ῥωμαίων
466 1299 595 1390 ἄρξειν,
622 1299 724 1392 εύχήν
748 1330 783 1372 τε
801 1314 972 1372 ποιοίοθαι
989 1310 1079 1392 μεγί-

6 1481 8 1494 ‚
110 1426 197 1492 στην
219 1405 275 1473 καὶ
298 1399 401 1491 ὅρκον
424 1401 461 1474 τὸ
480 1406 516 1474 ἐν
533 1407 580 1497 τῷ
596 1403 799 1498 Καπιτωλίῳ
818 1400 961 1474 δικάσαι.
997 1401 1014 1474 ὁ
1042 1404 1081 1474 δὲ

106 1502 288 1586 Ἀντώνιος
300 1501 466 1593 ἀκινάκην
478 1533 515 1576 τε
528 1509 633 1578 ἐνίοτε
645 1503 878 1596 παρεζύννυτο
892 1507 948 1576 καὶ
963 1509 1080 1595 ἐσθήτι

27 1633 30 1641 ⁴
112 1609 233 1698 ἐχρῆτο
250 1603 342 1699 παραὶ
359 1604 398 1676 τὰ
418 1604 550 1696 πάτρια.

6 1777 7 1780 ,
72 1739 99 1780 15
196 1705 311 1802 Τούτφ
334 1707 395 1798 μὲν
419 1699 481 1779 οὖν
503 1703 620 1803 ύπύτςο
644 1706 717 1780 ὄντι
734 1712 791 1780 καὶ
808 1711 981 1804 στρατηγῷ
1001 1707 1079 1780 Ῥω-

110 1815 224 1900 μαίων
255 1816 302 1890 τίς
332 1815 468 1900 αἰτίαμα
499 1809 710 1899 ἐλογίσθηή
742 1815 803 1894 ἔξω
835 1816 903 1882 τῶν
928 1819 1079 1900 πατρίων

113 1909 232 2002 στολή,
256 1910 333 1992 τοὺς
358 1911 396 1981 δὲ
419 1914 487 1980 νύν
511 1918 658 1998 βασιλεῖς
676 1910 847 2000 Ῥωμαίων
870 1917 940 1994 πῶς
965 1909 1007 1983 ἅν
1029 1923 1181 1996 τιςΡΙσλι

115 2012 323 2103 ἐξαιρήσαιτο
347 2010 473 2102 μούμων
496 2014 553 2082 καὶ
571 2010 762 2099 αίτιύσεως,
789 2017 1076 2102 μεταμφιεννυμέ-

6 2153 7 2190 ;
109 2144 193 2196 νους
211 2111 301 2205 παρὰ
317 2111 357 2184 τοὶ
374 2112 511 2204 πάτρια,
535 2116 591 2183 καὶ
608 2109 673 2183 ούκ
692 2115 813 2202 ἐνίοτε,
837 2111 889 2184 ἀεὶ
907 2113 945 2182 δὲ
962 2140 1079 2203 κεχρη-

72 2245 99 2288 το
110 2219 235 2308 μίνους
254 2219 371 2304 ἐσθήτι
388 2221 595 2306 βαρβαρικής

193 2315 291 2388 Οὕτω
313 2317 376 2408 μὲν
399 2305 461 2388 σύν
478 2321 524 2411 τῷ
541 2343 578 2386 τε
595 2321 742 2404 Καίσαρι
765 2317 821 2386 καὶ
843 2321 890 2412 τῷ
909 2313 1079 2409 Ἀντωνίφ

109 2421 307 2509 συνηνέχθη
317 2419 365 2502 τοὶ
381 2415 573 2511 πράγματα·
601 2422 636 2489 ολ
647 2418 685 2488 δὲ
698 2414 982 2510 παρεσκευάζοντο
996 2413 1079 2509 πρὸς

108 2522 172 2593 τὸν
189 2521 351 2612 πόλεμον,
375 2524 512 2602 ἕκαστος
530 2511 673 2602 πολλούς
691 2518 883 2610 συμμάχους
901 2529 1079 2612 προσειλη-

109 2621 195 2713 φούς.
244 2624 301 2702 καί
330 2619 436 2692 πολλοὶ
465 2619 555 2712 παραὶ
580 2628 649 2692 τῶν
671 2618 865 2714 ἀνθρώπων
890 2626 1078 2714 ἐθρυλείτο,

70 2753 97 2795 ει
111 2713 221 2795 πολλὰ
246 2725 283 2794 δὲ
307 2724 364 2794 καὶ
388 2737 508 2814 σημεῖα
530 2721 698 2812 γεγόνασι.
734 2723 878 2812 πίθηκός
902 2751 938 2794 τε
961 2722 1025 2813 γὰρ
1044 2725 1078 2806 ἐς

110 2823 150 2896 τδ
168 2823 363 2916 Δημήτριον
386 2827 422 2895 ἐν
447 2830 620 2919 ἱερουργία
642 2826 706 2896 τινί
731 2823 894 2896 είσελθοδν
912 2823 1077 2894 πάντατὰ

111 2932 214 3000 ἔνδον
231 2929 381 3016 συνέχεε,
398 2929 455 2996 καὶ
472 2933 591 3007 παῖδες
609 2929 646 2996 ἐν
658 2931 699 3015 τή
712 2919 817 3017 Ῥύμῃ
831 2927 948 2996 πολλοὶ
961 2922 1078 3014 ἀθροι-

111 3031 253 3109 σθέντες
284 3025 501 3109 κελεύσαντος
531 3025 674 3116 μηδενὸς
704 3029 884 3114 συνέμιξαν
909 3021 1076 3114 ἀλλήλοις,

6 3177 10 3248 χ
111 3136 147 3201 οί
163 3131 225 3220 μὲν
243 3127 288 3212 ιδς
305 3128 515 3220 Καισαρειοι,
533 3135 568 3200 οί
584 3130 621 3199 δὲ
639 3126 683 3209 ὡς
701 3132 760 3198 τού
781 3124 961 3200 Ἀντωνίου
978 3125 1077 3216 μαχό-

6 3251 8 3266 ¹
70 3260 99 3302 εο
112 3259 225 3323 μενοι,
260 3232 317 3302 καί
339 3229 535 3321 ἡττήθησαν
559 3235 594 3300 οί
614 3229 650 3302 τὸ
674 3232 735 3300 τού
760 3225 940 3302 Ἀντωνίου
970 3225 1109 3321 δνομαΒ

114 3336 291 3423 φέροντες·
326 3330 427 3404 είκύν
449 3361 485 3404 τε
509 3329 610 3404 αὐτοῦ
634 3337 750 3422 λιθίνη
775 3327 855 3422 αἷμα
873 3330 993 3422 ύνήκε,
1020 3333 1076 3402 καί

6 3481 7 3486 1
114 3441 184 3526 πῦρ
205 3433 242 3505 τύ
263 3464 300 3506 τε
317 3433 512 3525 Δημήτριον
528 3435 583 3504 καί
602 3433 687 3506 ναὸν
705 3436 818 3525 ἕτερον
836 3432 988 3516 Ἐλπίδος
1012 3434 1091 3503 διδ--
