2580 3816
454 209 526 260 τιν.
544 207 619 260 x1v.
638 207 803 260 cAP.xv1.
1037 203 1101 268 309

133 348 222 438 αὐτῇ
231 351 446 438 γεγραμμένα
459 353 494 416 οί
505 352 573 416 τάν
587 352 712 416 κοινοῖν
725 345 930 434 πραγμάτων
939 346 1100 434 διοικηταὶ

133 452 311 520 στέλλουσι
334 449 461 537 ταύτην
478 449 535 516 καί
557 447 617 517 τόν
636 445 740 535 αὐτῆς
757 443 919 535 κομιστὴν
936 447 1021 536 πρὸς
1040 447 1100 516 τόυ

135 551 319 641 Σάρβαρον
329 569 335 582 ·
345 549 411 620 καὶ
429 547 467 631 ὃς
485 548 526 618 τά
543 553 757 637 γεγραμμένα
770 545 952 636 ἀναγνούς,
967 549 1024 618 καὶ
1040 555 1100 617 τοῦ

134 652 418 742 γραμματοφόρου
442 650 636 739 πυθόμενος
660 651 717 718 καί
740 645 863 738 μαθων
879 646 942 737 τὴν
959 649 1133 738 γνάμηυι)

104 753 301 843 τΧοσρόου,
321 755 438 843 ἑτέραν
456 748 591 822 πλάττει
604 749 795 839 ἐπιστολήν,
813 750 1022 821 κελεύουσαν
1039 749 1100 820 αύ-
1161 781 1163 786 ·

129 855 191 924 τόν
208 881 244 923 τε
261 855 318 923 καὶ
340 850 489 934 πολλούς
515 853 687 947 σατράπας
704 849 929 943 ἀναιρεθῆναι
946 853 1003 920 καὶ
1020 852 1100 933 τούς

129 960 193 1079 τρύ
219 955 464 1045 στρατεύματος
487 954 709 1044 προύχουτας.
762 959 875 1046 πείθει
898 953 937 1022 δὲ
960 954 1016 1022 καὶ
1041 953 1101 1022 τόν

128 1056 192 1144 τὴν
218 1056 395 1145 ἐπιστολὴν
420 1062 480 1126 τού
508 1056 662 1146 Χοσρόου
697 1040 881 1180 πρμίσαυτα
910 1053 1101 1142 λέγεινὸτι

131 1157 221 1248 παρά
240 1157 397 1249 Χοσρόου
423 1157 551 1245 ταύτην
570 1164 670 1245 ἔλαβε
686 1155 749 1244 τὴν
768 1155 955 1282 έπιστολήγ.
992 1177 1100 1248 σανα.-

92 1281 118 1321 10
130 1286 246 1347 γαγων
270 1251 334 1328 ούν
356 1257 435 1340 τούς
458 1264 528 1328 τάν
560 1258 737 1347 ταγμάτων
766 1256 1100 1346 ἡγεμονεύονταςυ
1062 1261 1100 1327 έυ

132 1360 266 1454 ἐπηκόῳ
292 1360 430 1430 πάντων
455 1387 517 1447 την
546 1358 727 1455 ἐπιστολὴν
750 1353 1016 1446 ἀναγνωσθῆναι
1038 1384 1100 1427 πε

131 1470 258 1548 ποίηκε.
289 1465 405 1549 θυμοῦ
422 1468 540 1531 τοίνυν
561 1451 823 1550 πλησθέντες
787 1487 819 1529 οι
836 1465 906 1529 τῶν
922 1459 1100 1549 ταγμάτων

133 1563 326 1652 ἐξάρχοντες
343 1589 441 1653 κοινῃ
430 1564 647 1633 συνέθεντο
668 1589 716 1655 τμ
702 1567 869 1649 βασιλεῖ
885 1569 1099 1650 προσελθεῖν.

133 1665 189 1734 ἐπὶ
212 1663 342 1744 τούτοις
365 1663 467 1732 καλ”
446 1663 564 1754 ετερόν
588 1691 619 1732 τι
643 1660 911 1752 συμβέβηκεν,“
891 1690 909 1732 ο
928 1690 989 1732 του
1007 1672 1100 1732 Χοσ-

92 1791 118 1831 15
132 1764 215 1852 ρόην
255 1765 410 1834 διώλεσε·
455 1769 579 1846 παῖδας
616 1763 682 1853 γάρ
719 1770 806 1852 ἔχων
844 1763 1009 1850 πολλούς,
1040 1763 1101 1832 τόν

131 1864 292 1936 ἁπάντων
327 1864 559 1955 πρεσβύτερον
595 1865 724 1954 Σιρόηυ
768 1863 1100 1955 παραγκωνιζόμενος
1156 1887 1164 1898 ·’

129 1965 308 2054 ἠβουλήθη
333 1965 490 2054 διάδοχον
514 1971 574 2054 τῆς
598 1964 705 2056 ἀρχῆς
737 1969 852 2056 ἕτερον
879 1967 1097 2055 ποιήσασθαι,

1 2141 3 2159 „
127 2067 340 2156 καλούμενον
358 2065 555 2157 Μερδασάν.
578 2064 598 2135 δ
616 2065 721 2152 γνούς
738 2065 757 2136 ὁ
772 2067 911 2154 Σιρόης,
930 2074 990 2136 καί
1004 2093 1097 2147 τινας

1 2179 7 2242 ἑ
128 2173 199 2237 των
221 2173 404 2256 σατραπῶν
428 2165 732 2256 ύποποιησάμενος,
759 2169 941 2236 ἐπιτίθεται
964 2171 1012 2259 τῷ
1030 2191 1097 2234 πα-

1 2259 6 2346 έ
89 2300 117 2341 ω
129 2273 194 2356 τρί,
213 2272 332 2356 δεσμεῖ
347 2295 383 2338 τε
399 2274 521 2338 τούτου
537 2269 596 2338 καὶ
608 2267 738 2356 χρυσόν
751 2263 845 2361 αύτῷ
864 2263 975 2336 πολύν
992 2292 1098 2356 παρα·

128 2377 242 2457 τίθησι
277 2369 334 2440 καὶ
370 2376 480 2440 λίθων
510 2374 579 2440 τῶν
616 2376 812 2458 πολυτίμων
842 2367 992 2458 σωρούς,
1019 2365 1160 2450 “διάΡςι
1170 2399 1204 2448 85

128 2465 256 2542 ταύτα”
276 2471 387 2558 λέγων
398 2469 592 2560 “Ῥωμαίοις
607 2469 685 2552 τούς
695 2471 835 2561 Πέρσας
849 2465 1135 2558 έξεπολέμωσαςΑ

129 2574 185 2642 καί
209 2571 365 2661 άλλήλοις
387 2573 554 2663 μάχεσθαι
580 2573 637 2642 καὶ
655 2577 915 2663 διαφθείρεσθαι
931 2571 1100 2660 κατηνάγ-

130 2681 237 2756 καζες·
269 2671 422 2745 ἀπόλαυε
445 2683 564 2745 τοίνυν
588 2679 657 2744 τάν
683 2677 812 2762 έφετάν
837 2671 917 2744 σοι.”
946 2673 1017 2744 εἶτα
1040 2673 1101 2761 τόν

92 2801 119 2841 τι
132 2773 188 2842 υίδ
171 2800 212 2841 ου
230 2771 337 2842 αύτού
356 2769 605 2868 Μερδασάυ,
576 2805 603 2846 ω
622 2775 770 2864 τὴντῶν
787 2779 934 2866 Περσῶν
952 2773 1101 2844 ἀνετίθει

131 2973 211 3055 τούς
236 2973 361 3056 ἄλλους
385 2980 509 3057 παῖδας
532 2976 640 3048 αύτού
663 2977 720 3048 καί
745 2976 801 3046 ἐπὶ
824 2981 906 3054 πᾶσι
929 2973 1099 3050 κάκεῐνον.

132 3075 298 3165 ἐγκρατής
315 3068 380 3146 ούν
396 3083 456 3165 τῆς
473 3083 543 3148 τάν
560 3075 742 3170 Περσῶν’
723 3081 829 3168 αρχῆς
847 3077 1006 3165 γεγονός,
1025 3081 1099 3146 δια·

132 3179 294 3266 πέμπεται
311 3176 394 3266 πρὸς
409 3175 618 3270 Ἡράκλειον,
630 3180 692 3250 τόν
704 3183 765 3250 τοῦ
780 3177 935 3268 Χοσρόου
954 3173 1100 3265 ὄλεθρον
1157 3225 1163 3246 .

91 3307 118 3349 ω
132 3275 225 3371 αύτῷ
251 3277 561 3370 εὐαγγελιζόμενος,
586 3283 642 3350 καὶ
660 3279 880 3368 σπεισάμενος
897 3275 991 3374 αύτῷ
1009 3278 1095 3348 πάν-

67 3381 69 3384 ’
130 3407 188 3461 τας
205 3379 286 3461 τούς
304 3381 342 3450 ἐν
356 3387 499 3474 Περσίδι
512 3383 745 3472 αίχμαλιότους
760 3379 940 3472 Ῥωμαίους
959 3381 1099 3452 ἐλευθέ-

131 3508 212 3572 ρους
231 3476 341 3572 άφῆκε
358 3483 416 3552 καὶ
433 3481 474 3552 τά
486 3491 577 3574 τίμια
589 3485 676 3568 ξύλα
688 3489 750 3556 τοῦ
765 3492 933 3579 σωτηρίου
947 3487 1100 3576 σταυρού
