2562 3814
179 106 240 171 162
489 107 561 158 ατο.
574 107 638 160 vn.
657 105 736 157 σεε.
749 105 835 160 xxv.
935 147 938 153 ,

178 245 247 335 νός,
261 241 316 317 οἷα
329 251 530 337 συμβαίνειν
548 255 651 317 είεοθε
667 247 819 334 φυσικῶς
837 245 892 314 ἐπὶ
905 260 974 325 τοῖς
986 243 1149 328 τοιούτοις

178 346 364 438 παθήμασι.
405 351 462 418 καὶ
485 339 528 437 ἦν
550 343 587 418 τό
611 345 721 436 χάσμα
745 347 905 436 διαμένον
930 345 984 415 ἐπὶ
1007 343 1148 436 μακρόν,

181 451 261 522 οὔτε
278 448 526 540 συνερχόμενον
539 454 617 532 ολως
632 447 674 536 δη’
692 475 772 518 ποτε
785 447 863 518 ου”τε
875 449 989 536 μέντοι
1002 447 1148 538 πληρού-

180 580 294 642 μενον,
312 553 369 622 καί
386 555 491 622 ταῦτα
504 555 587 640 χοῦν
603 577 639 620 τε
655 552 724 619 τῶν
736 547 909 640 Ῥωμαίων
923 553 955 630 ἐς
969 545 1052 620 αῦτό
1066 572 1149 639 συμ-

181 651 379 744 φορούντυν
396 649 505 723 πολύν
522 653 578 722 καί
596 660 715 732 λίθους
733 652 789 722 καί
806 649 912 739 ἀλλην
928 643 1015 739 ὕλην
1028 677 1149 724 παντο·
1174 680 1191 721 ⁵

184 753 304 842 δαπην.
330 753 518 842 ἀποροῦσιν
535 743 599 824 οῦν
611 769 681 836 τοϊς
691 747 859 843 Ῥωμαίοις
878 751 1023 842 χρησμός
1044 751 1150 842 ἐδόθη

146 855 229 948 Dm}
252 854 360 938 ἀλλοις
382 854 419 926 τό
445 853 572 936 διαστὰς
596 863 795 944 συνελθεῖν,
822 861 854 924 εί
874 853 920 943 μὴ
943 851 980 924 τό
998 871 1149 946 κρεῖττον

181 955 294 1029 αύτῦν
311 960 368 1030 καὶ
386 955 430 1028 δι’
452 947 495 1028 οῦ
511 955 653 1046 μάλιστα
670 965 827 1028 πλεῖστον
851 953 1027 1045 ἰσχύουσιν
1045 963 1092 1037 είς
1109 954 1147 1026 τό

179 1058 289 1152 χάσμα
313 1057 554 1149 ἐμβάλλουσιν·
590 1054 680 1129 οῦτοι
702 1055 766 1149 ηάρ
791 1055 900 1130 ἐκεῖνό
923 1084 960 1128 τε
985 1055 1149 1128 παύσεται

180 1164 236 1232 καὶ
252 1165 294 1251 τῇ
312 1158 408 1231 πόλει
426 1169 520 1232 ἔσται
543 1157 683 1250 δύναμις
700 1157 916 1241 ἀκατάλυτος.
951 1167 1070 1249 ἔμενεν
1086 1149 1148 1240 οῦν
1163 1189 1191 1228 10

69 1325 74 1338 .
180 1265 237 1334 καὶ
255 1260 358 1333 πόλιν
374 1261 412 1333 τό
429 1260 558 1354 ἀπορον
575 1259 829 1353 ἀπορούμενον,
853 1255 1007 1350 ἀσαφοῦς
1024 1259 1149 1352 τυγχά-

179 1393 296 1448 νοντος
313 1367 374 1435 τοῦ
391 1367 550 1454 χρησμοῦ.
577 1361 718 1454 Μάρκος
736 1364 775 1434 δέ
792 1362 968 1456 Κούρτιος,
987 1359 1072 1454 ἀνὴρ
1092 1361 1150 1433 εύ-

179 1471 354 1556 πατρίδης,
373 1467 447 1548 νέος
460 1465 523 1554 τὴν
540 1462 686 1556 ἡλικίαν,
706 1461 904 1556 ἀραιότατος
921 1462 984 1554 την
1000 1463 1147 1556 μορφήν,

181 1565 439 1659 ῥωμαλεώτατος
456 1564 519 1656 τὴν
543 1564 658 1656 ίσχῦν,
681 1565 914 1656 ἀνδρειότατος
939 1566 1001 1655 τὴν
1024 1565 1148 1657 ψυχήν,

179 1666 342 1758 φρονήσει
366 1666 569 1758 διαπρεπής,
594 1667 653 1739 τὸν
676 1673 760 1740 νοῦν
782 1671 897 1750 συνείς
914 1673 973 1738 τοῦ
996 1671 1148 1759 χρησμοῦ
1164 1694 1192 1736 15

180 1765 364 1860 παρελθόν
382 1777 430 1852 είς
447 1772 551 1859 μέσον
569 1769 798 1860 ἐδημηγόρησε
815 1772 923 1859 λέγων
936 1764 993 1840 “τί
1005 1773 1075 1840 τῶν
1092 1777 1151 1840 λο-

179 1879 264 1959 μίαν
281 1867 468 1960 ἀσάφειαν,
486 1861 696 1961 ύῬαιμαλοι,
716 1866 736 1959 ἢ
755 1870 907 1962 ἀμαθίαν
924 1866 1019 1961 ἡμῶν
1037 1866 1150 1942 αύτεόν

180 1971 494 2065 καταψηφιζόμεθα;
520 1973 616 2064 ἡμεῖς
634 1977 734 2063 ἐσμεν
750 1981 851 2044 τοῦτο
871 1970 912 2062 δὴ
935 1969 972 2044 τό
991 1970 1148 2062 ζητούμε-

181 2073 243 2147 νόν
259 2102 296 2145 τε
313 2077 370 2146 καί
386 2073 630 2166 ἀπορούμενον.
662 2070 703 2146 ού
721 2073 786 2164 γάρ
804 2105 835 2145 τι
852 2071 983 2165 ἀηυχον
997 2071 1148 2164 ἐμψύχου

183 2175 416 2268 λογισθήσεται
434 2178 580 2267 βέλτιον,
604 2173 688 2248 ούδέ
705 2183 767 2248 τοῦ
785 2183 885 2247 ἐννου
903 2179 959 2247 καί
983 2183 1145 2266 ἔμφρονος
1161 2201 1192 2242 εο

75 2297 172 2349 P1361
180 2281 236 2350 καὶ
266 2277 356 2373 λόγῳ
386 2281 634 2370 κεκοσμημένον
670 2277 708 2348 τό
739 2275 847 2350 ἀνουν
875 2273 997 2366 ἀλοχόν
1026 2305 1062 2348 τε
1092 2279 1149 2346 καὶ

179 2377 291 2470 ἀφρον
307 2378 596 2471 προτιμηθήσεται.
620 2387 657 2450 τί
670 2379 734 2469 γάρ
747 2377 791 2450 ἀν
801 2407 849 2460 τις
866 2377 1052 2472 ἀνθρώπου
1066 2406 1150 2470 προ-

180 2489 339 2570 κρίνειεν,
357 2486 415 2551 ίνα
430 2489 531 2552 τοῦτο
550 2486 583 2563 ἐς
599 2481 662 2570 τὴν
678 2488 738 2570 τῆς
754 2488 817 2570 γῆς
833 2479 993 2570 βαλόντες
1011 2478 1149 2552 διάστα-

180 2603 235 2653 σιν
267 2578 375 2672 αύτὴν
404 2582 666 2673 σνναγάνοιμενς
710 2579 774 2654 οῦκ
810 2590 901 2654 ἔστιν
930 2580 1035 2654 οῦδὲν
1065 2588 1150 2677 ζῷον

125 2779 127 2784 Α
179 2681 309 2772 θνητόν
338 2681 411 2755 οὐδ’
444 2681 581 2774 ἀμεινον
611 2683 686 2756 οὐδ’
713 2683 928 2776 ἰσχυρότερον
953 2681 1148 2774 ἀνθρώπου.
1162 2709 1194 2750 εε

184 2792 215 2856 εί
231 2783 296 2876 χάρ
313 2813 344 2856 τι
363 2789 488 2856 δεῖκαὶ
505 2785 764 2878 θρασυνόμενον
783 2794 904 2876 είπελν,
922 2783 991 2858 οὔτ’
1012 2781 1150 2872 ἀνθρα-

62 2909 67 2918 ‘
179 2916 240 2972 πος
258 2883 363 2960 ούδέν
379 2885 461 2959 ἀλλο
480 2890 572 2960 ἐστίν
589 2883 704 2978 ἢθεὸς
721 2894 816 2978 σῶμα
829 2887 957 2976 θνητὸν
970 2895 1057 2978 ἔχων
1069 2882 1151 2957 οῦτε

179 2989 261 3072 θεός
279 2986 359 3061 ἀλλο
376 3019 409 3061 τι
425 2987 447 3080 ἢ
464 2987 646 3082 ἅνθρωπος
663 2987 838 3080 ἀσώματος
855 2988 1047 3062 κάντεῦθεν
1064 2985 1152 3060 ἀθό-

178 3117 289 3180 νατος,
304 3093 360 3162 καὶ
373 3089 413 3162 ού
422 3089 536 3184 πόρρω
549 3100 607 3183 τῆς
620 3098 720 3176 θείας
735 3091 908 3184 δυνάμεος
918 3089 1148 3184 ἀπηρτήμεθα.

178 3199 285 3263 ταῦτα
308 3190 374 3282 ἐγιό
396 3195 459 3284 μὲν
482 3191 571 3266 οῦτοι
595 3202 729 3287 φρονῶ,
752 3192 833 3280 ἀξιύ
858 3195 896 3266 δέ
920 3197 977 3266 καὶ
1000 3191 1087 3284 ύμᾶς
1104 3198 1148 3283 τῇ
1163 3213 1194 3256 ³0

246 3427 279 3477 ‘28
292 3415 456 3482 κάντεῦθεν
469 3419 632 3495 ἀθάνατος]
652 3431 695 3483 Ex
707 3430 798 3482 Dione
811 3430 910 3496 fragm.
923 3430 965 3482 30.
979 3430 1004 3480 3.
