2546 3822
213 133 276 198 w
482 133 902 188 mmmmm

211 281 287 344 σίου
313 276 436 364 λιτρῶν
459 271 497 342 τό
516 263 756 364 συναριστῆσαι
772 279 820 369 τῷ
837 282 971 362 βασιλεῖ
986 272 1048 364 ούχ
1068 272 1190 344 ἑκόντα

211 375 406 468 πριάμενον.
1106 385 1116 406 “

155 471 195 536 15
294 481 438 548 Τοιαῦτα
456 476 566 547 πολλά
585 475 603 546 δ
624 476 819 568 Νικηφόρος
837 477 921 546 κατά
938 483 1007 548 ταῖν
1023 475 1189 566 ὑπηκόων

175 559 373 667 1)ε’τιινοο5ν,
400 571 445 666 ἦν
468 578 535 670 γάρ
560 578 788 669 ποριμύτατος
813 582 850 649 έν
873 578 1048 666 τοιούτοις,
1073 585 1189 649 πάσαν

212 677 328 762 αὐτοῖς
347 679 510 768 ἐπήνεγκε
527 680 677 750 κάκωσιν
694 681 751 750 καὶ
769 678 839 750 διεδ
858 680 996 750 πάντων
1013 687 1214 770 μεμίσηται

210 781 295 852 ὅθεν
312 780 485 870 άχνωστός
503 809 551 864 τις
570 780 659 873 άνηρ
677 785 772 871 ξίφος
788 781 867 852 ποτε
884 781 999 869 λαβών
1020 785 1057 852 έν
1075 799 1193 871 χεροῖν

210 884 387 974 εἰσέδραμε
410 881 451 952 τά
476 889 646 971 βασίλεια,
670 881 804 954 ἀνελεῖν
827 882 888 953 τόν
911 885 1050 972 βασιλέα
1067 889 1194 954 τοῦτον

211 990 328 1074 ζητῶν.
387 990 491 1054 τινῶν
521 980 553 1054 δ’
587 985 841 1076 ἐπιδραμόντων
872 982 985 1078 αύτῷ,
1015 983 1097 1065 τούς
1130 986 1195 1074 μέν

212 1089 332 1173 ἔπληξε
354 1091 403 1179 τςό
427 1089 527 1175 ξίφει,
555 1083 662 1167 αύτός
686 1085 725 1155 δέ
750 1087 928 1174 συσχεθεὶς
955 1087 1011 1155 καί
1029 1086 1195 1174 βασάνοις

215 1188 368 1268 ἐκδοθεὶς
389 1183 495 1257 ούδέν
512 1216 544 1256 τι
561 1187 645 1258 κατά
662 1215 722 1257 του
742 1188 915 1276 ἐξέφηνεν,
933 1185 1019 1256 άλλά
1037 1213 1195 1277 παρακε·
1209 1217 1231 1256 ιο

212 1287 341 1378 κόφθαι
360 1291 420 1369 τάς
438 1289 565 1379 φρένας
589 1286 794 1379 δποκραθελς
812 1289 1043 1370 κατάκλειστος
1061 1290 1197 1376 γέγονε.

214 1395 416 1480 Μανιχαίοις
443 1390 481 1458 δέ
505 1391 563 1459 καὶ
585 1404 656 1470 τοίς
682 1391 902 1478 καλουμένοις
916 1387 1132 1478 Ἀθιχγάνοις
1161 1394 1199 1460 έν

112 1504 380 1584 ΡΠινιχρησμοῑς
403 1519 439 1561 τε
463 1493 520 1560 καί
537 1497 737 1580 οίωνίσμασι
753 1492 809 1560 καὶ
826 1500 973 1572 τελεταῖς
990 1488 1200 1582 ἀπορρήτοις

184 1571 383 1686 Αέκέχρητο.
421 1588 610 1663 κάντεύθεν
635 1599 682 1673 είς
706 1592 765 1674 τάς
790 1591 900 1680 χάρας
926 1591 986 1672 τάς
1008 1591 1200 1681 Ῥωμαϊκὰς

216 1695 489 1785 είσεφθάρησαν,
515 1695 573 1764 καὶ
597 1695 718 1763 πολλοὶ
743 1699 812 1762 τῶν
842 1692 1031 1782 ἀβελτέρων
1055 1699 1106 1774 είς
1134 1694 1200 1782 τὴν
1213 1721 1234 1762 ιι

215 1804 328 1866 πίστιν
350 1793 414 1866 ὑπ’
440 1790 571 1864 νότιόν
587 1795 830 1885 διεφθάρησαν.
873 1799 908 1864 οί
936 1795 977 1864 δέ
1004 1798 1063 1884 της
1085 1794 1200 1886 Ἀγαρ

215 1897 374 1978 πολλάκις
405 1896 698 1987 ἐπιστρατεύοντες
728 1895 811 1966 κατά
845 1892 1016 1984 Ῥωμαίων
1047 1896 1201 1967 ἐκάκουν

215 1997 274 2080 τάς
300 1997 429 2088 χώρας,
461 1993 553 2068 εἷλον
585 1999 623 2068 δέ
654 1996 721 2068 σύν
751 1997 864 2078 ἄλλοις
893 1998 950 2065 καί
978 1997 1042 2086 την
1060 1996 1198 2088 Εὐχάί·

215 2128 288 2170 ταν.
324 2099 381 2169 καὶ
406 2091 499 2170 οὗτοι
524 2100 587 2189 μὲν
611 2099 651 2168 τά
675 2098 760 2188 πρός
784 2097 966 2186 άνίσχοντα
982 2098 1081 2186 ἥλιον
1102 2103 1201 2188 ἐληί-

215 2210 321 2289 ζοντο,
347 2207 383 2271 οί
408 2201 447 2272 δέ
473 2202 662 2290 Βούλγαροι
685 2200 726 2269 τά
750 2200 895 2291 ἑσπέρια.
937 2203 1234 2288 έπιστρατεῦσαιιι

215 2310 335 2374 τοίνυν
365 2302 449 2373 κατά
475 2299 725 2393 Βουλχάρωνό
755 2299 913 2389 βασιλεύς
950 2301 1201 2389 ἐβουλεύσατο·

215 2411 276 2473 καί
304 2431 394 2486 τινος
424 2410 494 2473 τῶν
528 2402 741 2474 οίκειοτάτων
776 2399 869 2496 αύτῷ
900 2403 1203 2491 συμβουλεύοντος

216 2503 311 2596 αύτῷ
335 2507 494 2574 ἐνδοῦναι
516 2519 588 2584 τοῖς
609 2501 772 2593 ὑπηκόοις
790 2502 852 2592 την
869 2503 1029 2589 κάκωσιν,
1046 2499 1204 2586 ’πάντες

118 2602 356 2694 W111101y029”
377 2611 440 2694 ἔφη
454 2603 687 2694 “καταβοῶσιν
704 2603 813 2694 ἡμῶν,
831 2605 888 2676 καί
906 2615 941 2675 εί
954 2632 984 2674 τι
1000 2609 1071 2674 τῶν
1091 2604 1205 2676 άπαι-

215 2713 300 2778 σίων
319 2713 467 2797 συμβαίη
481 2705 575 2797 ἡμῖν,
590 2707 713 2788 πάντες
732 2705 988 2796 ἐπιχαρησονται
1005 2712 1048 2796 τῇ
1067 2709 1207 2778 πτώσει
1218 2732 1239 2773 ιε

214 2805 350 2900 ἡμόν”,
376 2812 504 2891 ἐκεῖνος
529 2815 594 2906 ἐφη
620 2807 664 2890 ὡς
687 2807 805 2889 όθεδς
824 2807 1010 2898 ἐσκλήρυνε
1025 2807 1092 2896 κήν
1113 2838 1207 2900 καρ-
1257 2817 1258 2820 ’

182 2918 299 2986 Βδιάν
325 2939 392 3001 μου
418 2910 501 2982 κατά
527 2909 591 3000 την
613 2915 676 2980 τού
696 2908 837 3001 Φαραά’
856 2907 901 2998 μὴ
920 2901 985 2979 οὖν
1004 2911 1154 2998 ἐκδέχου
1175 2940 1210 2981 τι

217 3007 356 3100 άναθδν
381 3028 451 3096 τοῖς
475 3010 544 3082 δπό
569 3011 667 3102 χεῖρά
693 3040 759 3100 μου
778 3013 811 3094 ἐξ
831 3013 924 3100 ἐμοῦ.
960 3019 1211 3102 συναθροίσας

218 3107 284 3185 οὖν
302 3110 344 3183 τά
362 3113 514 3203 τάγματα
527 3114 698 3183 πάντοθεν
716 3113 773 3182 καί
791 3117 838 3194 είς
852 3119 1068 3201 Βονλναρίαν
1088 3140 1212 3204 παρα·

217 3214 410 3303 γενόμενος,
429 3218 490 3285 τοῦ
509 3214 673 3304 Κρούμου
691 3221 752 3283 τοῦ
771 3219 895 3294 ἔθνους
913 3209 1212 3303 άρχηγετοῦντος,

215 3313 253 3382 τδ
271 3315 334 3402 μὲν
352 3321 488 3406 πρῶτον
515 3314 710 3405 εὐτύχησεν,
737 3315 822 3385 ὥστε
839 3316 897 3384 καί
913 3313 976 3403 τὴν
992 3319 1056 3384 τοῦ
1075 3319 1213 3406 Κρού-

214 3438 283 3496 μου
309 3418 552 3505 παρειληφέναι
577 3416 704 3506 αὐλήν,
732 3413 822 3488 οὕτω
849 3415 916 3507 γάρ
934 3415 996 3505 τὴν
1013 3422 1077 3486 τοῦ
1099 3425 1213 3508 σφῶν
