2510 3834
384 171 516 222 Lmv1.
537 170 760 224 GAP.xxv111.
1015 169 1056 234 ης

1 337 2 340 ’
86 318 126 384 ἐν
143 315 186 403 τῇ
208 307 299 382 κότω
323 306 419 382 πόλει
442 309 663 400 παραμένειν,
687 307 725 381 τό
744 307 775 379 θ’
796 309 867 382 όνω
890 309 1056 402 φρούριον

86 415 178 506 εἶχεν
204 408 309 484 αὐτοί.
352 413 528 482 ἐποιοῦντο
553 413 667 501 μέντοι
689 412 748 494 τὰς
773 410 907 496 ἐξόδους
926 413 1055 502 προθύ-

1 573 2 607 ,
84 545 155 607 μοις
172 512 240 588 ἆνολ
257 520 371 584 πᾶσαν
387 507 533 607 ἡμέραν,
552 515 609 584 καὶ
626 529 696 595 τοϊς
713 517 851 604 τυχούσι
870 513 1054 605 συμπλεκό-

1 628 2 660 ¹
84 646 181 708 μενοι
193 617 312 688 πολλοὶ
324 614 388 705 μλν
402 620 580 704 ἔθνησκον,
597 612 743 698 πολλούς
755 615 794 686 δὲ
805 622 874 686 τῶν
886 613 1055 707 Ῥωμαίων

1 745 2 751 ’
59 715 238 844 τᾶυῄρουν
254 720 444 796 πονοῦντας
462 718 517 786 ἐπὶ
534 733 603 797 τοις
620 716 777 807 χῶμασιν.

164 818 218 890 Ἐκ
234 822 273 889 δέ
288 845 379 898 τινος
397 817 618 908 συντυχίας’
600 847 621 908 η
638 847 697 889 του
685 823 882 911 φρουρίου
905 819 1055 944 παρόδρ-

88 943 141 1005 σις
157 922 274 1011 γίγονε
291 921 348 989 καὶ
365 925 434 990 τῶν
450 916 612 1009 χωμάτων
636 928 748 1011 χωρίς.
784 927 921 1002 νεανίας
944 949 994 1002 τις
1012 911 1055 1012 ἦν

84 1026 123 1094 ἐν
139 1037 211 1104 τοῖς
229 1022 522 1146 πολιρρκουμίνοις
536 1019 640 1112 τόλμη
652 1019 784 1112 θρασύς
797 1024 852 1093 καὶ
866 1050 949 1093 κατα
959 1039 1055 1154 χεῖρα

85 1121 288 1216 δραστήριος
309 1119 461 1214 Ἐλεάζαρ
479 1120 739 1212 καλούμενος,
719 1119 756 1205 ὸς
775 1126 896 1207 ἐξιέναι
913 1128 970 1196 καὶ
987 1153 1053 1196 κω-

49 1257 71 1297 ιυ
82 1223 182 1298 λύειν
204 1222 267 1313 τὴν
290 1231 394 1314 χῶσιν
411 1227 616 1314 παρακαλῶν
639 1224 726 1305 τοός-
740 1223 900 1314 πολλούς,
926 1229 963 1297 ἓν
979 1242 1086 1308 ταῑςΒ

82 1326 208 1419 μάχαις
226 1328 485 1415 ἐπιφανέστατος
501 1329 635 1415 γέγονε,
654 1323 762 1395 πολλοὶ
778 1324 872 1398 δεινὰ
890 1325 968 1408 τούς
981 1321 1054 1398 Ῥω-

83 1436 207 1521 μαίους
226 1434 400 1510 διατιθείς.
441 1435 501 1498 καί
521 1453 602 1498 ποτε
618 1433 677 1515 τῆς
700 1424 805 1516 μάχης
825 1432 1054 1517 διακριθείσης

86 1527 190 1612 αὐτὸς
212 1537 329 1619 μείνας
353 1531 415 1612 ἔξω
439 1534 508 1599 τῶν
530 1534 648 1600 πυλῶν
671 1543 741 1611 τοῖς
765 1531 819 1599 ἐπὶ
843 1532 901 1600 τοῦ
925 1531 1054 1618 τείχους

86 1630 214 1720 ῶμίλει,
242 1630 380 1718 Ῥοῦφος
399 1631 438 1700 δέ
459 1658 509 1712 τις
531 1633 591 1700 τοῦ
610 1625 793 1720 Ῥωμαϊκοῦ
815 1632 1053 1722 στρατοπέδου,

49 1762 73 1803 ιι
84 1733 123 1804 τό
140 1736 239 1822 γένος
254 1731 448 1820 Αίγύπτιος,
468 1735 625 1821 ἐξαίφνης
638 1729 842 1822 ἐπιδραμῶν,
862 1729 926 1803 σόν
938 1729 1054 1814 ὅπλοις

86 1831 202 1916 αὐτοῖς
226 1831 285 1904 τόν
307 1830 458 1924 Ἐλεάζαρ
481 1831 646 1923 ἀράμενος
672 1831 799 1924 φθόνει
822 1836 980 1925 μεταθεὶς
1007 1841 1054 1915 είς

85 1936 121 2008 τό
133 1935 307 2026 Ῥωμαίων
324 1933 558 2026 στρατόπεδον.
590 1937 651 2005 τού
669 1935 706 2005 δὲ
719 1940 906 2027 στρατηγοῦ
918 1963 1054 2025 γυμνω-

86 2045 192 2126 θῐχναι
209 2034 428 2118 κελεύσαντος
446 2033 549 2107 αὐτόν
561 2038 618 2106 καλ
629 2043 846 2126 μαστίζεσθαι
859 2035 1055 2125 βλεπόντων

86 2144 154 2210 τῶν
169 2142 206 2209 ἐκ
225 2143 285 2227 τῆς
298 2135 442 2224 πόλεως,
460 2134 574 2227 ἀθρόα
592 2135 612 2224 ἡ
632 2135 727 2218 πόλις
747 2134 915 2230 ἀνῴμωξε.
956 2139 1062 2205 τούτο·

51 2268 76 2310 ιο
87 2238 173 2312 κατὰ
190 2246 259 2312 τῶν
275 2244 446 2329 πολεμίων
463 2237 625 2320 ὁΒόσσος
639 2235 852 2327 στρατήγημα
867 2233 1055 2324 ἐποιήσατο,

86 2347 143 2413 καί
166 2339 315 2430 σταυρὸν
338 2342 520 2428 προσέταξε
546 2340 845 2429 καταπήγννσθαι,
871 2336 917 2421 ῶς
934 2333 1056 2408 αὐτίκα

46 2467 50 2474 ’
86 2441 265 2533 κρεμάσων
287 2440 347 2513 τόν
366 2437 568 2532 Ἐλεάζαρον.
603 2445 639 2512 oc
659 2440 691 2511 δ’
713 2436 779 2512 ἀπὸ
803 2444 864 2512 τού
886 2446 1087 2532 φρουρίουῡ

85 2543 234 2636 ὁρῶντες
251 2540 431 2614 ῶδυνῶντο
448 2547 576 2634 μᾶλλον
593 2545 650 2613 καὶ
669 2540 848 2636 οἰνηόμωζον
866 2540 1053 2632 διωλύγιον.

85 2649 143 2718 καλ
169 2644 361 2736 ὁἘλεόζαρ
382 2648 509 2716 ίκίτευε
539 2651 627 2734 σφᾶς
657 2640 735 2734 μήτ’
761 2642 865 2716 αὐτόν
889 2650 1056 2735 περιιδεῖν

51 2745 176 2820 τούτω
202 2745 397 2836 θνήσκοντα
421 2748 477 2817 καὶ
503 2749 633 2827 ἑαυτοῖς
656 2745 719 2834 τὴν
736 2754 903 2837 σωτηρίαν
925 2773 1055 2836 προμη-

86 2849 300 2937 θεύσασθαι,
326 2852 431 2932 ελξασι
454 2850 496 2938 τῇ
514 2841 683 2937 Ῥωμαίων
702 2846 793 2938 ίσχόι·
815 2850 871 2919 καλ
893 2846 987 2937 τύχη.
1023 2850 1058 2915 οί

90 2952 127 3021 δὲ
144 2953 203 3022 καί
220 2947 303 3041 πρός
320 2948 397 3032 τούς
415 2953 548 3020 ἐκείνου
571 2947 819 3038 κατακλώμενοι
836 2946 974 3036 λόγους,
999 2947 1056 3016 καὶ

90 3059 227 3124 πολλῶν
244 3057 345 3122 ἔνδον
362 3047 448 3142 ὑπὲρ
467 3048 572 3122 αὐτού
591 3052 776 3140 δεομένων,
800 3041 845 3138 ἦν
863 3045 927 3138 γόρ
946 3051 982 3118 ἐκ
999 3077 1055 3139 με·

90 3152 192 3242 γόλης
216 3155 274 3224 καὶ
298 3151 431 3243 σφόδρα
458 3149 731 3242 πολυανθρῶπου
760 3158 976 3240 συγγενείας,
1008 3157 1055 3234 είς

57 3275 79 3316 ν
90 3254 203 3326 οἶκτον
222 3255 400 3326 ἐνέδωκαν.
444 3256 499 3326 καλ
519 3261 708 3335 στείλαντες
731 3252 794 3343 τὴν
810 3257 872 3324 τοῦ
888 3258 1055 3345 φρουρίου

90 3355 278 3448 παράδοσιν
296 3357 554 3446 ἐπηγγέλλοντο,
572 3361 628 3427 ἵνα
645 3351 755 3438 ἀδεεῖς
773 3350 1055 3439 ἀπαλλάττωνται,

90 3459 149 3530 τόν
161 3455 317 3549 Ἐλεάζαρ
336 3457 504 3546 λαβόντες.
