2510 3834
245 143 249 146 ·
342 108 414 195 nn.
429 143 475 195 v1.
496 142 803 196 cAP.xx111.xxlv.
1005 140 1045 204 67

81 282 194 372 μάτων
219 282 307 353 είναι
330 280 371 351 τά
396 287 497 354 ἐνδον
515 279 718 367 δοξάζοντας.
756 289 846 372 ἔφθη
870 284 909 353 δέ
924 312 973 365 τις
991 287 1049 354 καί

81 391 128 467 είς
145 383 224 466 τούς
242 384 407 474 στροφέας
424 387 482 472 τὴς
495 382 601 472 πάλης
620 391 689 476 πῦρ
708 383 878 474 ἐμβαλών·
899 387 954 455 καί
967 394 1047 475 φλο-

79 485 136 576 γός
154 492 301 558 ἔνδοθεν
320 488 519 574 ἐκφανείσης
538 483 687 574 ἐξάπινα,
705 491 741 557 οἵ
750 514 786 556 τε
799 483 958 576 ἡχεμόνες
972 483 1046 558 άνε-

80 587 214 678 χάρουν
242 589 300 658 καὶ
329 587 348 656 ὀ
376 593 472 668 Τίτος
497 584 614 676 αὐτός,
644 587 802 670 καὶτοὺς
831 586 1046 675 δφάπτοντας

56 687 196 771 εοόδεὶς
213 697 261 759 ἐτι
278 687 436 759 ἐκώλυεν.

157 785 193 860 ‘0
207 790 269 880 μέν
290 779 356 860 οὖν
374 788 454 871 ναός
471 785 577 872 οὕτως
598 787 635 861 τδ
658 794 728 876 πάρ
747 794 897 878 ἐδέξατο,
924 795 991 862 των
1009 796 1046 862 ἐν

83 889 175 986 αὐτῷ
197 893 410 981 τελουμένων
439 894 565 980 έναγῶς
595 891 825 984 καθαρτήριον
854 885 967 980 ἡτῶν
996 921 1046 963 τε·

79 990 232 1065 λυόντων
252 990 337 1063 αὐτά
355 990 583 1085 κολαστήριον.
611 991 797 1084 θαυμάσειε
816 989 848 1068 δ’
868 990 911 1064 άν
928 1021 976 1075 τις
994 991 1045 1064 ὅτι

78 1099 134 1166 καὶ
158 1094 226 1184 αὴν
243 1093 262 1164 ὁ
280 1089 381 1176 αὐτὸς
404 1095 459 1164 καί
477 1092 585 1187 ἡμέρα
607 1097 771 1168 συνέπεσε
794 1100 840 1188 τῷ
864 1098 1079 1190 ἐμπρησμῷο

46 1201 138 1268 ιοτοῦ
155 1203 262 1284 ναοῦ,
280 1191 363 1266 καθ’
383 1189 426 1284 ἡν
443 1197 499 1266 καὶ
517 1191 535 1265 ὁ
553 1194 714 1288 πρότερος
731 1191 798 1268 ὑπὸ
816 1203 1046 1284 Βαβυλωνίων

77 1300 268 1388 κατεφλέγη
291 1294 381 1377 ναός.
427 1300 481 1368 καὶ
506 1294 572 1368 άπδ
596 1298 659 1388 μέν
681 1304 738 1388 τῆς
760 1295 893 1389 πραότης
917 1304 1046 1368 οἰκοδο·

75 1405 139 1490 μὴς
162 1395 208 1488 ἡν
225 1396 391 1489 Σολομαδν
415 1396 591 1488 ἐποιήσατο
616 1401 712 1490 μέχρι
729 1402 787 1486 τής
811 1401 1046 1489 ἱστορουμένης

77 1506 146 1572 νῦν
164 1503 411 1591 καθαιρέσεως,
435 1497 457 1590 ἡ
473 1503 613 1591 μέμονεν
630 1507 696 1573 ἐτει
716 1501 861 1595 δευτέρω
879 1503 938 1589 τὴς
958 1497 1046 1570 Οὐε-

79 1609 270 1674 σπασιανοῦ
294 1610 493 1693 μοναρχίας,
518 1610 575 1691 ἔτη
592 1610 720 1691 γίνεται
737 1610 828 1693 χίλια
846 1599 965 1674 ἑκατόν
988 1603 1045 1672 καὶ

4 1751 5 1754 =
43 1702 258 1795 ωτριάκοιπα
281 1707 337 1774 καὶ
359 1707 462 1793 μήνες
485 1703 568 1774 ἑπτά
590 1699 711 1797 ἡμέραι
728 1733 764 1776 τε
788 1709 1043 1776 πεντεκαίδεκα·

78 1803 143 1876 άπδ
167 1807 206 1876 δέ
229 1812 291 1894 τῆς
313 1801 472 1894 ὕστερον,
497 1803 568 1894 ἡτις
592 1813 658 1878 ἐτει
682 1808 828 1900 δευτέρω
851 1809 909 1896 τῆς
927 1803 1044 1896 Κόρου

77 1913 253 1995 βασιλείας
282 1903 403 1998 ἤρξατο
433 1914 606 1997 γίνεσθαι,
642 1910 737 1999 μέχρι
766 1912 825 1996 τὴς
853 1913 1045 1988 τελευταίας

77 2003 235 2092 άλάσεως
260 2014 317 2097 ἐτη
342 2005 496 2092 ἑξακόσια
519 2011 576 2079 καὶ
597 2007 775 2099 τριάκοντα
792 2010 849 2078 καὶ
874 2010 970 2078 ἐννέα
989 2009 1044 2076 καὶ

76 2108 198 2201 ἡμέραι
214 2111 315 2181 πέντε
333 2111 389 2180 καὶ
405 2107 663 2202 τεσσαράκοντα.

42 2239 64 2281 α
155 2214 348 2301 Καιομένου
366 2212 403 2282 δὲ
419 2217 479 2282 τοῦ
495 2215 583 2284 ναου
599 2213 668 2281 των
684 2211 747 2300 μέν
764 2207 1043 2299 προσταττόντων

75 2302 121 2403 ήν
138 2311 292 2403 ἁρπαγή,
315 2315 383 2384 τῶν
402 2313 440 2384 δέ
457 2311 805 2403 καταλαμβανομένων
827 2309 951 2400 σφαγή.
987 2304 1042 2378 οὐ·

6 2465 8 2470 ·
76 2417 189 2504 δαμοῦ
207 2415 247 2485 δὲ
263 2413 284 2502 ἡ
302 2419 346 2504 χὴ
365 2418 486 2486 ἐκτῶν
502 2417 633 2505 νεκράν
652 2418 860 2502 διεφαίνετο,
878 2408 964 2482 άλλά
981 2433 1045 2482 σω-

74 2531 149 2608 ροῖς
168 2520 203 2588 οί
218 2520 415 2607 στρατιῶται
432 2513 596 2606 σωμάτων
620 2520 876 2606 ἐπεμβαίνοντες
895 2515 947 2584 έπλ
966 2511 1045 2596 τούς

78 2616 266 2706 φεύγοντας
296 2625 406 2689 ἔθεον.
454 2615 491 2688 τδ
522 2618 584 2707 μὲν
613 2608 676 2688 οὖν
706 2614 886 2709 λῃστρικὸν
915 2619 1045 2705 πλῆθος

41 2715 249 2809 τεάσάμενοι
272 2719 351 2801 τούς
365 2713 545 2810 Ῥωμαίους
569 2720 760 2803 διεξέπεσον
784 2725 832 2800 είς
854 2717 917 2806 τήν
934 2715 1045 2804 πόλιν,

79 2826 136 2892 τοῦ
156 2823 340 2911 δημοτικού
360 2821 399 2892 δέ
415 2819 452 2891 τό
470 2821 688 2913 περιλειφθὲν
713 2828 760 2903 είς
777 2819 839 2910 τὴν
857 2821 918 2904 ἔξω
943 2813 1046 2889 στοάν

79 2927 257 3014 κατέφυγε,
288 2925 357 2994 ταῖν
377 2920 407 2994 δ’
430 2925 548 3014 ίερέων
565 2923 654 3005 τινές
673 2925 726 2993 ἐπὶ
744 2919 802 2993 τὸν
819 2936 931 3010 τοῖχον
949 2916 1149 2996 άνα-Ψῐεεσ

79 3023 309 3114 χωρήσαντες,
328 3019 410 3096 ὄντα
427 3023 464 3095 τὸ
482 3015 577 3115 εὖρος
595 3020 799 3114 ὀκτάπηχυν,
819 3031 946 3112 ἔμενον.
984 3022 1046 3096 δύο

78 3154 114 3213 γε
136 3125 207 3216 μὴν
225 3128 294 3196 τεόν
313 3124 486 3216 ἐπισήμων
503 3131 661 3216 ῥίψαντες
686 3123 826 3206 ἑαυτοὺς
851 3129 898 3207 είς
922 3122 959 3196 τό
977 3131 1045 3220 πῦρ

46 3228 402 3318 υσυγκατεφλέμησαν
418 3231 466 3322 τῷ
482 3233 563 3323 ναῷ.
596 3223 747 3318 Ῥωμαῖοι
771 3227 809 3298 δὲ
825 3233 969 3316 ματαίαν
985 3227 1047 3318 τήν
1102 3261 1104 3266 ’

1057 2187 1100 2252 24

1054 2275 1079 2324 ο

146 3461 217 3527 Cap.
232 3463 275 3512 24.
299 3461 411 3528 Iosephi
422 3461 496 3514 Belli
507 3461 616 3516 Iudaici
628 3463 653 3528 6,
668 3464 692 3524 ὅ,
705 3463 729 3524 β.
745 3465 757 3512 l
772 3489 803 3500 -κ
815 3464 838 3525 §-
852 3467 876 3514 3.

850 3545 896 3606 5*
