2558 3820
420 155 553 209 L113.1x.
571 154 650 207 (ωε.
662 157 765 212 xvm.
1019 157 1082 222 303

1 297 2 336 ί
111 297 168 368 καλ
187 295 265 385 περὶ
283 291 409 377 παντὸς
425 297 484 383 τῆς
497 293 673 384 ιΑίχύιττον
692 297 855 386 κρατήσαι
872 295 1082 388 ποιούμενος,

113 395 251 487 τὸνμὲν
267 393 345 467 νίόν
362 399 534 467 Σέλευκον
558 399 595 468 έν
618 400 662 488 τῇ
678 402 869 490 Λνσιμαχίᾳ
893 396 959 469 σύν
977 398 1083 470 δννολ-

114 525 167 588 μει
183 499 380 586 κατέλιπεν,
405 495 507 580 αὐτὸς
532 499 569 568 δέ
592 496 788 590 ἀναζεύξας,
813 501 869 570 καὶ
894 504 1000 584 ζῶντα
1024 499 1083 572 τὸν

112 609 325 690 Πτολεμαῖον
354 597 493 689 μαδύν,
524 607 582 688 τῆς
611 600 674 691 μέν
704 599 880 690 Αἰγύπτου
909 597 1082 692 ἀπέσχετο,

1 702 2 772 ζ
84 698 326 793 εέπιχειρήσας
357 696 390 772 δ’
424 703 458 782 ές
488 698 630 790 Κύπρον
660 705 801 774 πλεῦσαι
832 709 988 776 ἔπταισεν
1016 700 1084 774 ὑπὸ

115 807 295 892 χειμῶνος,
321 803 377 872 καὶ
400 807 516 872 οίκοιδε
540 797 740 894 α’νεχύρησε.
790 805 846 874 καί
870 805 1026 894 πρέσβεις
1050 810 1085 876 ολ

107 903 259 993 Ῥωμαῖοι
283 899 437 1027 ιχολκελνος
461 901 724 976 ἆντεπέστελλον
746 902 898 994 ἀλλήλοις
924 902 1083 994 ἀντεγκα-

111 1008 267 1094 λούντες,
286 1001 379 1087 ὅπως
396 1005 568 1096 πρόφασίν
585 1033 622 1076 τε
638 1033 699 1075 τον
687 1007 864 1101 πολέμου
881 1004 1010 1095 λάβωσι
1028 1008 1083 1076 καλ
1210 1050 1213 1059 ‹

110 1103 203 1189 ὅπως
220 1105 261 1176 πολ
279 1103 358 1196 παρ’
379 1101 535 1232 ἀλλήλοις
553 1107 898 1196 προκατασκέψωνται.
1053 1173 1059 1184 ,

71 1245 100 1285 ιο
187 1207 269 1280 Ἀνν
270 1209 406 1296 ίβαςδὲ
427 1207 491 1299 τήν
514 1214 675 1298 μεγίστην
697 1236 765 1279 των
791 1233 881 1300 παρα
905 1193 1081 1299 Καρχηδο

111 1307 241 1392 νίοις’
222 1313 337 1400 αρχῶν
361 1307 524 1434 είληφύς,
555 1311 611 1380 καὶ
635 1308 886 1436 προσκρούσας
894 1305 954 1380 ἀπ’
979 1309 1083 1436 αὐτής

112 1427 183 1494 τοῖς
202 1407 463 1500 δυνατωτάτοις,
490 1409 634 1501 ἐμισήθη
656 1438 693 1482 τε
714 1407 777 1482 ὑπ’
796 1407 909 1482 αύτων
925 1413 981 1482 καί
1000 1410 1187 1503 πρὸςρχηχρ

111 1511 194 1594 τούς
207 1509 397 1683 Ῥωμαίουςἶ
404 1510 611 1640 διεβλήθη
588 1541 633 1596 ως
648 1511 692 1584 τύ
708 1541 745 1584 τε
757 1542 826 1584 των
839 1519 1083 1604 Καρχηδονίων

112 1617 319 1703 νεωτερίζων
340 1615 397 1684 καλ
420 1620 467 1708 τῷ
488 1611 646 1708 Ἀντιόχῳ
674 1611 977 1704 κοινολογούμενος.
1026 1617 1083 1686 καλ

70 1711 238 1806 ιεμαδύν
261 1742 354 1796 τινας
380 1718 426 1786 ἐκ.
446 1719 505 1806 τῆς
526 1710 650 1806 Ῥώμης
672 1713 857 1806 παρόντας,
887 1719 944 1787 καλ
969 1721 1083 1798 δείσας

112 1817 161 1907 μή
183 1822 384 1907 σνλληφθή,
412 1813 542 1910 ἀπέδρα
565 1817 685 1899 νυκτὸς
711 1820 747 1888 έκ
770 1823 828 1907 τῆς
851 1817 1081 1908 Καρχηδόνος.

112 1919 172 1990 καί
189 1915 272 2008 πρὸς
288 1917 347 1988 τὸν
366 1915 538 2008 Ἀντίοχον
562 1915 674 1990 έλδοδν
699 1919 807 2012 ἑαυτοῦ
823 1947 860 1990 τε
876 1919 938 2008 τὴν
956 1926 1003 2002 είς
1021 1919 1083 2008 τήν

114 2025 261 2111 πατρίδα
278 2017 430 2090 κάθοδον
447 2022 503 2090 καὶ
520 2018 579 2090 τὸν
596 2018 678 2112 πρὸς
695 2019 772 2100 τούς
787 2015 966 2110 Ῥωμαίους
983 2018 1081 2091 πόλε-

112 2148 181 2211 μον
203 2126 381 2210 ἔπραττεν,
411 2116 701 2245 ύπισχχούμενος
709 2123 827 2212 ἐκείνω
853 2117 1083 2210 περιποιήσειν

59 2255 100 2296 ,νο
111 2219 153 2292 τό
169 2247 206 2292 τε
218 2227 276 2310 τῆς
289 2219 446 2304 Ἑλλάδος
460 2219 579 2312 κράτος
592 2216 701 2292 καλ
665 2249 703 2290 το
716 2227 774 2311 τής
788 2189 890 2291 ’λταλί
888 2237 941 2301 ας
970 2223 1083 2344 μέχρις

111 2353 156 2396 ον
142 2313 318 2412 σφίσιν
302 2352 320 2394 ο
335 2317 522 2396 Σκιπίωνό
535 2319 735 2414 Ἀφρικανὸς
749 2323 955 2410 συνεγένετο
987 2311 1084 2404 οὗτος
1204 2405 1209 2408 ,

110 2423 178 2516 γὰρ
197 2423 388 2515 δικαστήςέ
387 2453 404 2506 ς
427 2423 490 2513 ’τὴν
507 2424 640 2514 Λιβύην
657 2425 826 2515 πεμφθείς
848 2428 895 2518 τῷ
918 2450 954 2494 τε
972 2432 1083 2495 Μασι-

111 2534 217 2618 νίσσα
234 2527 291 2596 καλ
308 2541 378 2608 τοῖς
395 2531 640 2618 Καρχηδονίοις
663 2523 784 2618 περὶ”
765 2553 855 2614 ορων
877 2529 938 2615 γῆς
963 2531 1082 2616 διαφε

112 2627 286 2754 ρομένοις,
317 2629 484 2717 μετέωρον
508 2625 570 2716 τήν
597 2633 724 2718 ἔχθραν
750 2618 864 2699 αύτεόν
894 2629 1117 2715 κατέλιπεν,Β
1185 2629 1186 2634 ’

70 2726 162 2802 κεῖν’
188 2723 344 2816 ολλλήλοις
367 2755 404 2800 τε
429 2731 641 2820 διαφέροιντο
658 2729 720 2798 καὶ
744 2731 862 2819 μηδείς
886 2725 1003 2800 αύτων
1026 2727 1083 2800 δια

112 2828 178 2919 τήν
201 2837 313 2920 κρίσιν
339 2829 422 2902 κατὰ
440 2827 609 2921 Ρωμαίων
634 2827 804 2918 ὀργίζοιτο.
859 2833 1021 2902 έντεύθεν
1048 2824 1082 2899 δ’

115 2937 165 3014 είς
182 2931 245 3020 τήν
258 2929 374 3004 Ἀσίαν
391 2932 506 3021 διέβη,
524 2929 613 3025 λόγῳ
626 2931 689 3021 μέν
703 2925 748 3013 ὥς
761 2928 983 3023 πρεσβεύσων
999 2927 1083 3020 πρὸς
1150 2944 1154 2953 “

113 3031 175 3104 τὸν
188 3030 376 3123 Ἀντίοχον,
401 3039 488 3128 ἔργῳ
506 3031 545 3104 δέ
561 3037 618 3102 ἵνα
640 3030 798 3104 κάκεῖνον
821 3028 953 3102 παλτὸν
971 3027 1084 3100 Ἀννί-

115 3140 183 3223 βαν
197 3135 371 3224 ἐπιφανεὶς
383 3131 575 3226 καταπλήξη
589 3136 644 3204 καὶ
656 3131 765 3224 πρύξη
780 3131 820 3204 τοὶ
832 3149 900 3214 τοῖς
909 3129 1085 3222 Ῥωμαίοις

74 3266 102 3308 το
116 3237 341 3328 συμφέροντα.
391 3233 597 3326 ολφικομένον
622 3233 652 3305 δ’
680 3232 784 3306 αὐτοῦ
807 3228 868 3324 οὐχ
890 3229 1012 3324 ὁμοίως
1035 3239 1087 3304 ἔτι

116 3352 294 3430 προσεῖχεν
317 3338 336 3408 ὁ
361 3333 525 3428 Ἀντίοχος
549 3341 596 3432 τῷ
617 3333 768 3430 Ἀννίβᾳ·
796 3332 997 3408 ύπύπτενσε
1019 3331 1083 3425 γὰρ

116 3438 221 3512 αὐτὸν
246 3435 291 3510 δι’
310 3437 510 3532 ἀπορρήτων
533 3436 738 3531 ὁμιλήσαντα
754 3441 802 3533 τῷ
814 3439 1004 3526 Σκιπίωνι,
1027 3435 1087 3505 καλ.
