2580 3816
424 213 735 269 fflmmw
965 214 1064 281 m?

6 403 7 406 =
104 351 278 442 Εὐβούλου
299 350 499 442 Ἀντιοχείας
525 359 763 444 προεχειρίσθη
782 357 978 437 ἐπίσκοπος·
1006 359 1064 427 καὶ

102 454 222 534 πάντας
248 453 286 523 δὲ
308 453 388 534 τοὺς
411 453 531 524 άδικον
555 452 743 546 ὑπερορίαν
765 453 977 538 ὑποστάντας
1009 460 1064 526 ἐπὶ

98 553 311 625 Ἀναστασίου
336 551 549 638 ὁἸουστῑνος
566 555 765 644 κατήγαγεν.
797 559 835 626 ἐν
851 571 922 639 τοίς
938 557 1061 635 τούτου

99 654 225 746 χρόνοις
242 654 347 744 άστήρ
368 655 476 745 ἐφάνη
496 656 639 746 κομήτης
665 659 702 726 ἐν
725 662 768 748 τῇ
786 655 948 749 άνατολή,
972 657 1061 729 κάτω
1082 683 1087 690 ·

76 753 154 837 οτάς
171 755 309 838 άκτίνας
325 751 446 846 άφιείς,
464 754 506 826 δν
520 764 703 845 πωγωνίαν
716 764 753 828 οί
763 765 1164 850 μετεωρολογοῦν-ρρῃιχς

99 860 148 938 τίς
165 878 264 946 φασι,
291 858 348 926 καί
372 855 606 940 όΒιταλιανός
632 859 868 950 ἐδολοφονήθη
885 857 975 952 παρά
994 865 1064 931 τοῖν

3 1029 4 1032 ,
99 966 297 1048 Βυζαντίων,
320 957 519 1048 μηνιάντων
543 957 637 1053 αὑτῷ
662 957 708 1042 τός
732 960 879 1042 πολλοὺς
896 958 1062 1050 άνελόντι,

98 1057 147 1130 ὅτ’
175 1060 339 1148 ἐπανέστη
363 1055 449 1130 κατάΙ
470 1059 701 1132 Ἀυαστασίου.
754 1066 789 1131 οἱ
819 1061 857 1132 δὲ
886 1061 1064 1151 προστάξει

97 1166 156 1230 τοὺ
185 1163 347 1248 βασιλέως
374 1158 561 1232 Ἰουστίνου
595 1163 652 1232 καί
683 1157 924 1233 Ἰονστινιανοὺ
958 1183 1081 1252 φασιν·

59 1282 86 1323 1⁰
98 1260 315 1352 άναιρεθήναι
340 1260 446 1332 αὑτόν
476 1265 514 1331 ἐν
542 1269 590 1356 τῷ
622 1271 801 1359 Παλατίῳ,
831 1264 976 1334 θέλοντα
1006 1267 1063 1334 καί

97 1361 200 1433 αότοὺ
224 1369 286 1432 τοὺ
309 1367 513 1454 κρατοῦντος
543 1360 735 1456 κατάρχειν·
767 1363 993 1456 στρατηλάτης
1024 1366 1063 1436 δὲ

95 1469 163 1534 τῶν
180 1463 438 1554 στρατευμάτων
451 1461 688 1547 Ἰουστινιανδς
706 1471 965 1557 προκεχείριστο.
986 1463 1057 1537 Ἰω-
1072 1481 1095 1532 Β

96 1565 200 1635 άννου
219 1564 257 1634 δὲ
274 1571 335 1635 τοὺ
352 1565 586 1639 Καππαδάκου
603 1566 783 1655 θανόντος,
803 1564 840 1648 ὃς
858 1565 1062 1658 πατριάρχης

93 1659 138 1754 ήν
161 1665 573 1756 Κωνσταντινουπόλεως,
597 1667 845 1760 κεχειροτόνητο
867 1665 1061 1756 Ἐπιφάνιος

1 1826 2 1831 ,
56 1787 82 1829 1⁵
94 1773 152 1854 τῆς
171 1769 346 1856 ἐκκλησίας
358 1767 481 1856 ταύτης
495 1767 734 1860 πρεσβύτερος·
755 1769 812 1838 καί
825 1767 988 1860 Ὀρμίσδα
1000 1775 1062 1839 τοῦ

94 1868 187 1937 πάπα
209 1866 334 1958 Ῥάμης
359 1867 601 1957 μετηλλαχότος
630 1867 668 1938 τό
692 1875 769 1959 ζήν,
796 1867 955 1958 Ἰωάννης
979 1866 1060 1951 τοὺς

92 1976 152 2056 τῆς
177 1971 353 2058 ἐκκλησίας
375 1967 546 2058 Ῥωμαίων
571 1970 738 2053 διεδέξατο
763 1981 888 2052 οἴακας.
937 1977 1061 2061 ἔχθρας

92 2071 131 2139 δὲ
150 2068 320 2159 Ῥωμαίοις
346 2068 431 2160 πρός
449 2071 584 2161 Πέρσας
607 2069 728 2158 οὑσης,
752 2065 771 2140 ό
794 2066 953 2158 βασιλεὺς
973 2069 1060 2140 'Iov-

92 2185 205 2252 στίνος
222 2171 307 2263 πρός
322 2170 384 2241 τόν
402 2174 489 2262 βήγα
513 2177 581 2240 τῶν
600 2169 746 2242 Οὕννων
765 2176 887 2240 ἔστειλε
905 2173 1060 2260 πρέσβεις
1136 2164 1141 2172 ¹

1 2349 2 2352 ρ
50 2293 78 2334 20
92 2272 149 2340 καὶ
168 2276 274 2362 δῶρα,
299 2278 495 2361 συμμαχίαν
512 2277 617 2341 αἰτῶν
633 2269 717 2341 κατά
734 2277 805 2340 τῶν
822 2275 983 2361 Περσῶν·
1002 2272 1059 2339 καί

1 2368 2 2390 ³
90 2370 128 2456 ὃς
147 2377 319 2444 συνέθετο.
343 2373 480 2442 καὶτοῦ
498 2375 643 2463 Περσων
660 2372 699 2442 δέ
716 2373 878 2458 βασιλέως
895 2370 1057 2442 Κουάδου
1103 2387 1107 2396 ’

91 2473 154 2555 τόν
171 2473 277 2544 αὑτόν
296 2477 384 2564 ῥήγα
397 2473 475 2562 περὶ
488 2481 680 2562 συμμαχίας
697 2471 911 2560 άξιάσαντος,
932 2475 1059 2553 ἐκεῖνος

88 2581 309 2663 συμμαχῆσαι
330 2572 423 2666 αὑτῷ
454 2577 688 2662 ἐπηγγείλατο·
723 2575 781 2643 καί
811 2571 946 2662 άπήλθε
975 2573 1060 2665 πρός

88 2676 233 2764 Πέρσας·
245 2674 330 2763 μετά
346 2679 443 2762 λαοῦ,
461 2673 544 2744 κατά
557 2671 728 2764 Ῥωμαίων
745 2673 1009 2764 ἀντιταξόμενος.
1041 2673 1060 2744 ὁ

44 2794 74 2836 25
87 2776 207 2864 μέντοι
229 2773 386 2862 βασιλεὺς
407 2770 587 2856 Ἰουστϊνος
616 2776 694 2866 περὶ
718 2776 854 2864 εἰρήνης
877 2783 1092 2864 πρεσβείαυο

87 2881 226 2955 στείλας
244 2873 329 2964 πρός
345 2874 405 2944 τόν
421 2881 491 2946 τοῖν
504 2881 650 2967 Περσῶν
667 2877 818 2964 βασιλέα,
831 2873 877 2964 μή
894 2873 1061 2945 πιστεύειν

84 2991 164 3058 τοῖς
185 2974 331 3058 Οὑννοις
355 2973 449 3070 αὑτῷ
474 2985 639 3069 ἔγραψεν,
665 2974 711 3057 άς
737 2974 860 3063 ὅρκους
882 2973 965 3064 μετά
980 2973 1060 3044 Ῥω-

82 3084 202 3166 μαίων
227 3078 305 3168 περὶ
329 3085 519 3167 συμμαχίας
545 3077 791 3166 ποιησαμένοις,
822 3076 880 3146 καὶ
909 3075 1061 3167 χρήματα

83 3184 235 3267 λαβοῦσι
256 3179 382 3265 πολλά,
405 3181 463 3247 καί
485 3179 704 3268 βουλομένοις
726 3181 916 3268 προδοῦναι
933 3174 1060 3256 αὑτοὺς

34 3300 67 3341 ³0
84 3282 137 3356 ἐν,
148 3281 297 3370 πολέμου
320 3285 438 3373 καιρῷ.
476 3277 494 3349 ό
514 3279 552 3349 δέ
570 3279 728 3368 Κουάδης
744 3277 806 3348 τόν
823 3281 912 3369 βήγα
929 3283 962 3347 εί
976 3276 1056 3367 χρή-

80 3409 180 3470 ματα
202 3379 294 3473 παρὰ
314 3377 485 3470 Ῥωμαίων
509 3389 647 3470 είληφεν
672 3376 789 3472 ήρετο·
819 3383 882 3448 τοῦ
900 3378 939 3448 δέ
956 3405 1060 3448 κατα-

79 3483 241 3571 θεμένου
265 3480 449 3570 άληθεὺειν
470 3480 531 3550 τόν
548 3479 733 3552 Ἰουστῑνον
755 3479 905 3584 ὑπέλαβε
920 3481 977 3549 καί
993 3477 1061 3551 αὑ-
