<?xml version="1.0" encoding="UTF-8"?>
<!DOCTYPE html PUBLIC "-//W3C//DTD XHTML 1.0 Transitional//EN"
    "http://www.w3.org/TR/xhtml1/DTD/xhtml1-transitional.dtd">
<html xmlns="http://www.w3.org/1999/xhtml" xml:lang="en" lang="en">
 <head>
  <title>
</title>
<meta http-equiv="Content-Type" content="text/html;charset=utf-8" />
  <meta name='ocr-system' content='tesseract 3.04.00' />
  <meta name='ocr-capabilities' content='ocr_page ocr_carea ocr_par ocr_line ocrx_word'/>
</head>
<body>
  <div class='ocr_page' id='page_1' title='image "./iannoutouznapae01canggoog_0312.png"; bbox 0 0 2558 3820; ppageno 0'>
   <div class='ocr_carea' id='block_1_1' title="bbox 429 179 1065 264">
    <p class='ocr_par' dir='ltr' id='par_1_1' title="bbox 429 179 1065 264">
     <span class='ocr_line' id='line_1_1' title="bbox 429 179 1065 264; baseline 0.025 -35"><span class='ocrx_word' id='word_1_1' title='bbox 429 179 759 238; x_wconf 79' lang='lat' dir='ltr'><strong>L113.1x.0AP.xlx.·</strong></span> <span class='ocrx_word' id='word_1_2' title='bbox 987 180 1065 264; x_wconf 59' lang='grc'>[305</span> 
     </span>
    </p>
   </div>
   <div class='ocr_carea' id='block_1_2' title="bbox 1 316 1096 3360">
    <p class='ocr_par' dir='ltr' id='par_1_2' title="bbox 1 316 1096 3360">
     <span class='ocr_line' id='line_1_2' title="bbox 91 316 1062 412; baseline -0.002 -20"><span class='ocrx_word' id='word_1_3' title='bbox 91 323 153 411; x_wconf 68' lang='grc' dir='ltr'><strong><em>μὲν</em></strong></span> <span class='ocrx_word' id='word_1_4' title='bbox 169 316 251 412; x_wconf 85' lang='grc' dir='ltr'><strong><em>μηδ’</em></strong></span> <span class='ocrx_word' id='word_1_5' title='bbox 272 317 458 407; x_wconf 78' lang='grc' dir='ltr'><strong><em>ἀποστῆναι</em></strong></span> <span class='ocrx_word' id='word_1_6' title='bbox 476 325 607 408; x_wconf 80' lang='grc' dir='ltr'><strong><em>ἔπεισε,</em></strong></span> <span class='ocrx_word' id='word_1_7' title='bbox 626 317 707 401; x_wconf 82' lang='grc' dir='ltr'><strong><em>τούς</em></strong></span> <span class='ocrx_word' id='word_1_8' title='bbox 723 321 760 390; x_wconf 81' lang='grc' dir='ltr'><strong><em>δδ</em></strong></span> <span class='ocrx_word' id='word_1_9' title='bbox 778 321 835 390; x_wconf 86' lang='grc' dir='ltr'><strong><em>καί</em></strong></span> <span class='ocrx_word' id='word_1_10' title='bbox 853 317 1062 402; x_wconf 78' lang='grc' dir='ltr'><strong><em>ἀποστάντας</em></strong></span> 
     </span>
     <span class='ocr_line' id='line_1_3' title="bbox 92 419 1061 514; baseline 0 -20"><span class='ocrx_word' id='word_1_11' title='bbox 92 421 156 512; x_wconf 85' lang='grc' dir='ltr'><strong><em>ήδη</em></strong></span> <span class='ocrx_word' id='word_1_12' title='bbox 182 421 382 512; x_wconf 78' lang='grc' dir='ltr'><em>μετέστησε,</em></span> <span class='ocrx_word' id='word_1_13' title='bbox 413 419 502 509; x_wconf 86' lang='grc' dir='ltr'><strong><em>πλήν</em></strong></span> <span class='ocrx_word' id='word_1_14' title='bbox 525 424 688 494; x_wconf 78' lang='grc' dir='ltr'><strong><em>Αἰτωλωυ</em></strong></span> <span class='ocrx_word' id='word_1_15' title='bbox 713 424 769 492; x_wconf 85' lang='grc' dir='ltr'><strong><em>καλ</em></strong></span> <span class='ocrx_word' id='word_1_16' title='bbox 797 425 920 514; x_wconf 82' lang='grc' dir='ltr'><strong><em>ἑτέρων</em></strong></span> <span class='ocrx_word' id='word_1_17' title='bbox 948 426 1061 494; x_wconf 75' lang='grc' dir='ltr'><strong><em>τινων.</em></strong></span> 
     </span>
     <span class='ocr_line' id='line_1_4' title="bbox 93 517 1063 617; baseline 0 -23"><span class='ocrx_word' id='word_1_18' title='bbox 93 522 191 594; x_wconf 80' lang='grc' dir='ltr'><strong><em>αὐτοί</em></strong></span> <span class='ocrx_word' id='word_1_19' title='bbox 205 551 241 594; x_wconf 89' lang='grc' dir='ltr'><strong><em>τε</em></strong></span> <span class='ocrx_word' id='word_1_20' title='bbox 260 521 326 614; x_wconf 82' lang='grc' dir='ltr'><strong><em>χεὶρ</em></strong></span> <span class='ocrx_word' id='word_1_21' title='bbox 344 527 390 617; x_wconf 78' lang='grc' dir='ltr'><strong><em>τῷ</em></strong></span> <span class='ocrx_word' id='word_1_22' title='bbox 406 517 562 617; x_wconf 75' lang='grc' dir='ltr'><strong><em>Ἀντιόχῳ</em></strong></span> <span class='ocrx_word' id='word_1_23' title='bbox 580 521 842 616; x_wconf 72' lang='grc' dir='ltr'><strong><em>προσεχώρησαν</em></strong></span> <span class='ocrx_word' id='word_1_24' title='bbox 866 525 922 594; x_wconf 81' lang='grc' dir='ltr'><strong><em>καὶ</em></strong></span> <span class='ocrx_word' id='word_1_25' title='bbox 941 519 1063 606; x_wconf 84' lang='grc' dir='ltr'><strong><em>ἀλλους</em></strong></span> 
     </span>
     <span class='ocr_line' id='line_1_5' title="bbox 90 621 1063 716; baseline 0 -20"><span class='ocrx_word' id='word_1_26' title='bbox 90 623 168 707; x_wconf 79' lang='grc' dir='ltr'><strong><em>τούς</em></strong></span> <span class='ocrx_word' id='word_1_27' title='bbox 186 625 250 716; x_wconf 70' lang='grc' dir='ltr'><strong><em>μὲν</em></strong></span> <span class='ocrx_word' id='word_1_28' title='bbox 268 621 404 706; x_wconf 82' lang='grc' dir='ltr'><strong><em>ἑκόντας</em></strong></span> <span class='ocrx_word' id='word_1_29' title='bbox 423 630 612 713; x_wconf 87' lang='grc' dir='ltr'><strong><em>συνίστων,</em></strong></span> <span class='ocrx_word' id='word_1_30' title='bbox 640 628 750 710; x_wconf 78' lang='grc' dir='ltr'><strong><em>ἐνίους</em></strong></span> <span class='ocrx_word' id='word_1_31' title='bbox 775 626 816 696; x_wconf 79' lang='grc' dir='ltr'><strong><em>δέ</em></strong></span> <span class='ocrx_word' id='word_1_32' title='bbox 830 654 868 714; x_wconf 82' lang='grc' dir='ltr'><strong><em>χε</em></strong></span> <span class='ocrx_word' id='word_1_33' title='bbox 891 627 947 695; x_wconf 88' lang='grc' dir='ltr'><strong><em>καί</em></strong></span> <span class='ocrx_word' id='word_1_34' title='bbox 966 621 1063 696; x_wconf 89' lang='grc' dir='ltr'><strong><em>ἀκον-</em></strong></span> 
     </span>
     <span class='ocr_line' id='line_1_6' title="bbox 64 723 1063 818; baseline -0.002 -19"><span class='ocrx_word' id='word_1_35' title='bbox 64 755 162 809; x_wconf 80' lang='grc' dir='ltr'><strong><em>ετας.</em></strong></span> <span class='ocrx_word' id='word_1_36' title='bbox 198 728 254 796; x_wconf 87' lang='grc' dir='ltr'><strong><em>καί</em></strong></span> <span class='ocrx_word' id='word_1_37' title='bbox 277 723 492 815; x_wconf 86' lang='grc' dir='ltr'><strong><em>ὁἈντίοχος,</em></strong></span> <span class='ocrx_word' id='word_1_38' title='bbox 516 732 623 797; x_wconf 88' lang='grc' dir='ltr'><strong><em>καίτοι</em></strong></span> <span class='ocrx_word' id='word_1_39' title='bbox 646 729 809 818; x_wconf 75' lang='grc' dir='ltr'><strong><em>χειμῶνος</em></strong></span> <span class='ocrx_word' id='word_1_40' title='bbox 833 723 947 817; x_wconf 81' lang='grc' dir='ltr'><strong><em>ὄντος,</em></strong></span> <span class='ocrx_word' id='word_1_41' title='bbox 973 723 1063 816; x_wconf 80' lang='grc' dir='ltr'><strong><em>ὅμως</em></strong></span> 
     </span>
     <span class='ocr_line' id='line_1_7' title="bbox 90 824 1064 920; baseline -0.001 -21"><span class='ocrx_word' id='word_1_42' title='bbox 90 825 176 920; x_wconf 86' lang='grc' dir='ltr'><strong><em>πρός</em></strong></span> <span class='ocrx_word' id='word_1_43' title='bbox 200 826 255 910; x_wconf 87' lang='grc' dir='ltr'><strong><em>τάς</em></strong></span> <span class='ocrx_word' id='word_1_44' title='bbox 280 833 349 898; x_wconf 80' lang='grc' dir='ltr'><strong><em>τεόν</em></strong></span> <span class='ocrx_word' id='word_1_45' title='bbox 367 830 530 899; x_wconf 75' lang='grc' dir='ltr'><strong><em>Αἰτωλάν</em></strong></span> <span class='ocrx_word' id='word_1_46' title='bbox 554 831 692 910; x_wconf 80' lang='grc' dir='ltr'><strong><em>ἐλπίδας</em></strong></span> <span class='ocrx_word' id='word_1_47' title='bbox 716 833 874 899; x_wconf 78' lang='grc' dir='ltr'><strong><em>ἔσπευσε·</em></strong></span> <span class='ocrx_word' id='word_1_48' title='bbox 903 824 957 898; x_wconf 87' lang='grc' dir='ltr'><strong><em>διό</em></strong></span> <span class='ocrx_word' id='word_1_49' title='bbox 981 827 1064 898; x_wconf 77' lang='grc' dir='ltr'><strong><em>οὐδὲ</em></strong></span> 
     </span>
     <span class='ocr_line' id='line_1_8' title="bbox 87 925 1064 1020; baseline 0.002 -20"><span class='ocrx_word' id='word_1_50' title='bbox 87 926 269 1020; x_wconf 85' lang='grc' dir='ltr'><strong><em>ἀξιόμαχον</em></strong></span> <span class='ocrx_word' id='word_1_51' title='bbox 301 926 441 1018; x_wconf 77' lang='grc' dir='ltr'><strong><em>ἐπήγετο</em></strong></span> <span class='ocrx_word' id='word_1_52' title='bbox 473 925 627 1018; x_wconf 78' lang='grc' dir='ltr'><strong><em>δύναμιν.</em></strong></span> <span class='ocrx_word' id='word_1_53' title='bbox 675 925 738 1017; x_wconf 85' lang='grc' dir='ltr'><strong><em>τήν</em></strong></span> <span class='ocrx_word' id='word_1_54' title='bbox 767 931 881 1020; x_wconf 78' lang='grc' dir='ltr'><strong><em>μέντοι</em></strong></span> <span class='ocrx_word' id='word_1_55' title='bbox 911 937 1064 1002; x_wconf 78' lang='grc' dir='ltr'><strong><em>Χαλκίδα</em></strong></span> 
     </span>
     <span class='ocr_line' id='line_1_9' title="bbox 86 1027 1064 1123; baseline -0.001 -21"><span class='ocrx_word' id='word_1_56' title='bbox 86 1030 161 1121; x_wconf 84' lang='grc' dir='ltr'><strong><em>μετ’</em></strong></span> <span class='ocrx_word' id='word_1_57' title='bbox 191 1029 305 1102; x_wconf 71' lang='grc' dir='ltr'><strong><em>αὐτῶν</em></strong></span> <span class='ocrx_word' id='word_1_58' title='bbox 331 1037 448 1119; x_wconf 77' lang='grc' dir='ltr'><strong><em>ἔλαβε,</em></strong></span> <span class='ocrx_word' id='word_1_59' title='bbox 479 1027 541 1120; x_wconf 86' lang='grc' dir='ltr'><strong><em>τήν</em></strong></span> <span class='ocrx_word' id='word_1_60' title='bbox 563 1058 600 1101; x_wconf 86' lang='grc' dir='ltr'><strong><em>τε</em></strong></span> <span class='ocrx_word' id='word_1_61' title='bbox 631 1027 738 1120; x_wconf 88' lang='grc' dir='ltr'><strong><em>ἀλλην</em></strong></span> <span class='ocrx_word' id='word_1_62' title='bbox 762 1028 914 1120; x_wconf 80' lang='grc' dir='ltr'><strong><em>Εὔβοιαν</em></strong></span> <span class='ocrx_word' id='word_1_63' title='bbox 944 1052 1064 1123; x_wconf 85' lang='grc' dir='ltr'><strong><em>προσε-</em></strong></span> 
     </span>
     <span class='ocr_line' id='line_1_10' title="bbox 87 1127 1073 1223; baseline -0.004 -17"><span class='ocrx_word' id='word_1_64' title='bbox 87 1130 261 1222; x_wconf 86' lang='grc' dir='ltr'><strong><em>ποιήσατο.</em></strong></span> <span class='ocrx_word' id='word_1_65' title='bbox 298 1131 354 1203; x_wconf 83' lang='grc' dir='ltr'><strong><em>καί</em></strong></span> <span class='ocrx_word' id='word_1_66' title='bbox 373 1136 410 1204; x_wconf 79' lang='grc' dir='ltr'><strong><em>ἐν</em></strong></span> <span class='ocrx_word' id='word_1_67' title='bbox 432 1147 503 1214; x_wconf 81' lang='grc' dir='ltr'><strong><em>τοϊς</em></strong></span> <span class='ocrx_word' id='word_1_68' title='bbox 526 1131 746 1222; x_wconf 76' lang='grc' dir='ltr'><strong><em>αἰχμαλώτοις</em></strong></span> <span class='ocrx_word' id='word_1_69' title='bbox 765 1127 947 1223; x_wconf 85' lang='grc' dir='ltr'><strong><em>Ῥωμαίους</em></strong></span> <span class='ocrx_word' id='word_1_70' title='bbox 970 1133 1073 1214; x_wconf 76' lang='grc' dir='ltr'><strong><em>τινάς</em></strong></span> 
     </span>
     <span class='ocr_line' id='line_1_11' title="bbox 50 1229 1064 1326; baseline -0.001 -19"><span class='ocrx_word' id='word_1_71' title='bbox 50 1269 75 1308; x_wconf 84' lang='grc' dir='ltr'><strong><em>ιο</em></strong></span> <span class='ocrx_word' id='word_1_72' title='bbox 90 1230 218 1326; x_wconf 72' lang='grc' dir='ltr'><strong><em>εὗρόν,</em></strong></span> <span class='ocrx_word' id='word_1_73' title='bbox 243 1233 370 1315; x_wconf 81' lang='grc' dir='ltr'><strong><em>πάντας</em></strong></span> <span class='ocrx_word' id='word_1_74' title='bbox 389 1229 512 1314; x_wconf 78' lang='grc' dir='ltr'><strong><em>αὐτοὺς</em></strong></span> <span class='ocrx_word' id='word_1_75' title='bbox 536 1229 653 1324; x_wconf 83' lang='grc' dir='ltr'><strong><em>ἀφήκε.</em></strong></span> <span class='ocrx_word' id='word_1_76' title='bbox 695 1237 752 1306; x_wconf 83' lang='grc' dir='ltr'><strong><em>καὶ</em></strong></span> <span class='ocrx_word' id='word_1_77' title='bbox 776 1237 808 1315; x_wconf 83' lang='grc' dir='ltr'><strong><em>ἐς</em></strong></span> <span class='ocrx_word' id='word_1_78' title='bbox 830 1231 893 1322; x_wconf 86' lang='grc' dir='ltr'><strong><em>τήν</em></strong></span> <span class='ocrx_word' id='word_1_79' title='bbox 911 1240 1064 1306; x_wconf 75' lang='grc' dir='ltr'><strong><em>Χαλκίδα</em></strong></span> 
     </span>
     <span class='ocr_line' id='line_1_12' title="bbox 89 1331 1064 1428; baseline 0 -22"><span class='ocrx_word' id='word_1_80' title='bbox 89 1342 317 1426; x_wconf 77' lang='grc' dir='ltr'><strong><em>διεχείμασεν</em></strong></span> <span class='ocrx_word' id='word_1_81' title='bbox 345 1334 429 1407; x_wconf 80' lang='grc' dir='ltr'><strong><em>ὅθεν</em></strong></span> <span class='ocrx_word' id='word_1_82' title='bbox 452 1331 553 1418; x_wconf 87' lang='grc' dir='ltr'><strong><em>αότός</em></strong></span> <span class='ocrx_word' id='word_1_83' title='bbox 575 1363 612 1406; x_wconf 85' lang='grc' dir='ltr'><strong><em>τε</em></strong></span> <span class='ocrx_word' id='word_1_84' title='bbox 633 1337 689 1406; x_wconf 76' lang='grc' dir='ltr'><strong><em>καί</em></strong></span> <span class='ocrx_word' id='word_1_85' title='bbox 713 1342 749 1407; x_wconf 88' lang='grc' dir='ltr'><strong><em>οί</em></strong></span> <span class='ocrx_word' id='word_1_86' title='bbox 769 1339 947 1428; x_wconf 79' lang='grc' dir='ltr'><strong><em>στρατηγοὶ</em></strong></span> <span class='ocrx_word' id='word_1_87' title='bbox 971 1342 1007 1407; x_wconf 86' lang='grc' dir='ltr'><strong><em>οί</em></strong></span> <span class='ocrx_word' id='word_1_88' title='bbox 1027 1364 1064 1406; x_wconf 86' lang='grc' dir='ltr'><strong><em>τε</em></strong></span> 
     </span>
     <span class='ocr_line' id='line_1_13' title="bbox 1 1433 1063 1531; baseline 0 -22"><span class='ocrx_word' id='word_1_89' title='bbox 1 1522 2 1527; x_wconf 12' lang='lat'>¹</span> <span class='ocrx_word' id='word_1_90' title='bbox 88 1441 289 1530; x_wconf 74' lang='grc' dir='ltr'><strong><em>στρατιῶται</em></strong></span> <span class='ocrx_word' id='word_1_91' title='bbox 307 1433 413 1508; x_wconf 78' lang='grc' dir='ltr'><strong><em>αὐτοῦ</em></strong></span> <span class='ocrx_word' id='word_1_92' title='bbox 430 1435 487 1520; x_wconf 82' lang='grc' dir='ltr'><strong><em>τάς</em></strong></span> <span class='ocrx_word' id='word_1_93' title='bbox 513 1433 648 1528; x_wconf 84' lang='grc' dir='ltr'><strong><em>χνοόμας</em></strong></span> <span class='ocrx_word' id='word_1_94' title='bbox 666 1435 980 1531; x_wconf 79' lang='grc' dir='ltr'><strong><em>προδιεφθάρησοιν.</em></strong></span> <span class='ocrx_word' id='word_1_95' title='bbox 1023 1445 1063 1529; x_wconf 75' lang='grc' dir='ltr'><strong><em>τῇ</em></strong></span> 
     </span>
     <span class='ocr_line' id='line_1_14' title="bbox 86 1536 1096 1632; baseline 0.005 -22"><span class='ocrx_word' id='word_1_96' title='bbox 86 1568 123 1610; x_wconf 91' lang='grc' dir='ltr'><strong><em>τε</em></strong></span> <span class='ocrx_word' id='word_1_97' title='bbox 140 1539 208 1630; x_wconf 80' lang='grc' dir='ltr'><strong><em>χάρ</em></strong></span> <span class='ocrx_word' id='word_1_98' title='bbox 225 1537 312 1630; x_wconf 87' lang='grc' dir='ltr'><strong><em>ἀλλη</em></strong></span> <span class='ocrx_word' id='word_1_99' title='bbox 338 1536 495 1631; x_wconf 71' lang='grc' dir='ltr'><strong><em>ῥᾳστώνη</em></strong></span> <span class='ocrx_word' id='word_1_100' title='bbox 519 1540 576 1610; x_wconf 82' lang='grc' dir='ltr'><strong><em>καὶ</em></strong></span> <span class='ocrx_word' id='word_1_101' title='bbox 604 1545 702 1632; x_wconf 82' lang='grc' dir='ltr'><strong><em>ἔρωτι</em></strong></span> <span class='ocrx_word' id='word_1_102' title='bbox 727 1537 828 1631; x_wconf 87' lang='grc' dir='ltr'><strong><em>κόρης</em></strong></span> <span class='ocrx_word' id='word_1_103' title='bbox 852 1537 941 1622; x_wconf 86' lang='grc' dir='ltr'><strong><em>τινός</em></strong></span> <span class='ocrx_word' id='word_1_104' title='bbox 966 1542 999 1622; x_wconf 79' lang='grc' dir='ltr'><strong><em>ἐς</em></strong></span> <span class='ocrx_word' id='word_1_105' title='bbox 1022 1538 1096 1615; x_wconf 87' lang='grc' dir='ltr'><strong><em>τὸΒ</em></strong></span> 
     </span>
     <span class='ocr_line' id='line_1_15' title="bbox 86 1636 1075 1735; baseline 0.002 -24"><span class='ocrx_word' id='word_1_106' title='bbox 86 1636 306 1735; x_wconf 75' lang='grc' dir='ltr'><strong><em>ἁβροδίαιτον</em></strong></span> <span class='ocrx_word' id='word_1_107' title='bbox 333 1639 502 1730; x_wconf 74' lang='grc' dir='ltr'><strong><em>ἐξώκειλε,</em></strong></span> <span class='ocrx_word' id='word_1_108' title='bbox 537 1641 593 1711; x_wconf 88' lang='grc' dir='ltr'><strong><em>καί</em></strong></span> <span class='ocrx_word' id='word_1_109' title='bbox 620 1641 697 1725; x_wconf 86' lang='grc' dir='ltr'><strong><em>τούς</em></strong></span> <span class='ocrx_word' id='word_1_110' title='bbox 721 1639 843 1724; x_wconf 87' lang='grc' dir='ltr'><strong><em>ἀλλους</em></strong></span> <span class='ocrx_word' id='word_1_111' title='bbox 873 1637 1075 1733; x_wconf 75' lang='grc' dir='ltr'><strong><em>ἀπολέμους</em></strong></span> 
     </span>
     <span class='ocr_line' id='line_1_16' title="bbox 48 1747 257 1832; baseline -0.014 -17"><span class='ocrx_word' id='word_1_112' title='bbox 48 1774 74 1815; x_wconf 82' lang='lat'><strong><em>15</em></strong></span> <span class='ocrx_word' id='word_1_113' title='bbox 89 1747 257 1832; x_wconf 77' lang='grc' dir='ltr'><strong><em>ἐποίησεν.</em></strong></span> 
     </span>
     <span class='ocr_line' id='line_1_17' title="bbox 172 1838 1060 1936; baseline 0.002 -20"><span class='ocrx_word' id='word_1_114' title='bbox 172 1850 218 1916; x_wconf 87' lang='grc' dir='ltr'><strong><em>Οί</em></strong></span> <span class='ocrx_word' id='word_1_115' title='bbox 232 1839 265 1914; x_wconf 88' lang='grc' dir='ltr'><strong><em>δ’</em></strong></span> <span class='ocrx_word' id='word_1_116' title='bbox 286 1847 322 1916; x_wconf 82' lang='grc' dir='ltr'><strong><em>ἰν</em></strong></span> <span class='ocrx_word' id='word_1_117' title='bbox 340 1849 380 1936; x_wconf 79' lang='grc' dir='ltr'><strong><em>τή</em></strong></span> <span class='ocrx_word' id='word_1_118' title='bbox 393 1838 519 1935; x_wconf 74' lang='grc' dir='ltr'><strong><em>Ῥώμη,</em></strong></span> <span class='ocrx_word' id='word_1_119' title='bbox 543 1843 710 1934; x_wconf 81' lang='grc' dir='ltr'><strong><em>μαθόντες</em></strong></span> <span class='ocrx_word' id='word_1_120' title='bbox 733 1843 836 1916; x_wconf 80' lang='grc' dir='ltr'><strong><em>αὐτόν</em></strong></span> <span class='ocrx_word' id='word_1_121' title='bbox 861 1848 893 1927; x_wconf 80' lang='grc' dir='ltr'><strong><em>ἐς</em></strong></span> <span class='ocrx_word' id='word_1_122' title='bbox 911 1843 972 1936; x_wconf 86' lang='grc' dir='ltr'><strong><em>τήν</em></strong></span> <span class='ocrx_word' id='word_1_123' title='bbox 990 1842 1060 1918; x_wconf 80' lang='grc' dir='ltr'><strong><em>Ἑλ·</em></strong></span> 
     </span>
     <span class='ocr_line' id='line_1_18' title="bbox 87 1942 1062 2038; baseline 0 -21"><span class='ocrx_word' id='word_1_124' title='bbox 87 1944 178 2017; x_wconf 86' lang='grc' dir='ltr'><strong><em>λάδα</em></strong></span> <span class='ocrx_word' id='word_1_125' title='bbox 195 1943 344 2036; x_wconf 84' lang='grc' dir='ltr'><strong><em>παρόντα</em></strong></span> <span class='ocrx_word' id='word_1_126' title='bbox 360 1942 424 2035; x_wconf 85' lang='grc' dir='ltr'><strong><em>τήν</em></strong></span> <span class='ocrx_word' id='word_1_127' title='bbox 437 1952 589 2017; x_wconf 87' lang='grc' dir='ltr'><strong><em>Χαλκίδα</em></strong></span> <span class='ocrx_word' id='word_1_128' title='bbox 606 1973 643 2016; x_wconf 82' lang='grc' dir='ltr'><strong><em>τε</em></strong></span> <span class='ocrx_word' id='word_1_129' title='bbox 659 1943 825 2038; x_wconf 78' lang='grc' dir='ltr'><strong><em>ᾑρηκότα,</em></strong></span> <span class='ocrx_word' id='word_1_130' title='bbox 843 1947 902 2017; x_wconf 84' lang='grc' dir='ltr'><strong><em>τόν</em></strong></span> <span class='ocrx_word' id='word_1_131' title='bbox 916 1945 1062 2038; x_wconf 88' lang='grc' dir='ltr'><strong><em>πόλεμον</em></strong></span> 
     </span>
     <span class='ocr_line' id='line_1_19' title="bbox 2 1959 1063 2174; baseline 0 -57"><span class='ocrx_word' id='word_1_132' title='bbox 2 1959 54 2174; x_wconf 50' lang='lat'><em>³</em></span> <span class='ocrx_word' id='word_1_133' title='bbox 87 2053 246 2138; x_wconf 76' lang='grc' dir='ltr'><strong><em>φανεράς</em></strong></span> <span class='ocrx_word' id='word_1_134' title='bbox 264 2045 454 2120; x_wconf 76' lang='grc' dir='ltr'><strong><em>ἀνείλοντο·</em></strong></span> <span class='ocrx_word' id='word_1_135' title='bbox 483 2050 625 2120; x_wconf 75' lang='grc' dir='ltr'><strong><em>καὶτῶν</em></strong></span> <span class='ocrx_word' id='word_1_136' title='bbox 647 2046 787 2118; x_wconf 82' lang='grc' dir='ltr'><strong><em>ὑπάτων</em></strong></span> <span class='ocrx_word' id='word_1_137' title='bbox 805 2043 982 2118; x_wconf 85' lang='grc' dir='ltr'><strong><em>Σκιπίωνα</em></strong></span> <span class='ocrx_word' id='word_1_138' title='bbox 1000 2043 1063 2137; x_wconf 75' lang='grc' dir='ltr'><strong><em>μὲν</em></strong></span> 
     </span>
     <span class='ocr_line' id='line_1_20' title="bbox 87 2144 1062 2240; baseline -0.003 -20"><span class='ocrx_word' id='word_1_139' title='bbox 87 2147 149 2221; x_wconf 86' lang='grc' dir='ltr'><strong><em>τόν</em></strong></span> <span class='ocrx_word' id='word_1_140' title='bbox 178 2151 337 2222; x_wconf 77' lang='grc' dir='ltr'><strong><em>Νασικᾶν</em></strong></span> <span class='ocrx_word' id='word_1_141' title='bbox 372 2151 427 2220; x_wconf 81' lang='grc' dir='ltr'><strong><em>ἐπὶ</em></strong></span> <span class='ocrx_word' id='word_1_142' title='bbox 461 2152 597 2240; x_wconf 80' lang='grc' dir='ltr'><strong><em>φυλακή</em></strong></span> <span class='ocrx_word' id='word_1_143' title='bbox 630 2153 688 2238; x_wconf 85' lang='grc' dir='ltr'><strong><em>τής</em></strong></span> <span class='ocrx_word' id='word_1_144' title='bbox 716 2144 855 2230; x_wconf 83' lang='grc' dir='ltr'><strong><em>Ἰταλίας</em></strong></span> <span class='ocrx_word' id='word_1_145' title='bbox 890 2149 1062 2238; x_wconf 81' lang='grc' dir='ltr'><strong><em>κατέσχον,</em></strong></span> 
     </span>
     <span class='ocr_line' id='line_1_21' title="bbox 48 2247 1063 2343; baseline -0.008 -16"><span class='ocrx_word' id='word_1_146' title='bbox 48 2276 74 2327; x_wconf 77' lang='grc' dir='ltr'><strong><em>’το</em></strong></span> <span class='ocrx_word' id='word_1_147' title='bbox 89 2249 229 2324; x_wconf 88' lang='grc' dir='ltr'><strong><em>Μάνιον</em></strong></span> <span class='ocrx_word' id='word_1_148' title='bbox 253 2252 296 2322; x_wconf 79' lang='grc' dir='ltr'><strong><em>δδ,</em></strong></span> <span class='ocrx_word' id='word_1_149' title='bbox 308 2257 509 2343; x_wconf 86' lang='grc' dir='ltr'><strong><em>Γλαβρίωνα</em></strong></span> <span class='ocrx_word' id='word_1_150' title='bbox 533 2247 615 2342; x_wconf 85' lang='grc' dir='ltr'><strong><em>μετά</em></strong></span> <span class='ocrx_word' id='word_1_151' title='bbox 638 2255 781 2342; x_wconf 84' lang='grc' dir='ltr'><strong><em>στρατοῦ</em></strong></span> <span class='ocrx_word' id='word_1_152' title='bbox 806 2254 933 2320; x_wconf 82' lang='grc' dir='ltr'><strong><em>πολλοῦ</em></strong></span> <span class='ocrx_word' id='word_1_153' title='bbox 952 2251 985 2330; x_wconf 76' lang='grc' dir='ltr'><strong><em>ἐς</em></strong></span> <span class='ocrx_word' id='word_1_154' title='bbox 1003 2247 1063 2338; x_wconf 87' lang='grc' dir='ltr'><strong><em>τήν</em></strong></span> 
     </span>
     <span class='ocr_line' id='line_1_22' title="bbox 3 2348 1062 2444; baseline -0.004 -18"><span class='ocrx_word' id='word_1_155' title='bbox 3 2387 8 2438; x_wconf 76' lang='grc'><strong>;</strong></span> <span class='ocrx_word' id='word_1_156' title='bbox 83 2350 228 2426; x_wconf 78' lang='grc' dir='ltr'><strong><em>Ἑλλάδα</em></strong></span> <span class='ocrx_word' id='word_1_157' title='bbox 242 2351 446 2444; x_wconf 87' lang='grc' dir='ltr'><strong><em>πεπόμφασι.</em></strong></span> <span class='ocrx_word' id='word_1_158' title='bbox 473 2351 561 2424; x_wconf 81' lang='grc' dir='ltr'><strong><em>καὶὸ</em></strong></span> <span class='ocrx_word' id='word_1_159' title='bbox 574 2353 636 2444; x_wconf 73' lang='grc' dir='ltr'><strong><em>μὲν</em></strong></span> <span class='ocrx_word' id='word_1_160' title='bbox 646 2357 800 2433; x_wconf 80' lang='grc' dir='ltr'><strong><em>Νασικᾶς</em></strong></span> <span class='ocrx_word' id='word_1_161' title='bbox 813 2348 890 2434; x_wconf 83' lang='grc' dir='ltr'><strong><em>τούς</em></strong></span> <span class='ocrx_word' id='word_1_162' title='bbox 900 2358 1062 2434; x_wconf 86' lang='grc' dir='ltr'><strong><em>Βοουίους</em></strong></span> 
     </span>
     <span class='ocr_line' id='line_1_23' title="bbox 2 2449 1062 2563; baseline -0.005 -35"><span class='ocrx_word' id='word_1_163' title='bbox 2 2457 16 2563; x_wconf 58' lang='grc' dir='ltr'><strong><em>ήΥ</em></strong></span> <span class='ocrx_word' id='word_1_164' title='bbox 87 2453 430 2547; x_wconf 78' lang='grc' dir='ltr'><strong><em>προσεπολεμοίσατο,</em></strong></span> <span class='ocrx_word' id='word_1_165' title='bbox 455 2449 471 2525; x_wconf 85' lang='grc' dir='ltr'><strong><em>δ</em></strong></span> <span class='ocrx_word' id='word_1_166' title='bbox 499 2455 537 2525; x_wconf 67' lang='grc' dir='ltr'><strong><em>δὲ</em></strong></span> <span class='ocrx_word' id='word_1_167' title='bbox 554 2462 734 2546; x_wconf 81' lang='grc' dir='ltr'><strong><em>Γλαβρίων</em></strong></span> <span class='ocrx_word' id='word_1_168' title='bbox 757 2451 816 2525; x_wconf 88' lang='grc' dir='ltr'><strong><em>τόν</em></strong></span> <span class='ocrx_word' id='word_1_169' title='bbox 834 2451 1006 2544; x_wconf 84' lang='grc' dir='ltr'><strong><em>Ἀντίοχον</em></strong></span> <span class='ocrx_word' id='word_1_170' title='bbox 1026 2458 1062 2526; x_wconf 84' lang='grc' dir='ltr'><strong><em>ἐκ</em></strong></span> 
     </span>
     <span class='ocr_line' id='line_1_24' title="bbox 4 2553 1063 2647; baseline -0.006 -13"><span class='ocrx_word' id='word_1_171' title='bbox 4 2573 9 2634; x_wconf 83' lang='grc' dir='ltr'><strong><em>λ</em></strong></span> <span class='ocrx_word' id='word_1_172' title='bbox 86 2565 147 2647; x_wconf 79' lang='grc' dir='ltr'><strong><em>τῆς</em></strong></span> <span class='ocrx_word' id='word_1_173' title='bbox 161 2553 320 2639; x_wconf 79' lang='grc' dir='ltr'><strong><em>Ἑλλάδος</em></strong></span> <span class='ocrx_word' id='word_1_174' title='bbox 340 2555 486 2647; x_wconf 81' lang='grc' dir='ltr'><strong><em>ἐξήλασε.</em></strong></span> <span class='ocrx_word' id='word_1_175' title='bbox 523 2559 579 2628; x_wconf 83' lang='grc' dir='ltr'><strong><em>καί</em></strong></span> <span class='ocrx_word' id='word_1_176' title='bbox 604 2561 637 2639; x_wconf 81' lang='grc' dir='ltr'><strong><em>ἐς</em></strong></span> <span class='ocrx_word' id='word_1_177' title='bbox 660 2556 724 2646; x_wconf 85' lang='grc' dir='ltr'><strong><em>τήν</em></strong></span> <span class='ocrx_word' id='word_1_178' title='bbox 742 2562 932 2628; x_wconf 81' lang='grc' dir='ltr'><strong><em>Θεσσαλίαν</em></strong></span> <span class='ocrx_word' id='word_1_179' title='bbox 951 2553 1063 2628; x_wconf 74' lang='grc' dir='ltr'><strong><em>ἐλθόν</em></strong></span> 
     </span>
     <span class='ocr_line' id='line_1_25' title="bbox 4 2655 1060 2750; baseline -0.001 -20"><span class='ocrx_word' id='word_1_180' title='bbox 4 2695 6 2700; x_wconf 88' lang='grc'><em>·</em></span> <span class='ocrx_word' id='word_1_181' title='bbox 88 2657 200 2730; x_wconf 82' lang='grc' dir='ltr'><strong><em>πολλά</em></strong></span> <span class='ocrx_word' id='word_1_182' title='bbox 217 2665 285 2730; x_wconf 76' lang='grc' dir='ltr'><strong><em>τῶν</em></strong></span> <span class='ocrx_word' id='word_1_183' title='bbox 302 2657 407 2750; x_wconf 86' lang='grc' dir='ltr'><strong><em>ταότη</em></strong></span> <span class='ocrx_word' id='word_1_184' title='bbox 432 2655 514 2750; x_wconf 82' lang='grc' dir='ltr'><strong><em>μετά</em></strong></span> <span class='ocrx_word' id='word_1_185' title='bbox 537 2661 597 2731; x_wconf 79' lang='grc' dir='ltr'><strong><em>τοῦ</em></strong></span> <span class='ocrx_word' id='word_1_186' title='bbox 619 2666 758 2747; x_wconf 87' lang='grc' dir='ltr'><strong><em>Βαιβίου</em></strong></span> <span class='ocrx_word' id='word_1_187' title='bbox 783 2661 838 2730; x_wconf 86' lang='grc' dir='ltr'><strong><em>καί</em></strong></span> <span class='ocrx_word' id='word_1_188' title='bbox 863 2661 924 2730; x_wconf 76' lang='grc' dir='ltr'><strong><em>του</em></strong></span> <span class='ocrx_word' id='word_1_189' title='bbox 943 2667 1060 2730; x_wconf 90' lang='grc' dir='ltr'><strong><em>Φιλίπ-</em></strong></span> 
     </span>
     <span class='ocr_line' id='line_1_26' title="bbox 49 2759 1061 2850; baseline -0.004 -15"><span class='ocrx_word' id='word_1_190' title='bbox 49 2795 75 2835; x_wconf 78' lang='grc' dir='ltr'><strong><em>ετ</em></strong></span> <span class='ocrx_word' id='word_1_191' title='bbox 87 2788 155 2832; x_wconf 83' lang='grc' dir='ltr'><strong><em>που</em></strong></span> <span class='ocrx_word' id='word_1_192' title='bbox 173 2759 413 2850; x_wconf 79' lang='grc' dir='ltr'><strong><em>παρεστήσατο.</em></strong></span> <span class='ocrx_word' id='word_1_193' title='bbox 446 2759 505 2832; x_wconf 86' lang='grc' dir='ltr'><strong><em>τόν</em></strong></span> <span class='ocrx_word' id='word_1_194' title='bbox 517 2789 554 2831; x_wconf 86' lang='grc' dir='ltr'><strong><em>τε</em></strong></span> <span class='ocrx_word' id='word_1_195' title='bbox 567 2760 630 2850; x_wconf 81' lang='grc' dir='ltr'><strong><em>γάρ</em></strong></span> <span class='ocrx_word' id='word_1_196' title='bbox 645 2769 927 2850; x_wconf 83' lang='grc' dir='ltr'><strong><em>Μεγαλοπολίτην</em></strong></span> <span class='ocrx_word' id='word_1_197' title='bbox 942 2769 1061 2831; x_wconf 87' lang='grc' dir='ltr'><strong><em>Φίλιπ-</em></strong></span> 
     </span>
     <span class='ocr_line' id='line_1_27' title="bbox 87 2858 1060 2954; baseline -0.004 -20"><span class='ocrx_word' id='word_1_198' title='bbox 87 2890 154 2934; x_wconf 91' lang='grc' dir='ltr'><strong><em>πον</em></strong></span> <span class='ocrx_word' id='word_1_199' title='bbox 173 2860 262 2932; x_wconf 59' lang='lat' dir='ltr'><strong><em>§mv</em></strong></span> <span class='ocrx_word' id='word_1_200' title='bbox 281 2869 328 2946; x_wconf 85' lang='grc' dir='ltr'><strong><em>εἰς</em></strong></span> <span class='ocrx_word' id='word_1_201' title='bbox 351 2862 413 2952; x_wconf 82' lang='grc' dir='ltr'><strong><em>τήν</em></strong></span> <span class='ocrx_word' id='word_1_202' title='bbox 431 2860 559 2954; x_wconf 78' lang='grc' dir='ltr'><strong><em>Ῥοόμην</em></strong></span> <span class='ocrx_word' id='word_1_203' title='bbox 582 2858 773 2951; x_wconf 78' lang='grc' dir='ltr'><strong><em>ἀπέστειλε,</em></strong></span> <span class='ocrx_word' id='word_1_204' title='bbox 798 2865 854 2932; x_wconf 87' lang='grc' dir='ltr'><strong><em>καί</em></strong></span> <span class='ocrx_word' id='word_1_205' title='bbox 878 2860 936 2932; x_wconf 90' lang='grc' dir='ltr'><strong><em>τόν</em></strong></span> <span class='ocrx_word' id='word_1_206' title='bbox 958 2858 1060 2950; x_wconf 84' lang='grc' dir='ltr'><strong><em>Ἀμό-</em></strong></span> 
     </span>
     <span class='ocr_line' id='line_1_28' title="bbox 87 2959 1094 3059; baseline -0.004 -25"><span class='ocrx_word' id='word_1_207' title='bbox 87 2971 238 3056; x_wconf 89' lang='grc' dir='ltr'><strong><em>νανδρον</em></strong></span> <span class='ocrx_word' id='word_1_208' title='bbox 256 2969 293 3035; x_wconf 81' lang='grc' dir='ltr'><strong><em>ἐκ</em></strong></span> <span class='ocrx_word' id='word_1_209' title='bbox 310 2969 369 3053; x_wconf 78' lang='grc' dir='ltr'><strong><em>τῆς</em></strong></span> <span class='ocrx_word' id='word_1_210' title='bbox 387 2963 488 3056; x_wconf 77' lang='grc' dir='ltr'><strong><em>ἀρχῆς</em></strong></span> <span class='ocrx_word' id='word_1_211' title='bbox 513 2963 665 3052; x_wconf 80' lang='grc' dir='ltr'><strong><em>ἐκβαλάν</em></strong></span> <span class='ocrx_word' id='word_1_212' title='bbox 689 2969 734 3059; x_wconf 78' lang='grc' dir='ltr'><strong><em>τῷ</em></strong></span> <span class='ocrx_word' id='word_1_213' title='bbox 754 2962 929 3035; x_wconf 89' lang='grc' dir='ltr'><strong><em>Μακεδόνι</em></strong></span> <span class='ocrx_word' id='word_1_214' title='bbox 954 2959 1094 3049; x_wconf 78' lang='grc' dir='ltr'><strong><em>αὐτήνο</em></strong></span> 
     </span>
     <span class='ocr_line' id='line_1_29' title="bbox 89 3072 226 3138; baseline 0 -2"><span class='ocrx_word' id='word_1_215' title='bbox 89 3072 226 3138; x_wconf 73' lang='grc' dir='ltr'><strong><em>ἔδωκεν.</em></strong></span> 
     </span>
     <span class='ocr_line' id='line_1_30' title="bbox 160 3161 1060 3259; baseline -0.001 -20"><span class='ocrx_word' id='word_1_216' title='bbox 160 3163 197 3239; x_wconf 84' lang='lat'><strong><em>‘0</em></strong></span> <span class='ocrx_word' id='word_1_217' title='bbox 221 3165 253 3238; x_wconf 82' lang='grc' dir='ltr'><strong><em>δ’</em></strong></span> <span class='ocrx_word' id='word_1_218' title='bbox 279 3165 443 3259; x_wconf 86' lang='grc' dir='ltr'><strong><em>Ἀντίοχος</em></strong></span> <span class='ocrx_word' id='word_1_219' title='bbox 468 3172 505 3239; x_wconf 79' lang='grc' dir='ltr'><strong><em>ἐν</em></strong></span> <span class='ocrx_word' id='word_1_220' title='bbox 528 3166 656 3252; x_wconf 80' lang='grc' dir='ltr'><strong><em>τούτοις</em></strong></span> <span class='ocrx_word' id='word_1_221' title='bbox 681 3166 825 3256; x_wconf 81' lang='grc' dir='ltr'><strong><em>ἡσυχίαν</em></strong></span> <span class='ocrx_word' id='word_1_222' title='bbox 849 3161 941 3254; x_wconf 85' lang='grc' dir='ltr'><strong><em>ἀγων</em></strong></span> <span class='ocrx_word' id='word_1_223' title='bbox 966 3167 1002 3236; x_wconf 77' lang='grc' dir='ltr'><strong><em>ἐν</em></strong></span> <span class='ocrx_word' id='word_1_224' title='bbox 1020 3169 1060 3256; x_wconf 81' lang='grc' dir='ltr'><strong><em>τῇ</em></strong></span> 
     </span>
     <span class='ocr_line' id='line_1_31' title="bbox 7 3265 1060 3360; baseline -0.002 -20"><span class='ocrx_word' id='word_1_225' title='bbox 7 3325 8 3328; x_wconf 21' lang='lat'>¹</span> <span class='ocrx_word' id='word_1_226' title='bbox 52 3275 235 3348; x_wconf 81' lang='grc' dir='ltr'><strong><em>ιοΧαλκίδι</em></strong></span> <span class='ocrx_word' id='word_1_227' title='bbox 261 3271 440 3360; x_wconf 81' lang='grc' dir='ltr'><strong><em>διέτριβεν·</em></strong></span> <span class='ocrx_word' id='word_1_228' title='bbox 470 3271 539 3340; x_wconf 79' lang='grc' dir='ltr'><strong><em>εἶτα</em></strong></span> <span class='ocrx_word' id='word_1_229' title='bbox 565 3277 612 3352; x_wconf 87' lang='grc' dir='ltr'><strong><em>εἰς</em></strong></span> <span class='ocrx_word' id='word_1_230' title='bbox 638 3269 700 3358; x_wconf 82' lang='grc' dir='ltr'><strong><em>τὴν</em></strong></span> <span class='ocrx_word' id='word_1_231' title='bbox 725 3273 889 3340; x_wconf 90' lang='grc' dir='ltr'><strong><em>Βοιωτίαν</em></strong></span> <span class='ocrx_word' id='word_1_232' title='bbox 915 3265 1060 3357; x_wconf 75' lang='grc' dir='ltr'><strong><em>ἐλήλυθε</em></strong></span> 
     </span>
    </p>
   </div>
   <div class='ocr_carea' id='block_1_3' title="bbox 9 3503 908 3645">
    <p class='ocr_par' dir='ltr' id='par_1_3' title="bbox 9 3503 908 3645">
     <span class='ocr_line' id='line_1_32' title="bbox 158 3503 618 3572; baseline -0.007 -15"><span class='ocrx_word' id='word_1_233' title='bbox 158 3508 191 3557; x_wconf 82' lang='lat'><strong><em>12</em></strong></span> <span class='ocrx_word' id='word_1_234' title='bbox 210 3503 290 3556; x_wconf 86' lang='lat' dir='ltr'>Conf.</span> <span class='ocrx_word' id='word_1_235' title='bbox 304 3505 401 3556; x_wconf 85' lang='lat' dir='ltr'>Dionis</span> <span class='ocrx_word' id='word_1_236' title='bbox 420 3505 518 3572; x_wconf 77' lang='lat' dir='ltr'>fragm.</span> <span class='ocrx_word' id='word_1_237' title='bbox 532 3503 574 3569; x_wconf 73' lang='lat'><strong><em>62,</em></strong></span> <span class='ocrx_word' id='word_1_238' title='bbox 595 3507 618 3555; x_wconf 91' lang='lat' dir='ltr'><strong><em>l.</em></strong></span> 
     </span>
     <span class='ocr_line' id='line_1_33' title="bbox 9 3581 908 3645; baseline 0.007 -6"><span class='ocrx_word' id='word_1_239' title='bbox 9 3623 10 3628; x_wconf 65' lang='lat'>,</span> <span class='ocrx_word' id='word_1_240' title='bbox 141 3603 268 3640; x_wconf 74' lang='lat' dir='ltr'>zomAs</span> <span class='ocrx_word' id='word_1_241' title='bbox 287 3605 320 3643; x_wconf 84' lang='lat'><strong><em>11.</em></strong></span> <span class='ocrx_word' id='word_1_242' title='bbox 865 3581 908 3645; x_wconf 76' lang='lat'><strong><em>20</em></strong></span> 
     </span>
    </p>
   </div>
   <div class='ocr_carea' id='block_1_4' title="bbox 0 0 1288 3820">
    <p class='ocr_par' dir='ltr' id='par_1_4' title="bbox 0 0 1288 3820">
     <span class='ocr_line' id='line_1_34' title="bbox 0 0 1288 3820; baseline 0 0"><span class='ocrx_word' id='word_1_243' title='bbox 0 0 1288 3820; x_wconf 95' lang='lat' dir='ltr'><strong><em> </em></strong></span> 
     </span>
    </p>
   </div>
  </div>
 </body>
</html>
