2566 3800
225 209 286 272 182
551 209 622 259 121ss.
642 209 693 259 111.
718 207 798 263 οΑΡ,
817 207 868 258 111.
1265 201 1277 284 ι

220 357 289 418 τών
307 349 462 437 πύργους
488 343 543 435 ἐφ’
566 347 703 436 έκάτερα
721 346 810 417 πολύ
836 348 1042 437 προέχοντας
1060 353 1191 438 ἔφερον.

221 460 322 521 πλοῖα
347 447 381 518 δ’
401 441 490 536 ήσαν
513 464 583 532 τοῖς
611 457 804 533 Βυζαντίοις
830 447 1049 535 πεντακόσια,
1072 447 1112 516 τδ
1131 448 1193 537 μὲν
1270 443 1277 536 Ῐ

221 561 360 622 πλεῖστα
383 550 532 642 μονήρη,
560 548 686 620 ἔστιδ’
714 547 736 619 ἀ
760 552 817 620 καὶ
841 557 995 640 δίκροτα,
1027 557 1087 618 καί
1107 571 1193 619 τισιν

181 652 337 726 -οαύτών
360 653 416 721 καὶ
442 655 478 722 έκ
502 657 560 741 τής
586 651 723 744 πρςόρας
747 652 803 720 καὶ
822 655 859 722 έκ
876 656 935 740 τῆς
952 649 1108 742 πρύμνης
1127 676 1193 739 πη-
1275 655 1277 664 ⁴

221 755 320 825 δάλια
342 753 484 843 ήσκητο,
508 755 565 822 καλ
589 751 798 841 κυβερνήτας
824 752 950 835 ναύτας
980 780 1016 822 τε
1047 745 1215 834 διπλούς5

221 855 324 946 εἶχον,
344 853 443 936 Ἰὅπως
466 855 523 923 καὶ
550 855 727 924 έπιπλέωσι
749 855 806 923 καὶ
824 850 1026 945 ἀναχωρώσι
1043 853 1089 943 μή
1108 849 1193 923 ἀνα-

221 957 440 1047 στρεφόμενοι
465 958 521 1025 καὶ
545 955 625 1037 τούς
650 959 826 1037 ἐναντίους
847 952 945 1026 ἔν’τε
962 961 1010 1049 τῷ
1029 955 1208 1049 πρόσπλῳ

219 1061 337 1151 καὶτῷ
351 1054 495 1150 ἀπόπλῳ
509 1052 625 1128 αύτών
635 1053 838 1144 σφάλλωσι.”
865 1055 950 1146 πρός
963 1055 1094 1138 τούτοις
1111 1058 1195 1126 έπά-

219 1187 272 1248 χει
291 1157 309 1229 5
325 1166 423 1231 Δίων
448 1151 495 1242 ἀς
520 1157 600 1229 ἑπτά
619 1155 685 1228 ἀπό
705 1165 774 1228 τών
789 1165 949 1250 Θρᾳκίων
967 1165 1087 1228 πυλών
1103 1159 1192 1247 πύρ-

220 1289 273 1350 γοι
290 1260 534 1348 καθεστηκότες
553 1259 638 1350 πρός
655 1257 718 1348 τήν
734 1259 915 1330 θάλασσαυ
933 1251 1038 1348 ήσαυ·
1063 1259 1195 1330 τούτων
1208 1281 1230 1320 ¹⁰

221 1361 255 1434 δ’
276 1370 307 1433 εί
323 1364 386 1452 μέν
406 1390 456 1442 τις
476 1359 568 1454 ἀλλῳ
585 1389 632 1454 τῳ
650 1363 860 1452 προσέμιξεν,
878 1361 1006 1450 ἥσυχος
1023 1353 1080 1450 ήν·
1106 1367 1140 1430 ελ
1156 1362 1195 1431 δέ

221 1465 264 1552 δή
283 1471 332 1558 τῷ
352 1462 474 1556 πρώτῳ
492 1490 522 1531 τι
540 1461 719 1550 ἐνεβόησεν
732 1459 754 1550 ή
769 1463 826 1534 καὶ
840 1469 941 1533 λίθου
955 1464 1196 1553 προσέρριψεν,
1276 1515 1277 1548 ,

221 1561 323 1646 αύτός
348 1593 384 1635 τε
408 1562 516 1634 έλάλει
541 1569 579 1633 έκ
603 1589 692 1644 τινος
715 1569 867 1654 μηχανῆς
893 1553 949 1634 καί
972 1571 1019 1658 τῳ
1045 1565 1196 1658 δευτέρῳ
1275 1551 1277 1596 ⁴

220 1667 258 1736 τδ
286 1665 374 1736 αύτδ
400 1669 586 1756 παρεδίδου
605 1680 733 1751 ποιεῖν,
765 1667 822 1734 καλ
852 1663 949 1746 οὕτωΙ
969 1662 1025 1735 διά
1056 1665 1197 1736 πόντων
1276 1661 1277 1664 “

152 1821 154 1827 .
221 1763 344 1856 ὁμοίως
363 1766 490 1856 ἐχώρει,
509 1762 592 1835 οὐδὲ
611 1765 834 1856 ἐπετάραττον
858 1762 1039 1856 ἀλλήλους,
1057 1763 1134 1835 ἀλλ’
1157 1770 1193 1836 έν
1208 1785 1230 1826 1⁵

220 1873 267 1960 τῷ
292 1868 385 1958 μέρει
410 1865 534 1948 πάντες
559 1866 649 1957 παρά
667 1873 729 1937 τοῦ
747 1867 813 1956 πρό
833 1863 943 1938 αύτού
962 1863 980 1938 ὁ
1001 1869 1113 1960 ἕτερος
1132 1868 1195 1957 τήν

119 1974 269 2037 W1118n
282 1967 402 2058 φωνήν
416 1969 472 2038 καὶ
490 1967 552 2057 τήν
570 1966 657 2058 ήχήν
672 1969 871 2059 διεδέχοντο.
896 1969 1032 2058 τοιαύτη
1049 1969 1113 2058 μἐν
1132 1963 1198 2039 ούν

183 2043 208 2094 D
222 2075 283 2140 τοῦ
302 2079 487 2155 Βυζαντίου
515 2069 618 2140 πάλαι
641 2068 661 2158 ή
689 2069 783 2152 πόλις
803 2072 1002 2160 ἐτύγχανεν·
1027 2068 1045 2140 5
1063 2071 1103 2140 δὲ
1122 2066 1197 2141 ἀοί-

222 2177 317 2261 διμος
341 2181 600 2254 Κωνσταυτίνος
627 2179 884 2242 πολλαπλασίαν
909 2171 1017 2262 αότήν
1043 2171 1196 2260 ἐξειργό-

221 2297 313 2345 σατο.
350 2277 406 2344 καὶ
430 2275 508 2344 ναοὶ
535 2274 573 2344 δδ
598 2268 747 2364 έναύτή
773 2269 868 2365 παρἸ
887 2272 995 2344 αότού
1025 2271 1195 2362 καθιδρύ·
1209 2293 1233 2333 ²⁰

221 2386 335 2463 θησαν
359 2377 416 2444 καὶ
450 2373 558 2444 πολλά
584 2373 670 2463 πρός
695 2373 823 2463 κόσμον
848 2375 971 2464 ταύτης
1002 2375 1198 2463 γεγόνασιν.

224 2478 280 2544 ἐπὶ
299 2481 380 2546 πάσι
399 2477 511 2544 δὲκαὶ
529 2469 547 2544 5
568 2471 772 2565 κυκλοτερὴς
790 2473 907 2547 κίωνὸ
923 2481 1137 2567 πορφυροῦς,
1157 2472 1200 2546 δν

223 2579 258 2643 ἐκ
278 2570 417 2664 Ῥώμης,
442 2570 488 2656 ώς
513 2575 625 2662 λόγος,
651 2577 857 2665 κομισθέντα
874 2575 957 2648 κατὰ
974 2575 1038 2666 τήν
1063 2574 1201 2673 ἀγοράν
1275 2567 1277 2612 ³

222 2674 423 2766 έστησεν,ή
455 2677 678 2767 κατέστρωται
709 2685 858 2761 λιθίναις
889 2682 1023 2766 πλαξίν,
1054 2677 1118 2767 ἀφ’
1149 2671 1202 2748 &v

222 2776 409 2848 Πλακωτόν
433 2775 711 2869 παρωνόμασται,
742 2780 799 2848 καὶ
832 2777 885 2850 ἐπ’
911 2779 1020 2852 αότού
1050 2780 1202 2870 χάλκεου
1215 2800 1240 2840 ¹⁵

222 2881 402 2966 ένίδρυσεν
415 2877 562 2970 ἀμαλμα,
576 2886 697 2970 θαύμα
717 2881 851 2951 ἰδέσθαι
869 2883 925 2952 διά
942 2909 978 2952 τε
995 2881 1059 2971 τήν
1073 2883 1206 2971 τέχνην

222 2980 278 3050 διά
303 3009 339 3050 τε
356 2978 394 3052 τό
412 2983 566 3071 μέγεθος.
602 2980 640 3052 τό
665 2981 729 3070 μὲν
752 2981 817 3074 γάρ
841 2983 1009 3074 πελώριον
1026 2976 1089 3072 ήν,
1115 2981 1205 3070 ήδὲ

221 3081 396 3170 ἀκρίβειαν
414 3085 550 3154 έδείκνυ
569 3081 678 3172 χειρός
692 3082 832 3174 ἀρχαίας
845 3091 968 3176 μικροῦ
982 3085 1207 3173 πλαττούσης

5 3273 6 3280 χ
220 3184 277 3252 καὶ
296 3189 439 3271 ἔμπνοα·
460 3185 589 3272 λέγεται
609 3185 647 3254 δέ
664 3190 726 3254 τού
743 3183 954 3268 ’Λπόλλωνος
966 3185 1052 3256 εἶναι
1067 3185 1207 3274 στήλην

5 3291 6 3300 ’
126 3279 257 3349 pust&
276 3281 420 3372 ἀγαλμα,
439 3287 495 3353 καὶ
512 3291 754 3376 μετενεχθῆναι
772 3285 838 3357 ἀπό
857 3295 915 3377 τῆς
935 3291 973 3358 έν
990 3294 1033 3378 τῇ
1053 3295 1205 3380 Φρυγίῳ
1222 3307 1247 3356 3ο

185 3357 208 3403 A
219 3379 346 3462 πόλεως
363 3389 424 3452 τού
440 3379 551 3456 Ἰλίου.
582 3383 600 3456 ὁ
620 3387 657 3456 δέ
673 3387 846 3470 θειότατος
864 3387 1081 3482 αύτοκράτωρ
1101 3392 1207 3460 έκεῖ-

218 3501 277 3552 νος
295 3485 343 3557 είς
361 3489 489 3552 οίκελον
507 3485 615 3574 ὄνομα
632 3487 669 3556 τό
680 3487 823 3578 Υἀχαλμα
842 3497 970 3580 ἔστησε,
994 3497 1038 3581 τῇ
1056 3497 1206 3582 κεφαλῇ
