2580 3816
212 197 275 261 292
519 197 589 248 τιν.
602 197 674 250 xlv.
695 195 772 250 σεο,
786 196 850 250 xu.

212 345 360 425 γίνεται,
386 332 546 406 κάκεῖθεν
571 339 738 424 ἐπανῆκεν
756 342 805 416 είς
823 334 860 405 τό
878 335 1071 419 Βυζάντιον.
1108 338 1183 406 ἐτέ-

213 449 281 528 χδη
305 438 343 508 δὲ
366 441 414 530 τῷ
433 443 615 532 Μαυρικίῳ
639 437 732 525 υίός,
756 434 798 507 δν
817 435 972 526 άνόμασε
990 436 1184 508 Θεοδόσιον.

207 537 417 620 ’Φιλιππικάς
435 539 473 608 δέ
491 540 547 608 καὶ
561 537 665 608 πάλιν
675 537 759 608 κατά
773 543 920 627 Περσων
935 537 1183 629 ἐξεστράτευσε,

110 642 285 712 νιΙιΙωκαὶ
302 639 340 710 τό
360 640 438 730 περὶ
462 637 570 710 αότόν
595 638 829 729 στρατιωτικόν
851 636 1025 728 ήράτησεν
1049 645 1082 710 ελ
1097 639 1185 728 πρό-

214 753 320 832 θυμοι
332 755 403 822 τοῖς
417 743 563 832 Πέρσαις
577 739 646 810 εἷεν
659 741 877 830 μαχέσασθαι.
897 745 933 810 oc
946 740 986 810 δὲ
998 741 1055 816 καὶ
1071 739 1211 830 όρκοιςο

215 843 253 914 τό
281 842 463 934 πρόθυμον
486 841 601 912 αὐτόν
625 845 812 931 ἐβεβαίουν.
849 839 894 922 άς
912 833 978 910 οὖν
995 842 1186 929 συνέβαλον

203 937 285 1026 Ιτοῖς
301 947 476 1032 ἐναντίοις,
495 943 590 1034 μέχρι
607 945 670 1034 μίν
682 971 773 1024 τινος
786 940 942 1031 ἀντεῖχον
955 947 990 1012 ot
1000 939 1183 1034 βάρβαροι·

216 1047 287 1116 ἐπεὶ
311 1045 350 1114 δὲ
373 1043 453 1126 τοός
479 1048 604 1126 ἵππους
631 1045 788 1134 πλήττειν
811 1041 927 1114 αὐτόν
951 1041 970 1113 ό
1001 1044 1186 1132 στρατηγός

215 1162 287 1228 τοῖς
314 1152 449 1228 οίκείοις
466 1146 748 1237 παρεκελεύσατο,
772 1146 831 1214 καὶ
846 1145 966 1216 πολλοί
982 1151 1052 1214 τῶν
1070 1150 1186 1215 ἳππων
1288 1163 1289 1166 ’

182 1247 439 1337 Βπληττόμενοι
463 1253 620 1336 ἔπιπτον,
645 1247 770 1338 ἐτράπη
793 1245 830 1316 τό
850 1245 1036 1335 Περσικόν,
1061 1247 1120 1314 καὶ
1142 1247 1184 1317 τό
1198 1269 1225 1308 10
1288 1261 1289 1264 ’

215 1349 277 1440 μὲν
301 1349 421 1437 ἥττητο
442 1354 607 1440 κραταιός
629 1349 687 1417 καὶ
717 1346 804 1417 πολό
833 1347 957 1416 τούτου
987 1349 1087 1438 μέρος
1112 1351 1184 1416 διέ-

216 1463 371 1542 φδαρτο·’
383 1454 419 1519 οί
431 1447 585 1539 Ῥωμαῖοι
601 1449 640 1518 δὲ
649 1453 809 1540 λαμπράς
823 1445 1017 1536 νενικήκασι
1029 1449 1184 1530 κατίζων-

215 1579 274 1634 τας
297 1557 367 1621 τῶν
384 1557 554 1640 πολεμίων
578 1551 657 1642 περὶ
674 1555 859 1639 δισχιλίους
877 1549 1075 1637 συνέλαβον.
1103 1545 1183 1636 Ὁρ-

216 1658 339 1743 μίσδας
369 1651 407 1722 δέ
425 1650 443 1720 ὁ
461 1658 531 1722 τῶν
548 1657 694 1744 Περσῶν
711 1649 857 1742 άρχηγός
874 1648 993 1741 Βαράμ
1016 1675 1186 1740 προχειρι-

218 1753 360 1842 σάμενος
385 1752 571 1840 στρατηγόν
596 1759 781 1842 συμβαλεῖν
801 1750 972 1840 Ῥωμαίοις
999 1751 1186 1822 ἐκέλευσεν.
1201 1772 1226 1814 1⁵

217 1853 235 1923 ὁ
261 1853 299 1922 δὲ
317 1852 502 1942 συμβαλών
526 1851 727 1942 ήττάται·,δ
750 1851 855 1940 γνοός
869 1850 1048 1944 Ὁρμίσδας
1065 1879 1188 1939 γυναι-

218 1961 314 2024 κείαν
346 1956 472 2042 έσδήτα
508 1956 635 2024 στέλλει
673 1953 767 2047 αὐτῷ
803 1954 861 2022 καὶ
889 1952 954 2042 τήν
983 1961 1189 2044 στρατηγίαν

218 2051 376 2144 ἀφείλετο
399 2055 457 2125 καὶ
480 2059 528 2150 τῷ
552 2049 796 2150 ὑποστρατήγῳ
828 2051 936 2124 αὐτοῦ
967 2052 1022 2124 διά
1053 2062 1191 2146 γραφῆς

220 2160 404 2227 ἐνετείλατο
428 2155 489 2254 τόν
507 2156 626 2248 Βαράμ
650 2155 795 2226 άνελείν.
828 2153 851 2226 Ιὁ
877 2155 916 2224 δὲ
940 2149 976 2224 οἷ
995 2161 1104 2226 κακοῦ
1126 2158 1187 2243 γέ-

219 2259 324 2346 γονεν’
347 2259 525 2347 ἐννοήσας,
551 2257 729 2350 γράμματα
755 2255 800 2338 ὡς
824 2259 856 2340 ἐξ
883 2253 1067 2346 Ὁρμίσδου
1095 2255 1188 2350 αὐτῷ
1204 2278 1231 2318 2⁰

220 2361 382 2430 σταλέντα
401 2360 584 2447 ἐπλάσατο,
610 2357 717 2449 ὀργήν
736 2361 942 2447 ἐμφαίνοντα
959 2355 1043 2427 κατά
1062 2357 1192 2440 παντός

220 2467 281 2530 τοῦ
297 2459 554 2549 στρατεύματος,
568 2461 624 2528 καὶ
637 2465 866 2549 συναθροίσας
880 2456 962 2528 αὐτό
980 2457 1023 2527 τά
1035 2486 1071 2528 τε
1084 2459 1192 2548 γράμ-

119 2583 214 2701 Plu}
223 2587 311 2650 ματα
325 2565 373 2640 είς
392 2559 535 2648 ἐπήκοον
550 2557 818 2649 ’ἀναγνωσθῆναι
830 2565 992 2648 πεποίηκε
1010 2561 1068 2630 καὶ
1089 2557 1194 2641 αὐτὸς

286 2761 303 2811 2
321 2757 450 2808 Annaeo
469 2756 500 2811 O.
514 2757 546 2807 B.
557 2757 663 2810 nasius
681 2757 826 2824 aseripnitz
845 2757 899 2822 „In
917 2757 978 2808 cod.
993 2772 1096 2822 graeco
1108 2757 1195 2808 Vati·

221 2842 291 2878 cano
305 2827 353 2877 152
366 2823 399 2888 de
412 2825 494 2876 istius
507 2823 558 2874 filii
569 2825 720 2876 nativitate
737 2825 808 2876 haee
819 2824 956 2890 Anonymi
972 2829 1124 2876 narrantur
1144 2824 1196 2879 fol.

221 2897 269 2946 141
288 2898 374 2958 recto,
393 2893 487 2944 nescio
506 2908 541 2942 an
555 2896 583 2942 et
601 2889 713 2944 aliunde
725 2897 806 2944 notat
827 2889 1035 2944 Κωνσταντίνα
1046 2885 1065 2958 ἡ
1078 2885 1196 2958 γαμετή

220 2960 391 3026 Μαυρικίου
408 2952 561 3026 ἐγέννησεν
580 2952 654 3022 υίόν,
671 2949 707 3014 δν
722 2952 738 3011 δ
752 2958 919 3026 Μαυρίκιος
937 2951 1104 3025 ἐπωνόμασε
1122 2957 1200 3012 Θεο-

221 3026 335 3096 δόσιον,
354 3023 391 3088 ὥς
402 3021 583 3092 πρωτότοκον
597 3017 689 3079 αὐτοῦ
702 3021 775 3079 υίόν.
799 3028 855 3079 τῶν
868 3013 921 3079 οὖν
933 3017 1059 3092 βενὲτων
1071 3043 1087 3078 κ
1105 3017 1201 3089 αζόν-

220 3114 276 3148 των
291 3088 500 3148 Ἰουστινιανόν
516 3095 674 3146 καλεῖσθαι
691 3089 722 3145 οἷ
740 3087 874 3160 πράσινοι
894 3084 964 3159 ἐκρα
981 3111 1015 3146 ον
1032 3043 1202 3146 Θεοδόσιον

221 3155 312 3216 αὐτόν
323 3162 479 3218 καλεῖσθαι
492 3155 543 3214 διά
555 3157 587 3214 τό
599 3157 757 3215 Θεοδόσιον
768 3155 818 3214 τόν
850 3153 952 3214 ασιλέα
964 3158 1135 3240 ορθόδοξομ
1146 3177 1204 3226 γε·

221 3223 339 3310 νέσδοηι,
353 3227 405 3282 καὶ
416 3224 509 3282 πολλοὶ
520 3225 549 3281 έτ
581 3228 677 3296 ζήσαι·
692 3219 817 3296 ἤρξαντο
840 3231 869 3280 in
883 3245 976 3296 apogr.
990 3229 1089 3280 Ηειεὶί
1102 3227 1204 3294 ηξαν·

222 3295 264 3360 το]
287 3312 341 3348 ουν
358 3291 388 3350 οί
403 3291 516 3361 βένετοι
534 3247 629 3361 λέγειν
645 3288 749 3366 οὕτως·
774 3298 821 3348 TA
842 3295 1088 3350 ΔΩΡΗΘΕΝΤΑ
1105 3295 1206 3350 ΕΤΗ

225 3361 293 3411 Tac
308 3357 603 3418 ἸΟΤΣΤΙΝΙΑΝΩι
619 3357 636 3415 ὁ
653 3359 731 3425 neae,
750 3364 946 3416 ΠΑΡΑΣΧΗι
963 3362 1038 3418 ΣΟΙ
1055 3361 1113 3416 ΕΝ
1137 3364 1206 3416 ΕΙ-

170 3499 172 3502 .
224 3427 359 3482 ΡΗΝΗι.
384 3423 429 3482 ότι
452 3427 524 3482 εἰσιν
548 3424 578 3480 ‘1'
595 3425 644 3498 έτη
661 3429 712 3483 καλ
728 3431 833 3500 πλείωἸ
857 3433 964 3484 Eadem
982 3432 1113 3500 leguntur
1133 3433 1205 3483 cod.

222 3490 287 3540 Vnt.
306 3495 420 3549 977101.
440 3500 490 3549 184
507 3497 614 3549 verso.“
